[
  {
    "id": "cenovis-vitamin-c-250mg",
    "brand": "Cenovis",
    "name": "Vitamin C 250mg Tablets",
    "imageUrl": "https://shop.coles.com.au/wcsstore/Coles-CAS/images/2/5/5/2556213-th.jpg",
    "categories": ["winter", "healthy-living"],
    "tags": ["cold-and-flu", "cold-flu-vitamins"],
    "locations": {
      "vic": {
        "price": 5.25,
        "promoText": "$5.25 ",
        "packageSize": "150 pack",
        "packagePrice": "$0.04 per 1Ea"
      }
    }
  },
  {
    "id": "blackmores-bio-c-1000mg-tablets",
    "brand": "Blackmores",
    "name": "Bio C 1000mg Tablets",
    "imageUrl": "https://shop.coles.com.au/wcsstore/Coles-CAS/images/8/2/9/8297402-th.jpg",
    "categories": ["winter", "healthy-living"],
    "tags": ["cold-and-flu", "cold-flu-vitamins"],
    "locations": {
      "vic": {
        "price": 8.8,
        "promoText": "$8.80 ",
        "packageSize": "62 pack",
        "packagePrice": "$14.19 per 100Ea"
      }
    }
  },
  {
    "id": "blackmores-bio-zinc-tablets",
    "brand": "Blackmores",
    "name": "Bio Zinc 84 Tablets",
    "imageUrl": "https://shop.coles.com.au/wcsstore/Coles-CAS/images/8/2/9/8296705-th.jpg",
    "categories": ["winter", "healthy-living"],
    "tags": ["cold-and-flu", "cold-flu-vitamins"],
    "locations": {
      "vic": {
        "price": 9.3,
        "promoText": "$9.30 ",
        "packageSize": "1 pack",
        "packagePrice": "$9.30 per 1Ea"
      }
    }
  },
  {
    "id": "blackmores-tablets-bio-c-chewable-500mg-value-pack",
    "brand": "Blackmores",
    "name": "Bio C 500mg Chewable Tablets",
    "imageUrl": "https://shop.coles.com.au/wcsstore/Coles-CAS/images/9/6/8/9688926-th.jpg",
    "categories": ["winter", "healthy-living"],
    "tags": ["cold-and-flu", "cold-flu-vitamins"],
    "locations": {
      "vic": {
        "price": 14.5,
        "promoText": " ",
        "packageSize": "125 pack",
        "packagePrice": "$11.60 per 100Ea"
      }
    }
  },
  {
    "id": "cenovis-tablets-echinacea-garlic-zinc-c",
    "brand": "Cenovis",
    "name": "Echinacea Garlic Zinc & C Tablets",
    "imageUrl": "https://shop.coles.com.au/wcsstore/Coles-CAS/images/7/1/0/7103770-th.jpg",
    "categories": ["winter", "healthy-living"],
    "tags": ["cold-and-flu", "cold-flu-vitamins"],
    "locations": {
      "vic": {
        "price": 13,
        "promoText": "$13.00 ",
        "packageSize": "125 pack",
        "packagePrice": "$0.10 per 1Ea"
      }
    }
  },
  {
    "id": "blackmores-vit-c-echinacea",
    "brand": "Blackmores",
    "name": "Vitamin C 1000 Echinacea + Zinc Effervescent Tablets",
    "imageUrl": "https://shop.coles.com.au/wcsstore/Coles-CAS/images/3/4/7/3472640-th.jpg",
    "categories": ["winter", "healthy-living"],
    "tags": ["cold-and-flu", "cold-flu-vitamins"],
    "locations": {
      "vic": {
        "price": 3.5,
        "promoText": "$3.50 ",
        "packageSize": "10 Pack",
        "packagePrice": "$0.35 per 1Ea"
      }
    }
  },
  {
    "id": "cenovis-tablets-value-pack-mega-c-orange-1000mg",
    "brand": "Cenovis",
    "name": "Mega C 1000mg Tablets",
    "imageUrl": "https://shop.coles.com.au/wcsstore/Coles-CAS/images/9/3/1/9314518-th.jpg",
    "categories": ["winter", "healthy-living"],
    "tags": ["cold-and-flu", "cold-flu-vitamins"],
    "locations": {
      "vic": {
        "price": 5,
        "promoText": "$5.00 ",
        "packageSize": "60 pack",
        "packagePrice": "$0.08 per 1Ea"
      }
    }
  },
  {
    "id": "cenovis-zinc-plus-tablets",
    "brand": "Cenovis",
    "name": "Zinc Plus Tablets",
    "imageUrl": "https://shop.coles.com.au/wcsstore/Coles-CAS/images/2/8/2/2828743-th.jpg",
    "categories": ["winter", "healthy-living"],
    "tags": ["cold-and-flu", "cold-flu-vitamins"],
    "locations": {
      "vic": {
        "price": 13,
        "promoText": "Was $14.00 on Dec 2017 ",
        "packageSize": "150 pack",
        "packagePrice": "$8.67 per 100Ea"
      }
    }
  },
  {
    "id": "nature-s-way-kids-vita-gummies-vit-c-sugar-fre",
    "brand": "Nature's Way",
    "name": "Kids Vita Gummies Vit C Sugar Free",
    "imageUrl": "https://shop.coles.com.au/wcsstore/Coles-CAS/images/3/7/5/3753151-th.jpg",
    "categories": ["winter", "healthy-living"],
    "tags": ["cold-and-flu", "cold-flu-vitamins"],
    "locations": {
      "vic": {
        "price": 20,
        "promoText": " ",
        "packageSize": "70 pack",
        "packagePrice": "$28.57 per 100Ea"
      }
    }
  },
  {
    "id": "swisse-ultiboost-high-strength-c-tablets",
    "brand": "Swisse",
    "name": "High Strength C",
    "imageUrl": "https://shop.coles.com.au/wcsstore/Coles-CAS/images/2/8/6/2869456-th.jpg",
    "categories": ["winter", "healthy-living"],
    "tags": ["cold-and-flu", "cold-flu-vitamins"],
    "locations": {
      "vic": {
        "price": 40,
        "promoText": " ",
        "packageSize": "150 Pack",
        "packagePrice": "$0.27 per 1Ea"
      }
    }
  },
  {
    "id": "voost-effervescent-vitamin-c-1000mg",
    "brand": "Voost",
    "name": "Vitamin C 1000mg 20 Blood Orange Effervescent Tablets",
    "imageUrl": "https://shop.coles.com.au/wcsstore/Coles-CAS/images/3/2/7/3279775-th.jpg",
    "categories": ["winter", "healthy-living"],
    "tags": ["cold-and-flu", "cold-flu-vitamins"],
    "locations": {
      "vic": {
        "price": 5,
        "promoText": "$1.50 ",
        "packageSize": "1 pack",
        "packagePrice": "$5.00 per 1Ea"
      }
    }
  },
  {
    "id": "blackmores-vit-c-elderberry-gummy",
    "brand": "Blackmores",
    "name": "Vitamin C + Elderberry Gummies",
    "imageUrl": "https://shop.coles.com.au/wcsstore/Coles-CAS/images/3/7/0/3709615-th.jpg",
    "categories": ["winter", "healthy-living"],
    "tags": ["cold-and-flu", "cold-flu-vitamins"],
    "locations": {
      "vic": {
        "price": 12.5,
        "promoText": "$12.50 ",
        "packageSize": "120 pack",
        "packagePrice": "$10.42 per 100Ea"
      }
    }
  },
  {
    "id": "cenovis-echinacea-garlic-zinc-vitamin-c-tablets",
    "brand": "Cenovis",
    "name": "Echinacea Garlic Zinc & C Tablets",
    "imageUrl": "https://shop.coles.com.au/wcsstore/Coles-CAS/images/8/1/4/8142439-th.jpg",
    "categories": ["winter", "healthy-living"],
    "tags": ["cold-and-flu", "cold-flu-vitamins"],
    "locations": {
      "vic": {
        "price": 8,
        "promoText": "$8.00 ",
        "packageSize": "60 pack",
        "packagePrice": "$0.13 per 1Ea"
      }
    }
  },
  {
    "id": "cenovis-echinacea-5000mg-capsules",
    "brand": "Cenovis",
    "name": "Echinacea 5000 Capsules",
    "imageUrl": "https://shop.coles.com.au/wcsstore/Coles-CAS/images/9/6/7/9677125-th.jpg",
    "categories": ["winter", "healthy-living"],
    "tags": ["cold-and-flu", "cold-flu-vitamins"],
    "locations": {
      "vic": {
        "price": 7.5,
        "promoText": "$7.50 ",
        "packageSize": "60 pack",
        "packagePrice": "$0.13 per 1Ea"
      }
    }
  },
  {
    "id": "natures-way-vitagummies-vitamin-c",
    "brand": "Nature's Way",
    "name": "Vita Gummies Vitamin C",
    "imageUrl": "https://shop.coles.com.au/wcsstore/Coles-CAS/images/9/1/1/9114268-th.jpg",
    "categories": ["winter", "healthy-living"],
    "tags": ["cold-and-flu", "cold-flu-vitamins"],
    "locations": {
      "vic": {
        "price": 20,
        "promoText": " ",
        "packageSize": "120 pack",
        "packagePrice": "$16.67 per 100Ea"
      }
    }
  },
  {
    "id": "natures-way-adlt-vitagummie-immune-sf",
    "brand": "Nature's Way",
    "name": "Vita Gummies Immune Support Sugar Free Tablets",
    "imageUrl": "https://shop.coles.com.au/wcsstore/Coles-CAS/images/3/4/5/3453260-th.jpg",
    "categories": ["winter", "healthy-living"],
    "tags": ["cold-and-flu", "cold-flu-vitamins"],
    "locations": {
      "vic": {
        "price": 20,
        "promoText": " ",
        "packageSize": "65 pack",
        "packagePrice": "$30.77 per 100Ea"
      }
    }
  },
  {
    "id": "natures-own-double-strength-cold-sore-relief",
    "brand": "Nature?s Own",
    "name": "Double Strength Cold Sore Relief Tablets",
    "imageUrl": "https://shop.coles.com.au/wcsstore/Coles-CAS/images/1/8/1/1810174-th.jpg",
    "categories": ["winter", "healthy-living"],
    "tags": ["cold-and-flu", "cold-flu-vitamins"],
    "locations": {
      "vic": {
        "price": 6,
        "promoText": "$6.00 ",
        "packageSize": "50 pack",
        "packagePrice": "$0.12 per 1Ea"
      }
    }
  },
  {
    "id": "swisse-ultibost-vitamin-c-chewable-3758315p",
    "brand": "Swisse",
    "name": "Ultiboost Vitamin C Chewable",
    "imageUrl": "https://shop.coles.com.au/wcsstore/Coles-CAS/images/3/7/5/3758315-th.jpg",
    "categories": ["winter", "healthy-living"],
    "tags": ["cold-and-flu", "cold-flu-vitamins"],
    "locations": {
      "vic": {
        "price": 11,
        "promoText": " ",
        "packageSize": "110 pack",
        "packagePrice": "$10.00 per 100Ea"
      }
    }
  },
  {
    "id": "swisse-ultibost-vitamin-c-effervescent",
    "brand": "Swisse",
    "name": "Ultiboost Vitamin C Effervescent",
    "imageUrl": "https://shop.coles.com.au/wcsstore/Coles-CAS/images/3/7/5/3758326-th.jpg",
    "categories": ["winter", "healthy-living"],
    "tags": ["cold-and-flu", "cold-flu-vitamins"],
    "locations": {
      "vic": {
        "price": 13,
        "promoText": " ",
        "packageSize": "20 pack",
        "packagePrice": "$65.00 per 100Ea"
      }
    }
  },
  {
    "id": "wellgrove-immunity-olive-leaf-capsules",
    "brand": "Wellgrove",
    "name": "Immune Support Olive Leaf Extract 60 Capsules",
    "imageUrl": "https://shop.coles.com.au/wcsstore/Coles-CAS/images/3/4/7/3470394-th.jpg",
    "categories": ["winter", "healthy-living"],
    "tags": ["cold-and-flu", "cold-flu-vitamins"],
    "locations": {
      "vic": {
        "price": 15,
        "promoText": "$5.00 ",
        "packageSize": "1 Pack",
        "packagePrice": "$15.00 per 1Ea"
      }
    }
  },
  {
    "id": "wellgrove-immunity-olive-leaf-extract-naturl-3470340p",
    "brand": "Wellgrove",
    "name": "Immune Support Olive Leaf Extract Natural Flavour Oral Liquid",
    "imageUrl": "https://shop.coles.com.au/wcsstore/Coles-CAS/images/3/4/7/3470340-th.jpg",
    "categories": ["winter", "healthy-living"],
    "tags": ["cold-and-flu", "cold-flu-vitamins"],
    "locations": {
      "vic": {
        "price": 30,
        "promoText": " ",
        "packageSize": "500mL",
        "packagePrice": "$6.00 per 100mL"
      }
    }
  },
  {
    "id": "blackmores-lyp-sine-tablets",
    "brand": "Blackmores",
    "name": "Lyp-Sine Tablets",
    "imageUrl": "https://shop.coles.com.au/wcsstore/Coles-CAS/images/8/2/9/8297650-th.jpg",
    "categories": ["winter", "healthy-living"],
    "tags": ["cold-and-flu", "cold-flu-vitamins"],
    "locations": {
      "vic": {
        "price": 5,
        "promoText": "$5.00 ",
        "packageSize": "30 pack",
        "packagePrice": "$16.67 per 100Ea"
      }
    }
  },
  {
    "id": "blackmores-vitamin-c-500mg-tablets",
    "brand": "Blackmores",
    "name": "Vitamin C 500mg Tablets",
    "imageUrl": "https://shop.coles.com.au/wcsstore/Coles-CAS/images/2/8/3/2837959-th.jpg",
    "categories": ["winter", "healthy-living"],
    "tags": ["cold-and-flu", "cold-flu-vitamins"],
    "locations": {
      "vic": {
        "price": 6.25,
        "promoText": "$6.25 ",
        "packageSize": "120 pack",
        "packagePrice": "$5.21 per 100Ea"
      }
    }
  },
  {
    "id": "cenovis-garlic-horseradish--c-complex-capsules",
    "brand": "Cenovis",
    "name": "Garlic Horseradish + C Complex Capsules",
    "imageUrl": "https://shop.coles.com.au/wcsstore/Coles-CAS/images/4/7/7/4779773-th.jpg",
    "categories": ["winter", "healthy-living"],
    "tags": ["cold-and-flu", "cold-flu-vitamins"],
    "locations": {
      "vic": {
        "price": 8.25,
        "promoText": "$8.25 ",
        "packageSize": "120 pack",
        "packagePrice": "$0.07 per 1Ea"
      }
    }
  },
  {
    "id": "cenovis-tablets-sugarless-c-500mg-value-pack",
    "brand": "Cenovis",
    "name": "Sugarless C 500mg Tablets",
    "imageUrl": "https://shop.coles.com.au/wcsstore/Coles-CAS/images/9/4/6/9461738-th.jpg",
    "categories": ["winter", "healthy-living"],
    "tags": ["cold-and-flu", "cold-flu-vitamins"],
    "locations": {
      "vic": {
        "price": 12.6,
        "promoText": "$1.40 ",
        "packageSize": "300 pack",
        "packagePrice": "$0.04 per 1Ea"
      }
    }
  },
  {
    "id": "cenovis-low-odour-garlic-capsules",
    "brand": "Cenovis",
    "name": "Garlic Capsules",
    "imageUrl": "https://shop.coles.com.au/wcsstore/Coles-CAS/images/2/8/2/2828153-th.jpg",
    "categories": ["winter", "healthy-living"],
    "tags": ["cold-and-flu", "cold-flu-vitamins"],
    "locations": {
      "vic": {
        "price": 12,
        "promoText": " ",
        "packageSize": "150 pack",
        "packagePrice": "$0.08 per 1Ea"
      }
    }
  },
  {
    "id": "natures-own--triple-strength-garlic-c-horseradish-2279383p",
    "brand": "Nature's Own",
    "name": "Triple Strength Garlic + C Horseradish Tablets",
    "imageUrl": "https://shop.coles.com.au/wcsstore/Coles-CAS/images/2/2/7/2279383-th.jpg",
    "categories": ["winter", "healthy-living"],
    "tags": ["cold-and-flu", "cold-flu-vitamins"],
    "locations": {
      "vic": {
        "price": 10,
        "promoText": "$10.00 ",
        "packageSize": "60 pack",
        "packagePrice": "$0.17 per 1Ea"
      }
    }
  },
  {
    "id": "natures-way-vitamin-garlic-horseradish",
    "brand": "Nature's Way",
    "name": "Garlic + C & Horseradish Tablets",
    "imageUrl": "https://shop.coles.com.au/wcsstore/Coles-CAS/images/9/3/1/9314733-th.jpg",
    "categories": ["winter", "healthy-living"],
    "tags": ["cold-and-flu", "cold-flu-vitamins"],
    "locations": {
      "vic": {
        "price": 20,
        "promoText": " ",
        "packageSize": "200 pack",
        "packagePrice": "$10.00 per 100Ea"
      }
    }
  },
  {
    "id": "natures-way-vitamin-c-tablets",
    "brand": "Nature's Way",
    "name": "Vitamin C Tablets",
    "imageUrl": "https://shop.coles.com.au/wcsstore/Coles-CAS/images/4/8/5/4856455-th.jpg",
    "categories": ["winter", "healthy-living"],
    "tags": ["cold-and-flu", "cold-flu-vitamins"],
    "locations": {
      "vic": {
        "price": 29,
        "promoText": " ",
        "packageSize": "500 pack",
        "packagePrice": "$5.80 per 100Ea"
      }
    }
  },
  {
    "id": "swisse-vitamins-ultiboost-zinc-capsules",
    "brand": "Swisse",
    "name": "Ultiboost Zinc+ Tablets",
    "imageUrl": "https://shop.coles.com.au/wcsstore/Coles-CAS/images/9/1/2/9120329-th.jpg",
    "categories": ["winter", "healthy-living"],
    "tags": ["cold-and-flu", "cold-flu-vitamins"],
    "locations": {
      "vic": {
        "price": 16.2,
        "promoText": " ",
        "packageSize": "60 pack",
        "packagePrice": "$27.00 per 100Ea"
      }
    }
  },
  {
    "id": "swisse-ultibiotic-daily-immune-probiotic",
    "brand": "Swisse",
    "name": "Ultibiotic Daily Immune Probiotic Capsules",
    "imageUrl": "https://shop.coles.com.au/wcsstore/Coles-CAS/images/3/4/6/3469271-th.jpg",
    "categories": ["winter", "healthy-living"],
    "tags": ["cold-and-flu", "cold-flu-vitamins"],
    "locations": {
      "vic": {
        "price": 19.2,
        "promoText": "$12.80 ",
        "packageSize": "30 pack",
        "packagePrice": "$64.00 per 100Ea"
      }
    }
  },
  {
    "id": "swisse-ultibost-daily-immune-support-3758279p",
    "brand": "Swisse",
    "name": "Ultiboost Daily Immune Support",
    "imageUrl": "https://shop.coles.com.au/wcsstore/Coles-CAS/images/3/7/5/3758279-th.jpg",
    "categories": ["winter", "healthy-living"],
    "tags": ["cold-and-flu", "cold-flu-vitamins"],
    "locations": {
      "vic": {
        "price": 20,
        "promoText": " ",
        "packageSize": "60 pack",
        "packagePrice": "$33.33 per 100Ea"
      }
    }
  },
  {
    "id": "swisse-ultibost-immune-action-3758280p",
    "brand": "Swisse",
    "name": "Ultiboost Immune Action",
    "imageUrl": "https://shop.coles.com.au/wcsstore/Coles-CAS/images/3/7/5/3758280-th.jpg",
    "categories": ["winter", "healthy-living"],
    "tags": ["cold-and-flu", "cold-flu-vitamins"],
    "locations": {
      "vic": {
        "price": 30,
        "promoText": " ",
        "packageSize": "60 pack",
        "packagePrice": "$50.00 per 100Ea"
      }
    }
  },
  {
    "id": "claratyne-childrens-grape-chew-5mg-tabs-10pk",
    "brand": "Claratyne",
    "name": "Children's Hayfever Antihistamine Grape Flavoured Chewable Tablets",
    "imageUrl": "https://shop.coles.com.au/wcsstore/Coles-CAS/images/3/0/6/3060461-th.jpg",
    "categories": ["winter"],
    "tags": ["cold-and-flu", "cold-and-allergy"],
    "locations": {
      "vic": {
        "price": 12,
        "promoText": " ",
        "packageSize": "10 Pack",
        "packagePrice": "$12.00 per 1Ea"
      }
    }
  },
  {
    "id": "claratyne-tablet-10-pack",
    "brand": "Claratyne",
    "name": "Tablet 10Mg",
    "imageUrl": "https://shop.coles.com.au/wcsstore/Coles-CAS/images/2/8/6/2861738-th.jpg",
    "categories": ["winter"],
    "tags": ["cold-and-flu", "cold-and-allergy"],
    "locations": {
      "vic": {
        "price": 12,
        "promoText": " ",
        "packageSize": "10 pack",
        "packagePrice": "$1.20 per 1Ea"
      }
    }
  },
  {
    "id": "zyrtec-rapid-acting-tablets-10-pack",
    "brand": "Zyrtec",
    "name": "Rapid Acting Tablets",
    "imageUrl": "https://shop.coles.com.au/wcsstore/Coles-CAS/images/3/0/5/3057875-th.jpg",
    "categories": ["winter"],
    "tags": ["cold-and-flu", "cold-and-allergy"],
    "locations": {
      "vic": {
        "price": 11.5,
        "promoText": " ",
        "packageSize": "10 pack",
        "packagePrice": "$1.15 per 1Ea"
      }
    }
  },
  {
    "id": "telfast-120mg-10-tablets",
    "brand": "Telfast",
    "name": "Telfast Hayfever Allergy Relief 120mg Tablets",
    "imageUrl": "https://shop.coles.com.au/wcsstore/Coles-CAS/images/3/1/5/3157701-th.jpg",
    "categories": ["winter"],
    "tags": ["cold-and-flu", "cold-and-allergy"],
    "locations": {
      "vic": {
        "price": 12,
        "promoText": " ",
        "packageSize": "10 pack",
        "packagePrice": "$1.20 per 1Ea"
      }
    }
  },
  {
    "id": "coles-cetirizine-rapid-10mg-tablets",
    "brand": "Coles",
    "name": "Cetirizine Hayfever Allergy Relief Rapid Tablets 10mg",
    "imageUrl": "https://shop.coles.com.au/wcsstore/Coles-CAS/images/2/8/4/2845844-th.jpg",
    "categories": ["winter"],
    "tags": ["cold-and-flu", "cold-and-allergy"],
    "locations": {
      "vic": {
        "price": 6,
        "promoText": " ",
        "packageSize": "10 pack",
        "packagePrice": "$0.60 per 1Ea"
      }
    }
  },
  {
    "id": "zyrtec-gel-capsules",
    "brand": "Zyrtec",
    "name": "Gel Capsules",
    "imageUrl": "https://shop.coles.com.au/wcsstore/Coles-CAS/images/3/0/5/3057864-th.jpg",
    "categories": ["winter"],
    "tags": ["cold-and-flu", "cold-and-allergy"],
    "locations": {
      "vic": {
        "price": 14.15,
        "promoText": " ",
        "packageSize": "10 pack",
        "packagePrice": "$1.42 per 1Ea"
      }
    }
  },
  {
    "id": "coles-hayfever-fexofenadine-120mg-tblts",
    "brand": "Coles",
    "name": "Hayfever Allergy Relief Fexofenadine Tablets 120mg",
    "imageUrl": "https://shop.coles.com.au/wcsstore/Coles-CAS/images/2/8/4/2845855-th.jpg",
    "categories": ["winter"],
    "tags": ["cold-and-flu", "cold-and-allergy"],
    "locations": {
      "vic": {
        "price": 7,
        "promoText": " ",
        "packageSize": "10 pack",
        "packagePrice": "$0.70 per 1Ea"
      }
    }
  },
  {
    "id": "telfast-60mg-hayfever-allergies-tablets",
    "brand": "Telfast",
    "name": "Hayfever Allergy Relief 60mg Tablets",
    "imageUrl": "https://shop.coles.com.au/wcsstore/Coles-CAS/images/8/6/0/8608852-th.jpg",
    "categories": ["winter"],
    "tags": ["cold-and-flu", "cold-and-allergy"],
    "locations": {
      "vic": {
        "price": 7,
        "promoText": " ",
        "packageSize": "10 pack",
        "packagePrice": "$0.70 per 1Ea"
      }
    }
  },
  {
    "id": "telfast-60mg-20-tablets",
    "brand": "Telfast",
    "name": "Hayfever Allergy Relief 60mg Tablets",
    "imageUrl": "https://shop.coles.com.au/wcsstore/Coles-CAS/images/3/1/5/3157687-th.jpg",
    "categories": ["winter"],
    "tags": ["cold-and-flu", "cold-and-allergy"],
    "locations": {
      "vic": {
        "price": 12,
        "promoText": " ",
        "packageSize": "20 pack",
        "packagePrice": "$0.60 per 1Ea"
      }
    }
  },
  {
    "id": "nyal-chesty-cough-mixture",
    "brand": "Nyal",
    "name": "Chesty Cough Mixture",
    "imageUrl": "https://shop.coles.com.au/wcsstore/Coles-CAS/images/8/0/5/8051923-th.jpg",
    "categories": ["winter"],
    "tags": ["cold-and-flu", "cold-flu-tissues"],
    "locations": {
      "vic": {
        "price": 6.8,
        "promoText": "$1.70 ",
        "packageSize": "200mL",
        "packagePrice": "$3.40 per 100mL"
      }
    }
  },
  {
    "id": "vicks-2in1-relief-cough-syrup-200ml",
    "brand": "Vicks",
    "name": "2 In 1 Relief Cough Syrup",
    "imageUrl": "https://shop.coles.com.au/wcsstore/Coles-CAS/images/3/7/3/3734044-th.jpg",
    "categories": ["winter"],
    "tags": ["cold-and-flu", "cold-flu-tissues"],
    "locations": {
      "vic": {
        "price": 14,
        "promoText": " ",
        "packageSize": "200mL",
        "packagePrice": "$7.00 per 100mL"
      }
    }
  },
  {
    "id": "bonningtons-cough-mixture-irish-moss",
    "brand": "Bonningtons",
    "name": "Irish Moss Cough Mixture",
    "imageUrl": "https://shop.coles.com.au/wcsstore/Coles-CAS/images/1/3/6/136192-th.jpg",
    "categories": ["winter"],
    "tags": ["cold-and-flu", "cold-flu-tissues"],
    "locations": {
      "vic": {
        "price": 6.5,
        "promoText": " ",
        "packageSize": "200mL",
        "packagePrice": "$3.25 per 100mL"
      }
    }
  },
  {
    "id": "bronchodual-cough-syrup-200ml",
    "brand": "Bronchodual",
    "name": "Cough Syrup",
    "imageUrl": "https://shop.coles.com.au/wcsstore/Coles-CAS/images/3/7/3/3734510-th.jpg",
    "categories": ["winter"],
    "tags": ["cold-and-flu", "cold-flu-tissues"],
    "locations": {
      "vic": {
        "price": 16.99,
        "promoText": " ",
        "packageSize": "200mL",
        "packagePrice": "$8.50 per 100mL"
      }
    }
  },
  {
    "id": "codral-relief-liquid-mucus-cough-cold",
    "brand": "Codral",
    "name": "Relief Mucus Cough & Cold Liquid",
    "imageUrl": "https://shop.coles.com.au/wcsstore/Coles-CAS/images/9/1/3/9132871-th.jpg",
    "categories": ["winter"],
    "tags": ["cold-and-flu", "cold-flu-tissues"],
    "locations": {
      "vic": {
        "price": 11.5,
        "promoText": " ",
        "packageSize": "200mL",
        "packagePrice": "$5.75 per 100mL"
      }
    }
  },
  {
    "id": "coles-chesty-cough-medicine-oral-liquid",
    "brand": "Coles",
    "name": "Cherry Flavoured Chesty Cough Medicine Oral Liquid",
    "imageUrl": "https://shop.coles.com.au/wcsstore/Coles-CAS/images/2/8/4/2843317-th.jpg",
    "categories": ["winter"],
    "tags": ["cold-and-flu", "cold-flu-tissues"],
    "locations": {
      "vic": {
        "price": 6.5,
        "promoText": " ",
        "packageSize": "200mL",
        "packagePrice": "$3.25 per 100mL"
      }
    }
  },
  {
    "id": "coles-dry-cough-mixture",
    "brand": "Coles",
    "name": "Honey & Lemon Flavoured Dry Cough Medicine",
    "imageUrl": "https://shop.coles.com.au/wcsstore/Coles-CAS/images/2/8/4/2843328-th.jpg",
    "categories": ["winter"],
    "tags": ["cold-and-flu", "cold-flu-tissues"],
    "locations": {
      "vic": {
        "price": 6.5,
        "promoText": " ",
        "packageSize": "200mL",
        "packagePrice": "$3.25 per 100mL"
      }
    }
  },
  {
    "id": "nyal-cough-mixture",
    "brand": "Nyal",
    "name": "Cough Mixture",
    "imageUrl": "https://shop.coles.com.au/wcsstore/Coles-CAS/images/5/7/6/5765708-th.jpg",
    "categories": ["winter", "healthy-living"],
    "tags": ["cold-and-flu", "cold-flu-tissues"],
    "locations": {
      "vic": {
        "price": 6.8,
        "promoText": "$1.70 ",
        "packageSize": "200mL",
        "packagePrice": "$3.40 per 100mL"
      }
    }
  },
  {
    "id": "robitussin-syrup-cold-chesty-cough",
    "brand": "Robitussin",
    "name": "Cold & Chesty Cough Syrup",
    "imageUrl": "https://shop.coles.com.au/wcsstore/Coles-CAS/images/1/4/8/1484285-th.jpg",
    "categories": ["winter"],
    "tags": ["cold-and-flu", "cold-flu-tissues"],
    "locations": {
      "vic": {
        "price": 11.4,
        "promoText": " ",
        "packageSize": "200mL",
        "packagePrice": "$5.70 per 100mL"
      }
    }
  },
  {
    "id": "sambucol-liquid-cold-flu",
    "brand": "Sambucol",
    "name": "Cold & Flu Liquid",
    "imageUrl": "https://shop.coles.com.au/wcsstore/Coles-CAS/images/7/4/8/7484426-th.jpg",
    "categories": ["winter", "healthy-living"],
    "tags": ["cold-and-flu", "cold-flu-tissues"],
    "locations": {
      "vic": {
        "price": 13.5,
        "promoText": "$4.50 ",
        "packageSize": "120mL",
        "packagePrice": "$11.25 per 100mL"
      }
    }
  },
  {
    "id": "sambucol-kids-liquid",
    "brand": "Sambucol",
    "name": "Black Elderberry Cold & Flu Kids Liquid",
    "imageUrl": "https://shop.coles.com.au/wcsstore/Coles-CAS/images/2/1/1/2110156-th.jpg",
    "categories": ["winter"],
    "tags": ["cold-and-flu", "cold-flu-tissues"],
    "locations": {
      "vic": {
        "price": 14.25,
        "promoText": "$4.75 ",
        "packageSize": "120mL",
        "packagePrice": "$11.88 per 100mL"
      }
    }
  },
  {
    "id": "vicks-chesty-honey-kids-cough-syrup-180ml",
    "brand": "Vicks",
    "name": "Chesty Honey Kids Cough Syrup",
    "imageUrl": "https://shop.coles.com.au/wcsstore/Coles-CAS/images/3/7/3/3734033-th.jpg",
    "categories": ["winter"],
    "tags": ["cold-and-flu", "cold-flu-tissues"],
    "locations": {
      "vic": {
        "price": 10.5,
        "promoText": " ",
        "packageSize": "180mL",
        "packagePrice": "$5.83 per 100mL"
      }
    }
  },
  {
    "id": "strepsils-throat-lozenges-orange",
    "brand": "Strepsils",
    "name": "Orange Throat Lozenges",
    "imageUrl": "https://shop.coles.com.au/wcsstore/Coles-CAS/images/6/4/2/6420348-th.jpg",
    "categories": ["winter"],
    "tags": ["cold-and-flu", "cold-flu-pain-relief"],
    "locations": {
      "vic": {
        "price": 10.5,
        "promoText": " ",
        "packageSize": "36 pack",
        "packagePrice": "$0.29 per 1Ea"
      }
    }
  },
  {
    "id": "vicks-vapodrop-original-42s",
    "brand": "Vicks",
    "name": "Vapodrop Original",
    "imageUrl": "https://shop.coles.com.au/wcsstore/Coles-CAS/images/3/7/3/3734055-th.jpg",
    "categories": ["winter"],
    "tags": ["cold-and-flu", "cold-flu-pain-relief"],
    "locations": {
      "vic": {
        "price": 6.8,
        "promoText": " ",
        "packageSize": "42 pack",
        "packagePrice": "$0.16 per 1Ea"
      }
    }
  },
  {
    "id": "strepsils-extra-lozenges-honey-lemon",
    "brand": "Strepsils",
    "name": "Extra Honey and Lemon Fast Numbing Sore Throat Pain Relief with Anaesthetic 16 Lozenges",
    "imageUrl": "https://shop.coles.com.au/wcsstore/Coles-CAS/images/3/4/1/3417981-th.jpg",
    "categories": ["winter"],
    "tags": ["cold-and-flu", "cold-flu-pain-relief"],
    "locations": {
      "vic": {
        "price": 7,
        "promoText": "$1.00 ",
        "packageSize": "1 Pack",
        "packagePrice": "$7.00 per 1Ea"
      }
    }
  },
  {
    "id": "vicks-vapodrops-lozenges-original-menthol",
    "brand": "Vicks",
    "name": "VapoDrops Original Menthol Lozenges",
    "imageUrl": "https://shop.coles.com.au/wcsstore/Coles-CAS/images/8/1/6/8161706-th.jpg",
    "categories": ["winter"],
    "tags": ["cold-and-flu", "cold-flu-pain-relief"],
    "locations": {
      "vic": {
        "price": 4.3,
        "promoText": " ",
        "packageSize": "24 pack",
        "packagePrice": "$0.18 per 1Ea"
      }
    }
  },
  {
    "id": "vicks-vapodrops-liquicentres-lozenges",
    "brand": "Vicks",
    "name": "VapoDrops Liquicentres Burst of Mint Lozenges",
    "imageUrl": "https://shop.coles.com.au/wcsstore/Coles-CAS/images/9/1/2/9128557-th.jpg",
    "categories": ["winter"],
    "tags": ["cold-and-flu", "cold-flu-pain-relief"],
    "locations": {
      "vic": {
        "price": 4.2,
        "promoText": " ",
        "packageSize": "22 pack",
        "packagePrice": "$0.19 per 1Ea"
      }
    }
  },
  {
    "id": "bosistos-drops-eucalyptus",
    "brand": "Bosisto's",
    "name": "Sugar Free Eucalyptus Drops",
    "imageUrl": "https://shop.coles.com.au/wcsstore/Coles-CAS/images/7/1/8/7187442-th.jpg",
    "categories": ["winter"],
    "tags": ["cold-and-flu", "cold-flu-pain-relief"],
    "locations": {
      "vic": {
        "price": 3.3,
        "promoText": " ",
        "packageSize": "50g",
        "packagePrice": "$6.60 per 100G"
      }
    }
  },
  {
    "id": "ease-a-cold-cough-cold-flu-capsules-day-night",
    "brand": "Ease A Cold",
    "name": "Cough Cold & Flu Day & Night Capsules",
    "imageUrl": "https://shop.coles.com.au/wcsstore/Coles-CAS/images/9/7/3/9738387-th.jpg",
    "categories": ["winter", "healthy-living"],
    "tags": ["cold-and-flu", "cold-flu-pain-relief"],
    "locations": {
      "vic": {
        "price": 13.5,
        "promoText": "$4.80 ",
        "packageSize": "24 pack",
        "packagePrice": "$0.56 per 1Ea"
      }
    }
  },
  {
    "id": "strepsils-lozenges-plus-anaesthetic",
    "brand": "Strepsils",
    "name": "Plus Anaesthetic Sore Throat Numbing Pain Relief 16 Lozenges",
    "imageUrl": "https://shop.coles.com.au/wcsstore/Coles-CAS/images/1/2/1/1216333-th.jpg",
    "categories": ["winter"],
    "tags": ["cold-and-flu", "cold-flu-pain-relief"],
    "locations": {
      "vic": {
        "price": 7,
        "promoText": " ",
        "packageSize": "1 pack",
        "packagePrice": "$7.00 per 1Ea"
      }
    }
  },
  {
    "id": "strepsils-extra-lozenges",
    "brand": "Strepsils",
    "name": "Extra Lozenges",
    "imageUrl": "https://shop.coles.com.au/wcsstore/Coles-CAS/images/3/1/5/3157789-th.jpg",
    "categories": ["winter"],
    "tags": ["cold-and-flu", "cold-flu-pain-relief"],
    "locations": {
      "vic": {
        "price": 7,
        "promoText": " ",
        "packageSize": "16 pack",
        "packagePrice": "$0.44 per 1Ea"
      }
    }
  },
  {
    "id": "codral-honey-lemon-lozenges",
    "brand": "Codral",
    "name": "Honey & Lemon Lozenges",
    "imageUrl": "https://shop.coles.com.au/wcsstore/Coles-CAS/images/2/6/9/2698091-th.jpg",
    "categories": ["winter"],
    "tags": ["cold-and-flu", "cold-flu-pain-relief"],
    "locations": {
      "vic": {
        "price": 6,
        "promoText": " ",
        "packageSize": "16 pack",
        "packagePrice": "$0.38 per 1Ea"
      }
    }
  },
  {
    "id": "codral-throat-lozenges-honey-lemon",
    "brand": "Codral",
    "name": "Throat Lozenges Honey & Lemon",
    "imageUrl": "https://shop.coles.com.au/wcsstore/Coles-CAS/images/2/8/6/2862151-th.jpg",
    "categories": ["winter"],
    "tags": ["cold-and-flu", "cold-flu-pain-relief"],
    "locations": {
      "vic": {
        "price": 9.5,
        "promoText": " ",
        "packageSize": "36 pack",
        "packagePrice": "$0.26 per 1Ea"
      }
    }
  },
  {
    "id": "codral-relief-lozenges",
    "brand": "Codral",
    "name": "Combo Pack",
    "imageUrl": "https://shop.coles.com.au/wcsstore/Coles-CAS/images/3/4/2/3425120-th.jpg",
    "categories": ["winter"],
    "tags": ["cold-and-flu", "cold-flu-pain-relief"],
    "locations": {
      "vic": {
        "price": 12.8,
        "promoText": "$3.20 ",
        "packageSize": "36 pack",
        "packagePrice": "$0.36 per 1Ea"
      }
    }
  },
  {
    "id": "codral-lozenges-lime-lemon-16-pack",
    "brand": "Codral",
    "name": "Lozenges Lime & Lemon",
    "imageUrl": "https://shop.coles.com.au/wcsstore/Coles-CAS/images/3/7/3/3733675-th.jpg",
    "categories": ["winter"],
    "tags": ["cold-and-flu", "cold-flu-pain-relief"],
    "locations": {
      "vic": {
        "price": 7.49,
        "promoText": " ",
        "packageSize": "16 pack",
        "packagePrice": "$0.47 per 1Ea"
      }
    }
  },
  {
    "id": "difflam-lozenges-honey-lemon",
    "brand": "Difflam",
    "name": "Lozenges Honey & Lemon",
    "imageUrl": "https://shop.coles.com.au/wcsstore/ColesResponsiveStorefrontAssetStore/dist/ccfc54aed6e361b650bcf0582f7b576b/img/img_product-placeholder.png",
    "categories": ["winter"],
    "tags": ["cold-and-flu", "cold-flu-pain-relief"],
    "locations": {
      "vic": {
        "price": 6.5,
        "promoText": " ",
        "packageSize": "16 pack",
        "packagePrice": "$0.41 per 1Ea"
      }
    }
  },
  {
    "id": "difflam-lozenges-orange",
    "brand": "Difflam",
    "name": "Lozenges Orange",
    "imageUrl": "https://shop.coles.com.au/wcsstore/ColesResponsiveStorefrontAssetStore/dist/ccfc54aed6e361b650bcf0582f7b576b/img/img_product-placeholder.png",
    "categories": ["winter"],
    "tags": ["cold-and-flu", "cold-flu-pain-relief"],
    "locations": {
      "vic": {
        "price": 6.5,
        "promoText": " ",
        "packageSize": "16 pack",
        "packagePrice": "$0.41 per 1Ea"
      }
    }
  },
  {
    "id": "difflam-plus-berry-lozenegs",
    "brand": "Difflam Plus",
    "name": "Berry Flavour Anaesthetic Sore Throat Lozeneges",
    "imageUrl": "https://shop.coles.com.au/wcsstore/Coles-CAS/images/3/1/7/3176411-th.jpg",
    "categories": ["winter"],
    "tags": ["cold-and-flu", "cold-flu-pain-relief"],
    "locations": {
      "vic": {
        "price": 10,
        "promoText": " ",
        "packageSize": "16 pack",
        "packagePrice": "$0.63 per 1Ea"
      }
    }
  },
  {
    "id": "difflam-plus-anaesthetic-honey-lemon-lozenges",
    "brand": "Difflam Plus",
    "name": "Anaesthetic Lozenges Honey & Lemon Flavour",
    "imageUrl": "https://shop.coles.com.au/wcsstore/Coles-CAS/images/3/1/6/3160659-th.jpg",
    "categories": ["winter"],
    "tags": ["cold-and-flu", "cold-flu-pain-relief"],
    "locations": {
      "vic": {
        "price": 10,
        "promoText": " ",
        "packageSize": "16 pack",
        "packagePrice": "$0.63 per 1Ea"
      }
    }
  },
  {
    "id": "difflam-plus-anaesthetic-blackcurrant-lozenges",
    "brand": "Difflam Plus",
    "name": "Sore Throat Lozenge Plus Anaesthetic Blackcurrant Flavour",
    "imageUrl": "https://shop.coles.com.au/wcsstore/Coles-CAS/images/3/1/6/3160648-th.jpg",
    "categories": ["winter"],
    "tags": ["cold-and-flu", "cold-flu-pain-relief"],
    "locations": {
      "vic": {
        "price": 10,
        "promoText": " ",
        "packageSize": "16 pack",
        "packagePrice": "$0.63 per 1Ea"
      }
    }
  },
  {
    "id": "ease-a-cold-cold-congestion-day-night-capsules",
    "brand": "Ease A Cold",
    "name": "Cold & Congestion Day & Night Capsules",
    "imageUrl": "https://shop.coles.com.au/wcsstore/Coles-CAS/images/6/9/3/6933761-th.jpg",
    "categories": ["winter", "healthy-living"],
    "tags": ["cold-and-flu", "cold-flu-pain-relief"],
    "locations": {
      "vic": {
        "price": 10.87,
        "promoText": "$3.63 ",
        "packageSize": "30 pack",
        "packagePrice": "$0.36 per 1Ea"
      }
    }
  },
  {
    "id": "ease-a-cold-kids-cold-flu-burstlets",
    "brand": "Ease A Cold",
    "name": "Kids Cold & Flu Soft Chewable Capsules",
    "imageUrl": "https://shop.coles.com.au/wcsstore/Coles-CAS/images/5/7/2/5725485-th.jpg",
    "categories": ["winter"],
    "tags": ["cold-and-flu", "cold-flu-pain-relief"],
    "locations": {
      "vic": {
        "price": 11.25,
        "promoText": "$3.75 ",
        "packageSize": "24 pack",
        "packagePrice": "$0.47 per 1Ea"
      }
    }
  },
  {
    "id": "manuka-honey-lozenges-lemon-ginger",
    "brand": "Manuka Health",
    "name": "Lemon & Ginger Flavoured Honey Lozenges",
    "imageUrl": "https://shop.coles.com.au/wcsstore/Coles-CAS/images/3/1/7/3175044-th.jpg",
    "categories": ["winter"],
    "tags": ["cold-and-flu", "cold-flu-pain-relief"],
    "locations": {
      "vic": {
        "price": 6,
        "promoText": "$2.00 ",
        "packageSize": "15 pack",
        "packagePrice": "$0.40 per 1Ea"
      }
    }
  },
  {
    "id": "strepsils-honey-lemon-throat-lozenges-double-antibacterial-action",
    "brand": "Strepsils",
    "name": "Double Antibacterial  Soothing Sore Throat  Lozenges Honey and Lemon",
    "imageUrl": "https://shop.coles.com.au/wcsstore/Coles-CAS/images/7/2/5/7251326-th.jpg",
    "categories": ["winter"],
    "tags": ["cold-and-flu", "cold-flu-pain-relief"],
    "locations": {
      "vic": {
        "price": 5.5,
        "promoText": " ",
        "packageSize": "16 pack",
        "packagePrice": "$0.34 per 1Ea"
      }
    }
  },
  {
    "id": "strepsils-lozenges-soothing-honey--lemon",
    "brand": "Strepsils",
    "name": "Double Antibacterial  Soothing Sore Throat Lozenges Honey and Lemon",
    "imageUrl": "https://shop.coles.com.au/wcsstore/Coles-CAS/images/6/4/2/6420213-th.jpg",
    "categories": ["winter"],
    "tags": ["cold-and-flu", "cold-flu-pain-relief"],
    "locations": {
      "vic": {
        "price": 10.5,
        "promoText": " ",
        "packageSize": "36 pack",
        "packagePrice": "$0.29 per 1Ea"
      }
    }
  },
  {
    "id": "strepsils-plus-anaesthetic-lozenges",
    "brand": "Strepsils",
    "name": "Plus Anaesthetic Sore Throat Numbing Pain Relief 36 Lozenges",
    "imageUrl": "https://shop.coles.com.au/wcsstore/Coles-CAS/images/1/2/1/1216821-th.jpg",
    "categories": ["winter"],
    "tags": ["cold-and-flu", "cold-flu-pain-relief"],
    "locations": {
      "vic": {
        "price": 15,
        "promoText": "Was $15.99 on Apr 2019 ",
        "packageSize": "36 pack",
        "packagePrice": "$15.00 per 1Ea"
      }
    }
  },
  {
    "id": "strepsils-sugar-free-lemon-lozenges",
    "brand": "Strepsils",
    "name": "Sore Throat Sugar Free Antibacterial Lemon 36 Lozenges",
    "imageUrl": "https://shop.coles.com.au/wcsstore/Coles-CAS/images/2/3/7/2372196-th.jpg",
    "categories": ["winter"],
    "tags": ["cold-and-flu", "cold-flu-pain-relief"],
    "locations": {
      "vic": {
        "price": 10.5,
        "promoText": " ",
        "packageSize": "1 pack",
        "packagePrice": "$10.50 per 1Ea"
      }
    }
  },
  {
    "id": "strepsils-lozenges-honey-lemon",
    "brand": "Strepsils",
    "name": "Lozenges Honey & Lemon",
    "imageUrl": "https://shop.coles.com.au/wcsstore/Coles-CAS/images/3/1/5/3157869-th.jpg",
    "categories": ["winter"],
    "tags": ["cold-and-flu", "cold-flu-pain-relief"],
    "locations": {
      "vic": {
        "price": 11,
        "promoText": "$1.60 ",
        "packageSize": "48 pack",
        "packagePrice": "$0.23 per 1Ea"
      }
    }
  },
  {
    "id": "strepsils-children-7-strawberry-sf-lozenges",
    "brand": "Strepsils",
    "name": "Sore Throat Lozenges Children 6+  Antibacterial Strawberry Sugar Free",
    "imageUrl": "https://shop.coles.com.au/wcsstore/Coles-CAS/images/3/1/5/3157790-th.jpg",
    "categories": ["winter"],
    "tags": ["cold-and-flu", "cold-flu-pain-relief"],
    "locations": {
      "vic": {
        "price": 10.5,
        "promoText": " ",
        "packageSize": "36 pack",
        "packagePrice": "$0.29 per 1Ea"
      }
    }
  },
  {
    "id": "strepsils-extra-lozenges-honey-lemon-3417970p",
    "brand": "Strepsils",
    "name": "Extra Honey and Lemon Fast Numbing Sore Throat Pain Relief with Anaesthetic 36 Lozenges",
    "imageUrl": "https://shop.coles.com.au/wcsstore/Coles-CAS/images/3/4/1/3417970-th.jpg",
    "categories": ["winter"],
    "tags": ["cold-and-flu", "cold-flu-pain-relief"],
    "locations": {
      "vic": {
        "price": 15,
        "promoText": "Was $16.00 on Apr 2019 ",
        "packageSize": "1 pack",
        "packagePrice": "$15.00 per 1Ea"
      }
    }
  },
  {
    "id": "strepsils-menthol-36-pack",
    "brand": "Strepsils",
    "name": "Menthol 36 Pack",
    "imageUrl": "https://shop.coles.com.au/wcsstore/Coles-CAS/images/3/7/3/3734204-th.jpg",
    "categories": ["winter"],
    "tags": ["cold-and-flu", "cold-flu-pain-relief"],
    "locations": {
      "vic": {
        "price": 8.5,
        "promoText": "$1.99 ",
        "packageSize": "36 pack",
        "packagePrice": "$0.24 per 1Ea"
      }
    }
  },
  {
    "id": "strepsils-menthol-16-pack",
    "brand": "Strepsils",
    "name": "Menthol 16 Pack",
    "imageUrl": "https://shop.coles.com.au/wcsstore/Coles-CAS/images/3/7/3/3734190-th.jpg",
    "categories": ["winter"],
    "tags": ["cold-and-flu", "cold-flu-pain-relief"],
    "locations": {
      "vic": {
        "price": 5.5,
        "promoText": "Was $6.30 on May 2020 ",
        "packageSize": "16 pack",
        "packagePrice": "$0.34 per 1Ea"
      }
    }
  },
  {
    "id": "vicks-vapodrops-lozenges-butter-menthol",
    "brand": "Vicks",
    "name": "VapoDrops Butter Menthol Lozenges",
    "imageUrl": "https://shop.coles.com.au/wcsstore/Coles-CAS/images/8/1/5/8155893-th.jpg",
    "categories": ["winter"],
    "tags": ["cold-and-flu", "cold-flu-pain-relief"],
    "locations": {
      "vic": {
        "price": 4.3,
        "promoText": " ",
        "packageSize": "24 pack",
        "packagePrice": "$0.18 per 1Ea"
      }
    }
  },
  {
    "id": "vicks-vapo-naturals-honey-drops",
    "brand": "Vicks",
    "name": "VapoNaturals Honey Throat Drops",
    "imageUrl": "https://shop.coles.com.au/wcsstore/Coles-CAS/images/1/2/1/1218248-th.jpg",
    "categories": ["winter"],
    "tags": ["cold-and-flu", "cold-flu-pain-relief"],
    "locations": {
      "vic": {
        "price": 4,
        "promoText": " ",
        "packageSize": "20 pack",
        "packagePrice": "$0.20 per 1Ea"
      }
    }
  },
  {
    "id": "vicks-herbal-honey-lemon-lozenges",
    "brand": "Vicks",
    "name": "VapoDrops Honey Lemon & Menthol",
    "imageUrl": "https://shop.coles.com.au/wcsstore/Coles-CAS/images/2/8/6/2862130-th.jpg",
    "categories": ["winter"],
    "tags": ["cold-and-flu", "cold-flu-pain-relief"],
    "locations": {
      "vic": {
        "price": 6,
        "promoText": " ",
        "packageSize": "16 pack",
        "packagePrice": "$0.38 per 1Ea"
      }
    }
  },
  {
    "id": "vicks-vapodrops-cough-berry-16pk",
    "brand": "Vicks",
    "name": "VapoDrops Cough Berry Menthol Lozenges",
    "imageUrl": "https://shop.coles.com.au/wcsstore/Coles-CAS/images/3/1/6/3160397-th.jpg",
    "categories": ["winter"],
    "tags": ["cold-and-flu", "cold-flu-pain-relief"],
    "locations": {
      "vic": {
        "price": 6,
        "promoText": " ",
        "packageSize": "16 pack",
        "packagePrice": "$0.38 per 1Ea"
      }
    }
  },
  {
    "id": "vicks-vapodrops-immune-support-orange",
    "brand": "Vicks",
    "name": "Vapodrops Immune Support Orange Menthol Lozenges",
    "imageUrl": "https://shop.coles.com.au/wcsstore/Coles-CAS/images/3/4/2/3427974-th.jpg",
    "categories": ["winter"],
    "tags": ["cold-and-flu", "cold-flu-pain-relief"],
    "locations": {
      "vic": {
        "price": 8,
        "promoText": " ",
        "packageSize": "16 pack",
        "packagePrice": "$0.50 per 1Ea"
      }
    }
  },
  {
    "id": "vicks-vapodrop-butter-menthol-42s",
    "brand": "Vicks",
    "name": "Vapodrop Butter Menthol",
    "imageUrl": "https://shop.coles.com.au/wcsstore/Coles-CAS/images/3/7/3/3734066-th.jpg",
    "categories": ["winter"],
    "tags": ["cold-and-flu", "cold-flu-pain-relief"],
    "locations": {
      "vic": {
        "price": 6.8,
        "promoText": " ",
        "packageSize": "42 pack",
        "packagePrice": "$0.16 per 1Ea"
      }
    }
  },
  {
    "id": "vicks-vapodrops-anti-inflammatory-lemon-16pk",
    "brand": "Vicks",
    "name": "Vapodrops Anti Inflammatory Lemon",
    "imageUrl": "https://shop.coles.com.au/wcsstore/Coles-CAS/images/3/7/3/3733755-th.jpg",
    "categories": ["winter"],
    "tags": ["cold-and-flu", "cold-flu-pain-relief"],
    "locations": {
      "vic": {
        "price": 8,
        "promoText": " ",
        "packageSize": "16 pack",
        "packagePrice": "$0.50 per 1Ea"
      }
    }
  },
  {
    "id": "panadol-cold-flu-plus-decongestant",
    "brand": "Panadol",
    "name": "Paracetamol Cold + Flu Plus Decongestant Caplets",
    "imageUrl": "https://shop.coles.com.au/wcsstore/Coles-CAS/images/6/9/3/6935778-th.jpg",
    "categories": ["winter"],
    "tags": ["cold-and-flu", "tablets-capsules"],
    "locations": {
      "vic": {
        "price": 13,
        "promoText": " ",
        "packageSize": "20 pack",
        "packagePrice": "$0.65 per 1Ea"
      }
    }
  },
  {
    "id": "codral-relief-tablets-cold-flu--decogestant",
    "brand": "Codral",
    "name": "Relief Cold & Flu Decongestant Tablets",
    "imageUrl": "https://shop.coles.com.au/wcsstore/Coles-CAS/images/9/0/1/9013737-th.jpg",
    "categories": ["winter"],
    "tags": ["cold-and-flu", "tablets-capsules"],
    "locations": {
      "vic": {
        "price": 11.44,
        "promoText": "$2.86 ",
        "packageSize": "20 pack",
        "packagePrice": "$0.57 per 1Ea"
      }
    }
  },
  {
    "id": "sudafed-pe-tablets-sinus--anti-infammatory-pain",
    "brand": "Sudafed",
    "name": "PE Sinus + Anti-infammatory & Pain Tablets",
    "imageUrl": "https://shop.coles.com.au/wcsstore/Coles-CAS/images/1/2/1/1216231-th.jpg",
    "categories": ["winter"],
    "tags": ["cold-and-flu", "tablets-capsules"],
    "locations": {
      "vic": {
        "price": 15.4,
        "promoText": " ",
        "packageSize": "20 pack",
        "packagePrice": "$0.77 per 1Ea"
      }
    }
  },
  {
    "id": "sambucol-cold-flu-lozenges",
    "brand": "Sambucol",
    "name": "Lozenges",
    "imageUrl": "https://shop.coles.com.au/wcsstore/Coles-CAS/images/2/8/6/2864532-th.jpg",
    "categories": ["winter"],
    "tags": ["cold-and-flu", "tablets-capsules"],
    "locations": {
      "vic": {
        "price": 7.5,
        "promoText": "$2.50 ",
        "packageSize": "20 pack",
        "packagePrice": "$0.38 per 1Ea"
      }
    }
  },
  {
    "id": "coles--cold-flu-day-night-capsules",
    "brand": "Coles",
    "name": "Cold & Flu Day & Night Capsules",
    "imageUrl": "https://shop.coles.com.au/wcsstore/Coles-CAS/images/2/8/4/2843340-th.jpg",
    "categories": ["winter"],
    "tags": ["cold-and-flu", "tablets-capsules"],
    "locations": {
      "vic": {
        "price": 9.5,
        "promoText": " ",
        "packageSize": "24 pack",
        "packagePrice": "$0.40 per 1Ea"
      }
    }
  },
  {
    "id": "nyal-tablets-cough--cold-flu",
    "brand": "Nyal",
    "name": "Cough Cold & Flu Tablets",
    "imageUrl": "https://shop.coles.com.au/wcsstore/Coles-CAS/images/2/8/6/2864714-th.jpg",
    "categories": ["winter"],
    "tags": ["cold-and-flu", "tablets-capsules"],
    "locations": {
      "vic": {
        "price": 11.2,
        "promoText": "$2.80 ",
        "packageSize": "24 pack",
        "packagePrice": "$0.47 per 1Ea"
      }
    }
  },
  {
    "id": "bisolvon-marshmallow-syrup-100ml",
    "brand": "Bisolvon",
    "name": "Duo Syrup",
    "imageUrl": "https://shop.coles.com.au/wcsstore/Coles-CAS/images/3/7/3/3734532-th.jpg",
    "categories": ["winter"],
    "tags": ["cold-and-flu", "tablets-capsules"],
    "locations": {
      "vic": {
        "price": 11.95,
        "promoText": "$3.04 ",
        "packageSize": "100mL",
        "packagePrice": "$11.95 per 100mL"
      }
    }
  },
  {
    "id": "bronchodual-cough-pastilles-20s",
    "brand": "Bronchodual",
    "name": "Cough Pastilles",
    "imageUrl": "https://shop.coles.com.au/wcsstore/Coles-CAS/images/3/7/3/3734521-th.jpg",
    "categories": ["winter"],
    "tags": ["cold-and-flu", "tablets-capsules"],
    "locations": {
      "vic": {
        "price": 12,
        "promoText": " ",
        "packageSize": "20 pack",
        "packagePrice": "$0.60 per 1Ea"
      }
    }
  },
  {
    "id": "codral-cold-flu-capsules-relief",
    "brand": "Codral",
    "name": "Relief Cold & Flu Capsules",
    "imageUrl": "https://shop.coles.com.au/wcsstore/Coles-CAS/images/1/2/1/1216209-th.jpg",
    "categories": ["winter"],
    "tags": ["cold-and-flu", "tablets-capsules"],
    "locations": {
      "vic": {
        "price": 15.4,
        "promoText": " ",
        "packageSize": "16 pack",
        "packagePrice": "$0.96 per 1Ea"
      }
    }
  },
  {
    "id": "coles-cold-flu-pain-relief--pe-decongestant-capsules",
    "brand": "Coles",
    "name": "Cold & Flu Pain Relief + Pe Decongesrant Capsules",
    "imageUrl": "https://shop.coles.com.au/wcsstore/Coles-CAS/images/2/8/4/2843339-th.jpg",
    "categories": ["winter"],
    "tags": ["cold-and-flu", "tablets-capsules"],
    "locations": {
      "vic": {
        "price": 10,
        "promoText": " ",
        "packageSize": "20 pack",
        "packagePrice": "$0.50 per 1Ea"
      }
    }
  },
  {
    "id": "coles-cough-cold-flu-day-night-capsules",
    "brand": "Coles",
    "name": "Cough Cold & Flu 18 Day & 6 Night Capsules",
    "imageUrl": "https://shop.coles.com.au/wcsstore/Coles-CAS/images/3/1/5/3151046-th.jpg",
    "categories": ["winter"],
    "tags": ["cold-and-flu", "tablets-capsules"],
    "locations": {
      "vic": {
        "price": 10,
        "promoText": " ",
        "packageSize": "1 pack",
        "packagePrice": "$10.00 per 1Ea"
      }
    }
  },
  {
    "id": "dimetapp-ultra-plus-cold-flu-tablets",
    "brand": "Dimetapp",
    "name": "Cold & Flu Tablets",
    "imageUrl": "https://shop.coles.com.au/wcsstore/Coles-CAS/images/2/8/6/2864543-th.jpg",
    "categories": ["winter"],
    "tags": ["cold-and-flu", "tablets-capsules"],
    "locations": {
      "vic": {
        "price": 14,
        "promoText": " ",
        "packageSize": "27 pack",
        "packagePrice": "$0.52 per 1Ea"
      }
    }
  },
  {
    "id": "dimetapp-multi-symptom-cold-flu-tablets",
    "brand": "Dimetapp",
    "name": "Cold & Flu Tablets",
    "imageUrl": "https://shop.coles.com.au/wcsstore/Coles-CAS/images/2/8/6/2864554-th.jpg",
    "categories": ["winter"],
    "tags": ["cold-and-flu", "tablets-capsules"],
    "locations": {
      "vic": {
        "price": 10,
        "promoText": "$3.00 ",
        "packageSize": "20 pack",
        "packagePrice": "$0.50 per 1Ea"
      }
    }
  },
  {
    "id": "ease-a-cold-immune-guard",
    "brand": "Ease A Cold",
    "name": "Immune Guard Hard Capsules",
    "imageUrl": "https://shop.coles.com.au/wcsstore/Coles-CAS/images/3/4/1/3412037-th.jpg",
    "categories": ["winter"],
    "tags": ["cold-and-flu", "tablets-capsules"],
    "locations": {
      "vic": {
        "price": 15,
        "promoText": "$5.00 ",
        "packageSize": "24 pack",
        "packagePrice": "$0.63 per 1Ea"
      }
    }
  },
  {
    "id": "mintec-20-pack",
    "brand": "Mintec",
    "name": "20 Pack",
    "imageUrl": "https://shop.coles.com.au/wcsstore/Coles-CAS/images/3/7/3/3734500-th.jpg",
    "categories": ["winter"],
    "tags": ["cold-and-flu", "tablets-capsules"],
    "locations": {
      "vic": {
        "price": 7.95,
        "promoText": "$2.00 ",
        "packageSize": "20 pack",
        "packagePrice": "$0.40 per 1Ea"
      }
    }
  },
  {
    "id": "nurofen-cold-flu-pe-tablets",
    "brand": "Nurofen",
    "name": "Cold and Flu Multi-Symptom Relief Tablets 200mg Ibuprofen",
    "imageUrl": "https://shop.coles.com.au/wcsstore/Coles-CAS/images/1/2/1/1216297-th.jpg",
    "categories": ["winter"],
    "tags": ["cold-and-flu", "tablets-capsules"],
    "locations": {
      "vic": {
        "price": 15.3,
        "promoText": " ",
        "packageSize": "24 pack",
        "packagePrice": "$0.64 per 1Ea"
      }
    }
  },
  {
    "id": "nurofen-cold-flu-pe-tablets-1216741p",
    "brand": "Nurofen",
    "name": "Cold and Flu Multi-Symptom Relief Tablets 200mg Ibuprofen",
    "imageUrl": "https://shop.coles.com.au/wcsstore/Coles-CAS/images/1/2/1/1216741-th.jpg",
    "categories": ["winter"],
    "tags": ["cold-and-flu", "tablets-capsules"],
    "locations": {
      "vic": {
        "price": 8,
        "promoText": "$1.00 ",
        "packageSize": "12 pack",
        "packagePrice": "$0.67 per 1Ea"
      }
    }
  },
  {
    "id": "sambucol-capsules-cold-flu",
    "brand": "Sambucol",
    "name": "Cold & Flu Capsules",
    "imageUrl": "https://shop.coles.com.au/wcsstore/Coles-CAS/images/7/4/8/7484583-th.jpg",
    "categories": ["winter"],
    "tags": ["cold-and-flu", "tablets-capsules"],
    "locations": {
      "vic": {
        "price": 14.25,
        "promoText": "$4.75 ",
        "packageSize": "24 pack",
        "packagePrice": "$0.59 per 1Ea"
      }
    }
  },
  {
    "id": "sambucol-cold-flu--pain-relief",
    "brand": "Sambucol",
    "name": "Cold & Flu+ Pain Relief",
    "imageUrl": "https://shop.coles.com.au/wcsstore/Coles-CAS/images/3/1/6/3160692-th.jpg",
    "categories": ["winter"],
    "tags": ["cold-and-flu", "tablets-capsules"],
    "locations": {
      "vic": {
        "price": 15,
        "promoText": "$5.00 ",
        "packageSize": "24 pack",
        "packagePrice": "$0.63 per 1Ea"
      }
    }
  },
  {
    "id": "sudafed-pe-tablets-nasal-decongestant",
    "brand": "Sudafed",
    "name": "PE Nasal Decongestant Tablets",
    "imageUrl": "https://shop.coles.com.au/wcsstore/Coles-CAS/images/9/0/1/9013760-th.jpg",
    "categories": ["winter"],
    "tags": ["cold-and-flu", "tablets-capsules"],
    "locations": {
      "vic": {
        "price": 11.2,
        "promoText": "$2.80 ",
        "packageSize": "20 pack",
        "packagePrice": "$0.56 per 1Ea"
      }
    }
  },
  {
    "id": "sudafed-pe-tablets-sinus--pain-relief",
    "brand": "Sudafed",
    "name": "PE Sinus + Pain Relief Tablets",
    "imageUrl": "https://shop.coles.com.au/wcsstore/Coles-CAS/images/9/0/1/9013781-th.jpg",
    "categories": ["winter"],
    "tags": ["cold-and-flu", "tablets-capsules"],
    "locations": {
      "vic": {
        "price": 11.44,
        "promoText": "$2.86 ",
        "packageSize": "20 pack",
        "packagePrice": "$0.57 per 1Ea"
      }
    }
  },
  {
    "id": "nyal-decongested-nasal-spray-pump",
    "brand": "Nyal",
    "name": "Decongested Nasal Spray Pump",
    "imageUrl": "https://shop.coles.com.au/wcsstore/Coles-CAS/images/5/1/5/5158319-th.jpg",
    "categories": ["winter"],
    "tags": ["cold-and-flu", "nasal-spray-rubs"],
    "locations": {
      "vic": {
        "price": 7.2,
        "promoText": "$1.80 ",
        "packageSize": "15mL",
        "packagePrice": "$48.00 per 100mL"
      }
    }
  },
  {
    "id": "vicks-vaporub-vapour-gel",
    "brand": "Vicks",
    "name": "VapoRub Ointment Decongestant Chest Rub",
    "imageUrl": "https://shop.coles.com.au/wcsstore/Coles-CAS/images/1/3/6/136079-th.jpg",
    "categories": ["winter"],
    "tags": ["cold-and-flu", "nasal-spray-rubs"],
    "locations": {
      "vic": {
        "price": 12.25,
        "promoText": " ",
        "packageSize": "100g",
        "packagePrice": "$12.25 per 100G"
      }
    }
  },
  {
    "id": "bosisto-s-nasal-spray-eucalyptus-50ml",
    "brand": "Bosisto's",
    "name": "Nasal Spray Eucalyptus",
    "imageUrl": "https://shop.coles.com.au/wcsstore/Coles-CAS/images/3/7/3/3734372-th.jpg",
    "categories": ["winter"],
    "tags": ["cold-and-flu", "nasal-spray-rubs"],
    "locations": {
      "vic": {
        "price": 8,
        "promoText": " ",
        "packageSize": "50mL",
        "packagePrice": "$16.00 per 100mL"
      }
    }
  },
  {
    "id": "breath-right-nasal-strips-regular-clear",
    "brand": "Breathe Right",
    "name": "Clear Regular Nasal Congestion Strips",
    "imageUrl": "https://shop.coles.com.au/wcsstore/Coles-CAS/images/7/2/3/7232730-th.jpg",
    "categories": ["winter"],
    "tags": ["cold-and-flu", "nasal-spray-rubs"],
    "locations": {
      "vic": {
        "price": 13.5,
        "promoText": " ",
        "packageSize": "10 pack",
        "packagePrice": "$1.35 per 1Ea"
      }
    }
  },
  {
    "id": "coles-smart-buy-chest-rub",
    "brand": "Coles",
    "name": "Chest Rub Ointment",
    "imageUrl": "https://shop.coles.com.au/wcsstore/Coles-CAS/images/5/1/8/51861-th.jpg",
    "categories": ["winter"],
    "tags": ["cold-and-flu", "nasal-spray-rubs"],
    "locations": {
      "vic": {
        "price": 2.3,
        "promoText": " ",
        "packageSize": "100g",
        "packagePrice": "$2.30 per 100G"
      }
    }
  },
  {
    "id": "coles-nasal-saline-solution",
    "brand": "Coles",
    "name": "Saline Nasal Spray",
    "imageUrl": "https://shop.coles.com.au/wcsstore/Coles-CAS/images/2/8/4/2845877-th.jpg",
    "categories": ["winter"],
    "tags": ["cold-and-flu", "nasal-spray-rubs"],
    "locations": {
      "vic": {
        "price": 7,
        "promoText": " ",
        "packageSize": "30mL",
        "packagePrice": "$23.33 per 100mL"
      }
    }
  },
  {
    "id": "coles-menthol-inhaler",
    "brand": "Coles",
    "name": "Menthol Inhaler 0.5mL",
    "imageUrl": "https://shop.coles.com.au/wcsstore/Coles-CAS/images/2/8/4/2845888-th.jpg",
    "categories": ["winter"],
    "tags": ["cold-and-flu", "nasal-spray-rubs"],
    "locations": {
      "vic": {
        "price": 5,
        "promoText": " ",
        "packageSize": "",
        "packagePrice": "$5.00 per 1Ea"
      }
    }
  },
  {
    "id": "oil-garden-breathe-easier-chest-rub-stick-12g",
    "brand": "Oil Garden",
    "name": "Breathe Easier Chest Rub Stick",
    "imageUrl": "https://shop.coles.com.au/wcsstore/Coles-CAS/images/3/7/3/3733642-th.jpg",
    "categories": ["winter"],
    "tags": ["cold-and-flu", "nasal-spray-rubs"],
    "locations": {
      "vic": {
        "price": 12,
        "promoText": " ",
        "packageSize": "12g",
        "packagePrice": "$100.00 per 100G"
      }
    }
  },
  {
    "id": "otrivin-seawater-euc-0-9-nms-20ml-x6",
    "brand": "Otrivin",
    "name": "Seawater",
    "imageUrl": "https://shop.coles.com.au/wcsstore/Coles-CAS/images/3/7/3/3733631-th.jpg",
    "categories": ["winter"],
    "tags": ["cold-and-flu", "nasal-spray-rubs"],
    "locations": {
      "vic": {
        "price": 8,
        "promoText": " ",
        "packageSize": "20mL",
        "packagePrice": "$40.00 per 100mL"
      }
    }
  },
  {
    "id": "thursday-plantation-antiseptic-spray-with-aloe-vera",
    "brand": "Thursday Plantation",
    "name": "Antiseptic Spray with Aloe Vera",
    "imageUrl": "https://shop.coles.com.au/wcsstore/Coles-CAS/images/1/8/3/1835313-th.jpg",
    "categories": ["winter"],
    "tags": ["cold-and-flu", "nasal-spray-rubs"],
    "locations": {
      "vic": {
        "price": 9.2,
        "promoText": " ",
        "packageSize": "100mL",
        "packagePrice": "$9.20 per 100mL"
      }
    }
  },
  {
    "id": "vicks-inhaler-pocket-pack",
    "brand": "Vicks",
    "name": "Nasal Spray Decongestant Inhaler",
    "imageUrl": "https://shop.coles.com.au/wcsstore/Coles-CAS/images/1/6/6/166116-th.jpg",
    "categories": ["winter"],
    "tags": ["cold-and-flu", "nasal-spray-rubs"],
    "locations": {
      "vic": {
        "price": 7.9,
        "promoText": " ",
        "packageSize": "0.5mL",
        "packagePrice": "$7.90 per 1Ea"
      }
    }
  },
  {
    "id": "vicks-vapo-rub-vaporising-ointment",
    "brand": "Vicks",
    "name": "VapoRub Ointment Decongestant Chest Rub",
    "imageUrl": "https://shop.coles.com.au/wcsstore/Coles-CAS/images/1/0/1/101915-th.jpg",
    "categories": ["winter"],
    "tags": ["cold-and-flu", "nasal-spray-rubs"],
    "locations": {
      "vic": {
        "price": 8,
        "promoText": " ",
        "packageSize": "50g",
        "packagePrice": "$16.00 per 100G"
      }
    }
  },
  {
    "id": "vicks-inhaler-twin-pack-3628433p",
    "brand": "Vicks",
    "name": "Inhaler Twin Pack",
    "imageUrl": "https://shop.coles.com.au/wcsstore/Coles-CAS/images/3/6/2/3628433-th.jpg",
    "categories": ["winter"],
    "tags": ["cold-and-flu", "nasal-spray-rubs"],
    "locations": {
      "vic": {
        "price": 13,
        "promoText": " ",
        "packageSize": "1mL",
        "packagePrice": "$13.00 per 1mL"
      }
    }
  },
  {
    "id": "betadine-ready-to-use-gargle-sore-throat",
    "brand": "Betadine",
    "name": "Ready To Use Sore Throat Gargle",
    "imageUrl": "https://shop.coles.com.au/wcsstore/Coles-CAS/images/7/8/1/7813266-th.jpg",
    "categories": ["winter"],
    "tags": ["cold-and-flu", "throat-gargle-drinks"],
    "locations": {
      "vic": {
        "price": 11.95,
        "promoText": "$1.35 ",
        "packageSize": "120mL",
        "packagePrice": "$9.96 per 100mL"
      }
    }
  },
  {
    "id": "betadine-concentrated-gargle-sore-throat",
    "brand": "Betadine",
    "name": "Concentrated Sore Throat Gargle",
    "imageUrl": "https://shop.coles.com.au/wcsstore/Coles-CAS/images/7/8/1/7813197-th.jpg",
    "categories": ["winter"],
    "tags": ["cold-and-flu", "throat-gargle-drinks"],
    "locations": {
      "vic": {
        "price": 12,
        "promoText": " ",
        "packageSize": "15mL",
        "packagePrice": "$80.01 per 100mL"
      }
    }
  },
  {
    "id": "lemsip-hot-drink-cold-flu-max",
    "brand": "Lemsip",
    "name": "Max Cold and Flu Multi Relief Hot Drink Lemon",
    "imageUrl": "https://shop.coles.com.au/wcsstore/Coles-CAS/images/8/9/1/8918204-th.jpg",
    "categories": ["winter"],
    "tags": ["cold-and-flu", "throat-gargle-drinks"],
    "locations": {
      "vic": {
        "price": 12,
        "promoText": " ",
        "packageSize": "10 pack",
        "packagePrice": "$1.20 per 1Ea"
      }
    }
  },
  {
    "id": "lemsip-max-drink-sachet-decon-lemon",
    "brand": "Lemsip",
    "name": "Max Cold and Flu with Decongestant Hot Drink Lemon",
    "imageUrl": "https://shop.coles.com.au/wcsstore/Coles-CAS/images/6/4/1/6419815-th.jpg",
    "categories": ["winter"],
    "tags": ["cold-and-flu", "throat-gargle-drinks"],
    "locations": {
      "vic": {
        "price": 13,
        "promoText": " ",
        "packageSize": "10 pack",
        "packagePrice": "$1.30 per 1Ea"
      }
    }
  },
  {
    "id": "lemsip-honey-ginger",
    "brand": "Lemsip",
    "name": "Honey and Ginger",
    "imageUrl": "https://shop.coles.com.au/wcsstore/Coles-CAS/images/2/8/6/2862210-th.jpg",
    "categories": ["winter"],
    "tags": ["cold-and-flu", "throat-gargle-drinks"],
    "locations": {
      "vic": {
        "price": 13,
        "promoText": " ",
        "packageSize": "10 pack",
        "packagePrice": "$1.30 per 1Ea"
      }
    }
  },
  {
    "id": "lemsips-all-in-one-capsules-16-pack",
    "brand": "Lemsip",
    "name": "All In One Capsules",
    "imageUrl": "https://shop.coles.com.au/wcsstore/Coles-CAS/images/3/7/3/3734248-th.jpg",
    "categories": ["winter"],
    "tags": ["cold-and-flu", "throat-gargle-drinks"],
    "locations": {
      "vic": {
        "price": 12,
        "promoText": "$3.00 ",
        "packageSize": "16 pack",
        "packagePrice": "$0.75 per 1Ea"
      }
    }
  },
  {
    "id": "lemsip-all-in-one-hot-drinks-10-pack",
    "brand": "Lemsip",
    "name": "All In One Hot Drinks",
    "imageUrl": "https://shop.coles.com.au/wcsstore/Coles-CAS/images/3/7/3/3734237-th.jpg",
    "categories": ["winter"],
    "tags": ["cold-and-flu", "throat-gargle-drinks"],
    "locations": {
      "vic": {
        "price": 12,
        "promoText": "$2.99 ",
        "packageSize": "10 pack",
        "packagePrice": "$1.20 per 1Ea"
      }
    }
  },
  {
    "id": "masterfoods-recipe-base-beef-red-wine",
    "brand": "MasterFoods",
    "name": "Slow Cooker Beef & Red Wine Casserole Recipe Base",
    "imageUrl": "https://shop.coles.com.au/wcsstore/Coles-CAS/images/6/8/5/6856092-th.jpg",
    "categories": ["winter"],
    "tags": ["winter-warmers", "slow-coked"],
    "locations": {
      "vic": {
        "price": 2.2,
        "promoText": "Any 3 $6",
        "packageSize": "175g",
        "packagePrice": "$1.26 per 100G"
      }
    }
  },
  {
    "id": "masterfoods-recipe-base-chicken-curry-mild",
    "brand": "MasterFoods",
    "name": "Slow Cooker Mild Chicken Curry Recipe Base",
    "imageUrl": "https://shop.coles.com.au/wcsstore/Coles-CAS/images/8/1/5/8152534-th.jpg",
    "categories": ["winter"],
    "tags": ["winter-warmers", "slow-coked"],
    "locations": {
      "vic": {
        "price": 2.2,
        "promoText": "Any 3 $6",
        "packageSize": "175g",
        "packagePrice": "$1.26 per 100G"
      }
    }
  },
  {
    "id": "pataks-paste-korma-curry-mild",
    "brand": "Patak's",
    "name": "Korma Curry Paste Mild",
    "imageUrl": "https://shop.coles.com.au/wcsstore/Coles-CAS/images/5/6/6/5666513-th.jpg",
    "categories": ["winter", "international-fods"],
    "tags": ["winter-warmers", "slow-coked"],
    "locations": {
      "vic": {
        "price": 5,
        "promoText": "$0.50 ",
        "packageSize": "290g",
        "packagePrice": "$1.72 per 100G"
      }
    }
  },
  {
    "id": "coles-lamb-shoulder-slow-cook",
    "brand": "Coles",
    "name": "Butcher Slow Cook Lamb Shoulder",
    "imageUrl": "https://shop.coles.com.au/wcsstore/Coles-CAS/images/9/1/5/9154794-th.jpg",
    "categories": ["winter", "entertaining-at-home", "meat-seafood-deli"],
    "tags": ["winter-warmers", "slow-coked"],
    "locations": {
      "vic": {
        "price": 19.2,
        "promoText": " ",
        "packageSize": "approx. 1.6kg",
        "packagePrice": "$12.00 per 1Kg"
      }
    }
  },
  {
    "id": "on-the-menu-lamb-shank",
    "brand": "On The Menu",
    "name": "Slow Cooked Lamb Plated Meals",
    "imageUrl": "https://shop.coles.com.au/wcsstore/Coles-CAS/images/2/9/4/2947822-th.jpg",
    "categories": ["winter", "frozen"],
    "tags": ["winter-warmers", "slow-coked"],
    "locations": {
      "vic": {
        "price": 6,
        "promoText": "Was $6.50 on Oct 2018 ",
        "packageSize": "320g",
        "packagePrice": "$1.88 per 100G"
      }
    }
  },
  {
    "id": "pataks-paste-tikka-masala-curry",
    "brand": "Patak's",
    "name": "Tikka Masala Curry Paste Medium",
    "imageUrl": "https://shop.coles.com.au/wcsstore/Coles-CAS/images/7/3/0/7306177-th.jpg",
    "categories": ["winter", "international-fods"],
    "tags": ["winter-warmers", "slow-coked"],
    "locations": {
      "vic": {
        "price": 5,
        "promoText": "$0.50 ",
        "packageSize": "283g",
        "packagePrice": "$1.77 per 100G"
      }
    }
  },
  {
    "id": "herbert-adams-slow-cooked-beef-with-portobello-mushroom-merlot",
    "brand": "Herbert Adams",
    "name": "Frozen Slow Cooked Beef with Portobello Mushroom & Merlot Pies 2pack",
    "imageUrl": "https://shop.coles.com.au/wcsstore/Coles-CAS/images/3/1/7/3171564-th.jpg",
    "categories": ["winter", "entertaining-at-home", "frozen"],
    "tags": ["winter-warmers", "slow-coked"],
    "locations": {
      "vic": {
        "price": 7.8,
        "promoText": " ",
        "packageSize": "400g",
        "packagePrice": "$1.95 per 100G"
      }
    }
  },
  {
    "id": "pataks-paste-rogan-josh-curry",
    "brand": "Patak's",
    "name": "Rogan Josh Curry Paste Medium",
    "imageUrl": "https://shop.coles.com.au/wcsstore/Coles-CAS/images/5/2/9/5292989-th.jpg",
    "categories": ["winter", "international-fods"],
    "tags": ["winter-warmers", "slow-coked"],
    "locations": {
      "vic": {
        "price": 5,
        "promoText": "$0.50 ",
        "packageSize": "283g",
        "packagePrice": "$1.77 per 100G"
      }
    }
  },
  {
    "id": "pataks-paste-curry-butter-chicken",
    "brand": "Patak's",
    "name": "Butter Chicken Curry Paste",
    "imageUrl": "https://shop.coles.com.au/wcsstore/Coles-CAS/images/9/3/1/9311087-th.jpg",
    "categories": ["winter", "international-fods"],
    "tags": ["winter-warmers", "slow-coked"],
    "locations": {
      "vic": {
        "price": 5,
        "promoText": "$0.50 ",
        "packageSize": "312g",
        "packagePrice": "$1.60 per 100G"
      }
    }
  },
  {
    "id": "pataks-paste-vindaloo-curry",
    "brand": "Patak's",
    "name": "Vindaloo Curry Paste Hot",
    "imageUrl": "https://shop.coles.com.au/wcsstore/Coles-CAS/images/5/0/2/5029917-th.jpg",
    "categories": ["winter", "international-fods"],
    "tags": ["winter-warmers", "slow-coked"],
    "locations": {
      "vic": {
        "price": 5,
        "promoText": "$0.50 ",
        "packageSize": "283g",
        "packagePrice": "$1.77 per 100G"
      }
    }
  },
  {
    "id": "super-nature-wellness-slow-cooked-lamb",
    "brand": "Super Nature",
    "name": "Frozen Super Protein Slow Cooked Lamb With Chickpea, Amaranth And Sweet Potato Mash Wellness Bowl",
    "imageUrl": "https://shop.coles.com.au/wcsstore/Coles-CAS/images/3/2/4/3240237-th.jpg",
    "categories": ["winter", "frozen"],
    "tags": ["winter-warmers", "slow-coked"],
    "locations": {
      "vic": {
        "price": 5,
        "promoText": "$1.30 ",
        "packageSize": "350g",
        "packagePrice": "$1.43 per 100G"
      }
    }
  },
  {
    "id": "luv-a-duck-slow-cooked-oriental-style-duck-legs",
    "brand": "Luv A Duck",
    "name": "Frozen Slow Cooked Peking Duck Legs",
    "imageUrl": "https://shop.coles.com.au/wcsstore/Coles-CAS/images/2/2/5/2256821-th.jpg",
    "categories": ["winter", "frozen"],
    "tags": ["winter-warmers", "slow-coked"],
    "locations": {
      "vic": {
        "price": 12.5,
        "promoText": " ",
        "packageSize": "400g",
        "packagePrice": "$3.13 per 100G"
      }
    }
  },
  {
    "id": "masterfoods-recipe-base-garlic-herb-lamb-shank",
    "brand": "MasterFoods",
    "name": "Slow Cooker Garlic & Herb Lamb Shanks Recipe Base",
    "imageUrl": "https://shop.coles.com.au/wcsstore/Coles-CAS/images/7/4/6/7468500-th.jpg",
    "categories": ["winter"],
    "tags": ["winter-warmers", "slow-coked"],
    "locations": {
      "vic": {
        "price": 2.2,
        "promoText": "Any 3 $6",
        "packageSize": "175g",
        "packagePrice": "$1.26 per 100G"
      }
    }
  },
  {
    "id": "masterfoods-mild-chicken-curry-simmer-sauce",
    "brand": "MasterFoods",
    "name": "Mild Chicken Curry Slow Cook Simmer Sauce",
    "imageUrl": "https://shop.coles.com.au/wcsstore/Coles-CAS/images/1/7/2/1727490-th.jpg",
    "categories": ["winter"],
    "tags": ["winter-warmers", "slow-coked"],
    "locations": {
      "vic": {
        "price": 3.7,
        "promoText": " ",
        "packageSize": "490g",
        "packagePrice": "$0.76 per 100G"
      }
    }
  },
  {
    "id": "masterfoods-recipe-base-lamb-casserole",
    "brand": "MasterFoods",
    "name": "Slow Cooker Lamb Casserole Recipe Base",
    "imageUrl": "https://shop.coles.com.au/wcsstore/Coles-CAS/images/6/8/5/6856070-th.jpg",
    "categories": ["winter"],
    "tags": ["winter-warmers", "slow-coked"],
    "locations": {
      "vic": {
        "price": 2.2,
        "promoText": "Any 3 $6",
        "packageSize": "175g",
        "packagePrice": "$1.26 per 100G"
      }
    }
  },
  {
    "id": "masterfoods-recipe-base-farmhouse-chicken",
    "brand": "MasterFoods",
    "name": "Slow Cooker Farmhouse Chicken Casserole Recipe Base",
    "imageUrl": "https://shop.coles.com.au/wcsstore/Coles-CAS/images/6/8/5/6856106-th.jpg",
    "categories": ["winter"],
    "tags": ["winter-warmers", "slow-coked"],
    "locations": {
      "vic": {
        "price": 2.2,
        "promoText": "Any 3 $6",
        "packageSize": "175g",
        "packagePrice": "$1.26 per 100G"
      }
    }
  },
  {
    "id": "on-the-menu-power-bowl-slow-cooked-lamb",
    "brand": "On The Menu",
    "name": "Frozen Slow Cooked Lamb In Red Wine Sauce King Size Power Bowl",
    "imageUrl": "https://shop.coles.com.au/wcsstore/Coles-CAS/images/3/2/3/3239635-th.jpg",
    "categories": ["winter", "frozen"],
    "tags": ["winter-warmers", "slow-coked"],
    "locations": {
      "vic": {
        "price": 7.5,
        "promoText": " ",
        "packageSize": "450g",
        "packagePrice": "$1.67 per 100G"
      }
    }
  },
  {
    "id": "mccain-frozen-man-size-chicken-kiev",
    "brand": "McCain",
    "name": "Frozen Man Size Chicken Kiev",
    "imageUrl": "https://shop.coles.com.au/wcsstore/Coles-CAS/images/2/9/4/2944165-th.jpg",
    "categories": ["winter", "frozen"],
    "tags": ["winter-warmers", "frozen-ready-meals"],
    "locations": {
      "vic": {
        "price": 8,
        "promoText": " ",
        "packageSize": "480g",
        "packagePrice": "$1.67 per 100G"
      }
    }
  },
  {
    "id": "mccain-healthy-choice-bowls-chicken-carbonara-frozen",
    "brand": "McCain",
    "name": "Frozen Healthy Choice Creamy Chicken Carbonara",
    "imageUrl": "https://shop.coles.com.au/wcsstore/Coles-CAS/images/8/0/5/8057078-th.jpg",
    "categories": ["winter", "frozen"],
    "tags": ["winter-warmers", "frozen-ready-meals"],
    "locations": {
      "vic": {
        "price": 4,
        "promoText": "Was $5.60 on Jul 2017 ",
        "packageSize": "300g",
        "packagePrice": "$1.33 per 100G"
      }
    }
  },
  {
    "id": "mccain-healthy-choice-meal-frozen-lemon-chicken",
    "brand": "McCain",
    "name": "Frozen Healthy Choice Lemon Chicken",
    "imageUrl": "https://shop.coles.com.au/wcsstore/Coles-CAS/images/6/5/5/6557841-th.jpg",
    "categories": ["winter", "frozen"],
    "tags": ["winter-warmers", "frozen-ready-meals"],
    "locations": {
      "vic": {
        "price": 4,
        "promoText": "Was $6.15 on Jul 2017 ",
        "packageSize": "350g",
        "packagePrice": "$1.14 per 100G"
      }
    }
  },
  {
    "id": "coles-convenience-meal-satay-chicken",
    "brand": "Coles",
    "name": "Frozen Satay Chicken Meal",
    "imageUrl": "https://shop.coles.com.au/wcsstore/Coles-CAS/images/1/3/0/1307359-th.jpg",
    "categories": ["winter", "frozen"],
    "tags": ["winter-warmers", "frozen-ready-meals"],
    "locations": {
      "vic": {
        "price": 3,
        "promoText": "Was $3.30 on Nov 2019 ",
        "packageSize": "375g",
        "packagePrice": "$0.80 per 100G"
      }
    }
  },
  {
    "id": "weight-watchers-chilli-con-carne",
    "brand": "Weight Watchers",
    "name": "Chilli Con Carne",
    "imageUrl": "https://shop.coles.com.au/wcsstore/Coles-CAS/images/3/5/8/3581522-th.jpg",
    "categories": ["winter", "frozen"],
    "tags": ["winter-warmers", "frozen-ready-meals"],
    "locations": {
      "vic": {
        "price": 5.8,
        "promoText": " ",
        "packageSize": "330g",
        "packagePrice": "$1.76 per 100G"
      }
    }
  },
  {
    "id": "coles-meal-spaghetti-bolognese-frozen",
    "brand": "Coles",
    "name": "Frozen Spaghetti Bolognese With Beef Mince",
    "imageUrl": "https://shop.coles.com.au/wcsstore/Coles-CAS/images/6/1/1/6115683-th.jpg",
    "categories": ["winter", "frozen"],
    "tags": ["winter-warmers", "frozen-ready-meals"],
    "locations": {
      "vic": {
        "price": 3,
        "promoText": "Was $3.30 on Nov 2019 ",
        "packageSize": "375g",
        "packagePrice": "$0.80 per 100G"
      }
    }
  },
  {
    "id": "coles-meal-butter-chicken-frozen",
    "brand": "Coles",
    "name": "RSPCA Approved Butter Chicken With Long Grain Rice",
    "imageUrl": "https://shop.coles.com.au/wcsstore/Coles-CAS/images/6/3/8/6388121-th.jpg",
    "categories": ["winter", "frozen"],
    "tags": ["winter-warmers", "frozen-ready-meals"],
    "locations": {
      "vic": {
        "price": 3,
        "promoText": "Was $3.30 on Nov 2019 ",
        "packageSize": "375g",
        "packagePrice": "$0.80 per 100G"
      }
    }
  },
  {
    "id": "lean-cuisine-steamed-meal-frozen-chicken-butter-indian-style-with-rice",
    "brand": "Lean Cuisine",
    "name": "Frozen Steam Indian Butter Chicken with Rice",
    "imageUrl": "https://shop.coles.com.au/wcsstore/Coles-CAS/images/5/7/0/5700520-th.jpg",
    "categories": ["winter", "frozen"],
    "tags": ["winter-warmers", "frozen-ready-meals"],
    "locations": {
      "vic": {
        "price": 4.5,
        "promoText": "$2.20 ",
        "packageSize": "370g",
        "packagePrice": "$1.22 per 100G"
      }
    }
  },
  {
    "id": "weight-watchers-meal-frozen-tuna-bake",
    "brand": "Weight Watchers",
    "name": "Frozen Creamy Tuna Bake Meal",
    "imageUrl": "https://shop.coles.com.au/wcsstore/Coles-CAS/images/5/0/0/5006762-th.jpg",
    "categories": ["winter", "frozen"],
    "tags": ["winter-warmers", "frozen-ready-meals"],
    "locations": {
      "vic": {
        "price": 5.8,
        "promoText": " ",
        "packageSize": "320g",
        "packagePrice": "$1.81 per 100G"
      }
    }
  },
  {
    "id": "coles-meal-tuna-bake-frozen",
    "brand": "Coles",
    "name": "Tuna Bake",
    "imageUrl": "https://shop.coles.com.au/wcsstore/Coles-CAS/images/7/1/4/7147109-th.jpg",
    "categories": ["winter", "frozen"],
    "tags": ["winter-warmers", "frozen-ready-meals"],
    "locations": {
      "vic": {
        "price": 3,
        "promoText": "Was $3.30 on Nov 2019 ",
        "packageSize": "375g",
        "packagePrice": "$0.80 per 100G"
      }
    }
  },
  {
    "id": "lean-cuisine-meal-beef-stroganoff-with-pasta",
    "brand": "Lean Cuisine",
    "name": "Frozen Classic Beef Stroganoff with Pasta",
    "imageUrl": "https://shop.coles.com.au/wcsstore/Coles-CAS/images/4/4/8/4480655-th.jpg",
    "categories": ["winter", "frozen"],
    "tags": ["winter-warmers", "frozen-ready-meals"],
    "locations": {
      "vic": {
        "price": 5.7,
        "promoText": " ",
        "packageSize": "280g",
        "packagePrice": "$2.04 per 100G"
      }
    }
  },
  {
    "id": "weight-watchers-mushroom-pumpkn-risotto",
    "brand": "Weight Watchers",
    "name": "Snap Frozen Mushroom & Pumpkin Risotto",
    "imageUrl": "https://shop.coles.com.au/wcsstore/Coles-CAS/images/3/5/8/3581544-th.jpg",
    "categories": ["winter", "frozen"],
    "tags": ["winter-warmers", "frozen-ready-meals"],
    "locations": {
      "vic": {
        "price": 5.8,
        "promoText": " ",
        "packageSize": "320g",
        "packagePrice": "$1.81 per 100G"
      }
    }
  },
  {
    "id": "on-the-menu-meal-frozen-chicken-parmigiana",
    "brand": "On The Menu",
    "name": "Frozen Chicken Parmigiana",
    "imageUrl": "https://shop.coles.com.au/wcsstore/Coles-CAS/images/8/1/5/8151892-th.jpg",
    "categories": ["winter", "frozen"],
    "tags": ["winter-warmers", "frozen-ready-meals"],
    "locations": {
      "vic": {
        "price": 6,
        "promoText": "Was $6.50 on Oct 2018 ",
        "packageSize": "320g",
        "packagePrice": "$1.88 per 100G"
      }
    }
  },
  {
    "id": "on-the-menu-beef-lasagne-frozen-meal-1837374p",
    "brand": "On The Menu",
    "name": "Frozen Beef Lasagne",
    "imageUrl": "https://shop.coles.com.au/wcsstore/Coles-CAS/images/1/8/3/1837374-th.jpg",
    "categories": ["winter", "frozen"],
    "tags": ["winter-warmers", "frozen-ready-meals"],
    "locations": {
      "vic": {
        "price": 6,
        "promoText": "Was $9.00 on Jul 2017 ",
        "packageSize": "1kg",
        "packagePrice": "$6.00 per 1Kg"
      }
    }
  },
  {
    "id": "on-the-menu-plated-meals-roast-lamb",
    "brand": "On The Menu",
    "name": "Roast Lamb Plated Meals",
    "imageUrl": "https://shop.coles.com.au/wcsstore/Coles-CAS/images/3/5/1/3513726-th.jpg",
    "categories": ["winter", "frozen"],
    "tags": ["winter-warmers", "frozen-ready-meals"],
    "locations": {
      "vic": {
        "price": 6,
        "promoText": "Was $6.50 on Nov 2018 ",
        "packageSize": "320g",
        "packagePrice": "$1.88 per 100G"
      }
    }
  },
  {
    "id": "coles-meal-lasagne-beef-bechemel-frozen-6115592p",
    "brand": "Coles",
    "name": "Frozen Beef Lasagne",
    "imageUrl": "https://shop.coles.com.au/wcsstore/Coles-CAS/images/6/1/1/6115592-th.jpg",
    "categories": ["winter", "frozen"],
    "tags": ["winter-warmers", "frozen-ready-meals"],
    "locations": {
      "vic": {
        "price": 3,
        "promoText": "Was $3.30 on Nov 2019 ",
        "packageSize": "375g",
        "packagePrice": "$0.80 per 100G"
      }
    }
  },
  {
    "id": "coles-veg-pad-thai",
    "brand": "Coles",
    "name": "Veg Pad Thai",
    "imageUrl": "https://shop.coles.com.au/wcsstore/Coles-CAS/images/3/2/1/3218169-th.jpg",
    "categories": ["winter", "frozen"],
    "tags": ["winter-warmers", "frozen-ready-meals"],
    "locations": {
      "vic": {
        "price": 3,
        "promoText": "Was $3.30 on Nov 2019 ",
        "packageSize": "375g",
        "packagePrice": "$0.80 per 100G"
      }
    }
  },
  {
    "id": "lean-cuisine-steamed-meal-frozen-thai-red-chicken-curry-with-rice",
    "brand": "Lean Cuisine",
    "name": "Frozen Steam Thai Red Chicken Curry with Rice",
    "imageUrl": "https://shop.coles.com.au/wcsstore/Coles-CAS/images/5/7/0/5700564-th.jpg",
    "categories": ["winter", "frozen"],
    "tags": ["winter-warmers", "frozen-ready-meals"],
    "locations": {
      "vic": {
        "price": 4.5,
        "promoText": "$2.20 ",
        "packageSize": "380g",
        "packagePrice": "$1.18 per 100G"
      }
    }
  },
  {
    "id": "lean-cuisine-steamed-meal-frozen-sundried-tomato-chicken-with-pasta",
    "brand": "Lean Cuisine",
    "name": "Frozen Steam Sundried Tomato & Chicken Pasta",
    "imageUrl": "https://shop.coles.com.au/wcsstore/Coles-CAS/images/5/7/0/5700531-th.jpg",
    "categories": ["winter", "frozen"],
    "tags": ["winter-warmers", "frozen-ready-meals"],
    "locations": {
      "vic": {
        "price": 4.5,
        "promoText": "$2.20 ",
        "packageSize": "370g",
        "packagePrice": "$1.22 per 100G"
      }
    }
  },
  {
    "id": "mccain-frozen-man-size-chicken-bacon-bake",
    "brand": "McCain",
    "name": "Frozen Man Size Grilled Chicken & Bacon Pasta",
    "imageUrl": "https://shop.coles.com.au/wcsstore/Coles-CAS/images/2/9/4/2944176-th.jpg",
    "categories": ["winter", "frozen"],
    "tags": ["winter-warmers", "frozen-ready-meals"],
    "locations": {
      "vic": {
        "price": 8,
        "promoText": " ",
        "packageSize": "480g",
        "packagePrice": "$1.67 per 100G"
      }
    }
  },
  {
    "id": "on-the-menu-chicken-kiev-plated-frozen-meal",
    "brand": "On The Menu",
    "name": "Frozen Chicken Kiev",
    "imageUrl": "https://shop.coles.com.au/wcsstore/Coles-CAS/images/2/4/1/2414671-th.jpg",
    "categories": ["winter", "frozen"],
    "tags": ["winter-warmers", "frozen-ready-meals"],
    "locations": {
      "vic": {
        "price": 6,
        "promoText": "Was $6.50 on Oct 2018 ",
        "packageSize": "320g",
        "packagePrice": "$1.88 per 100G"
      }
    }
  },
  {
    "id": "super-nature-pulses-thai-green-chicken-curry",
    "brand": "Super Nature",
    "name": "Frozen Dairy Free Super Pulses Thai Green Chicken Curry",
    "imageUrl": "https://shop.coles.com.au/wcsstore/Coles-CAS/images/3/2/3/3239930-th.jpg",
    "categories": ["winter", "frozen"],
    "tags": ["winter-warmers", "frozen-ready-meals"],
    "locations": {
      "vic": {
        "price": 4,
        "promoText": " ",
        "packageSize": "300g",
        "packagePrice": "$1.33 per 100G"
      }
    }
  },
  {
    "id": "coles-meal-macaroni-cheese-frozen",
    "brand": "Coles",
    "name": "Frozen Macaroni Cheese",
    "imageUrl": "https://shop.coles.com.au/wcsstore/Coles-CAS/images/6/1/1/6115708-th.jpg",
    "categories": ["winter", "frozen"],
    "tags": ["winter-warmers", "frozen-ready-meals"],
    "locations": {
      "vic": {
        "price": 3,
        "promoText": "Was $3.30 on Nov 2019 ",
        "packageSize": "375g",
        "packagePrice": "$0.80 per 100G"
      }
    }
  },
  {
    "id": "coles-smart-buy-lasagne-frozen",
    "brand": "Coles",
    "name": "Frozen Beef Lasagne Pasta",
    "imageUrl": "https://shop.coles.com.au/wcsstore/Coles-CAS/images/5/6/1/5613663-th.jpg",
    "categories": ["winter", "frozen"],
    "tags": ["winter-warmers", "frozen-ready-meals"],
    "locations": {
      "vic": {
        "price": 2.25,
        "promoText": " ",
        "packageSize": "400g",
        "packagePrice": "$0.56 per 100G"
      }
    }
  },
  {
    "id": "mccain-frozen-man-size-bangers-mash",
    "brand": "McCain",
    "name": "Frozen Man Size Bangers",
    "imageUrl": "https://shop.coles.com.au/wcsstore/Coles-CAS/images/2/9/4/2944154-th.jpg",
    "categories": ["winter", "frozen"],
    "tags": ["winter-warmers", "frozen-ready-meals"],
    "locations": {
      "vic": {
        "price": 8,
        "promoText": " ",
        "packageSize": "500g",
        "packagePrice": "$1.60 per 100G"
      }
    }
  },
  {
    "id": "on-the-menu-beef-lasagne",
    "brand": "On The Menu",
    "name": "Frozen Beef Lasagne",
    "imageUrl": "https://shop.coles.com.au/wcsstore/Coles-CAS/images/1/1/6/1167894-th.jpg",
    "categories": ["winter", "frozen"],
    "tags": ["winter-warmers", "frozen-ready-meals"],
    "locations": {
      "vic": {
        "price": 2.4,
        "promoText": "$0.60 ",
        "packageSize": "260g",
        "packagePrice": "$0.92 per 100G"
      }
    }
  },
  {
    "id": "on-the-menu-meal-frozen-roast-chicken",
    "brand": "On The Menu",
    "name": "Frozen Roast Chicken",
    "imageUrl": "https://shop.coles.com.au/wcsstore/Coles-CAS/images/8/1/5/8151906-th.jpg",
    "categories": ["winter", "frozen"],
    "tags": ["winter-warmers", "frozen-ready-meals"],
    "locations": {
      "vic": {
        "price": 6,
        "promoText": "Was $6.50 on Oct 2018 ",
        "packageSize": "320g",
        "packagePrice": "$1.88 per 100G"
      }
    }
  },
  {
    "id": "super-nature-pulses-vegan-bolognes",
    "brand": "Super Nature",
    "name": "Frozen Super Pulses Vegan Bolognese",
    "imageUrl": "https://shop.coles.com.au/wcsstore/Coles-CAS/images/3/2/3/3239806-th.jpg",
    "categories": ["winter", "frozen"],
    "tags": ["winter-warmers", "frozen-ready-meals"],
    "locations": {
      "vic": {
        "price": 4,
        "promoText": " ",
        "packageSize": "300g",
        "packagePrice": "$1.33 per 100G"
      }
    }
  },
  {
    "id": "weight-watchers-meal-frozen-cottage-pie",
    "brand": "Weight Watchers",
    "name": "Frozen Beef Cottage Pie Meal",
    "imageUrl": "https://shop.coles.com.au/wcsstore/Coles-CAS/images/5/0/0/5006900-th.jpg",
    "categories": ["winter", "frozen"],
    "tags": ["winter-warmers", "frozen-ready-meals"],
    "locations": {
      "vic": {
        "price": 5.8,
        "promoText": " ",
        "packageSize": "320g",
        "packagePrice": "$1.81 per 100G"
      }
    }
  },
  {
    "id": "coles-pie-shepherds-frozen",
    "brand": "Coles",
    "name": "Frozen Shepherd's Pie",
    "imageUrl": "https://shop.coles.com.au/wcsstore/Coles-CAS/images/6/3/9/6392672-th.jpg",
    "categories": ["winter", "frozen"],
    "tags": ["winter-warmers", "frozen-ready-meals"],
    "locations": {
      "vic": {
        "price": 3,
        "promoText": "Was $3.30 on Nov 2019 ",
        "packageSize": "375g",
        "packagePrice": "$0.80 per 100G"
      }
    }
  },
  {
    "id": "core-power-foods-portugues-style-chicken",
    "brand": "Core Power Foods",
    "name": "Portuguese-Style Chicken",
    "imageUrl": "https://shop.coles.com.au/wcsstore/Coles-CAS/images/3/5/3/3533927-th.jpg",
    "categories": ["winter", "frozen"],
    "tags": ["winter-warmers", "frozen-ready-meals"],
    "locations": {
      "vic": {
        "price": 9,
        "promoText": " ",
        "packageSize": "350g",
        "packagePrice": "$2.57 per 100G"
      }
    }
  },
  {
    "id": "lean-cuisine-meal-lamb-rosemary-hot-pot",
    "brand": "Lean Cuisine",
    "name": "Frozen Balance Hearty Lamb & Rosemary Hot Pot",
    "imageUrl": "https://shop.coles.com.au/wcsstore/Coles-CAS/images/6/5/6/6567980-th.jpg",
    "categories": ["winter", "frozen"],
    "tags": ["winter-warmers", "frozen-ready-meals"],
    "locations": {
      "vic": {
        "price": 5.7,
        "promoText": " ",
        "packageSize": "290g",
        "packagePrice": "$1.97 per 100G"
      }
    }
  },
  {
    "id": "on-the-menu-plated-meals-bbq-mixed-grill",
    "brand": "On The Menu",
    "name": "Frozen BBQ Mixed Grill",
    "imageUrl": "https://shop.coles.com.au/wcsstore/Coles-CAS/images/8/9/3/8934980-th.jpg",
    "categories": ["winter", "frozen"],
    "tags": ["winter-warmers", "frozen-ready-meals"],
    "locations": {
      "vic": {
        "price": 6,
        "promoText": "Was $6.50 on Oct 2018 ",
        "packageSize": "320g",
        "packagePrice": "$1.88 per 100G"
      }
    }
  },
  {
    "id": "on-the-menu-meal-frozen-angus-roast-beef",
    "brand": "On The Menu",
    "name": "Roast Beef Plated Meal",
    "imageUrl": "https://shop.coles.com.au/wcsstore/Coles-CAS/images/8/1/5/8151917-th.jpg",
    "categories": ["winter", "frozen"],
    "tags": ["winter-warmers", "frozen-ready-meals"],
    "locations": {
      "vic": {
        "price": 6,
        "promoText": "Was $6.50 on Nov 2018 ",
        "packageSize": "320g",
        "packagePrice": "$1.88 per 100G"
      }
    }
  },
  {
    "id": "on-the-menu-pappardelle-ragu",
    "brand": "On The Menu",
    "name": "Frozen Pappardelle Ragu",
    "imageUrl": "https://shop.coles.com.au/wcsstore/Coles-CAS/images/2/7/4/2742364-th.jpg",
    "categories": ["winter", "frozen"],
    "tags": ["winter-warmers", "frozen-ready-meals"],
    "locations": {
      "vic": {
        "price": 2.4,
        "promoText": "$0.60 ",
        "packageSize": "260g",
        "packagePrice": "$0.92 per 100G"
      }
    }
  },
  {
    "id": "coles-chicken-fettuccine-carbonara",
    "brand": "Coles",
    "name": "Frozen Chicken Fettuccine Carbonara",
    "imageUrl": "https://shop.coles.com.au/wcsstore/Coles-CAS/images/2/7/4/2742025-th.jpg",
    "categories": ["winter", "frozen"],
    "tags": ["winter-warmers", "frozen-ready-meals"],
    "locations": {
      "vic": {
        "price": 3,
        "promoText": "Was $3.30 on Nov 2019 ",
        "packageSize": "375g",
        "packagePrice": "$0.80 per 100G"
      }
    }
  },
  {
    "id": "lean-cuisine-meal-thai-green-chicken-curry-with-rice",
    "brand": "Lean Cuisine",
    "name": "Frozen Steam Thai Green Curry with Rice",
    "imageUrl": "https://shop.coles.com.au/wcsstore/Coles-CAS/images/9/2/2/9229747-th.jpg",
    "categories": ["winter", "frozen"],
    "tags": ["winter-warmers", "frozen-ready-meals"],
    "locations": {
      "vic": {
        "price": 5.7,
        "promoText": " ",
        "packageSize": "280g",
        "packagePrice": "$2.04 per 100G"
      }
    }
  },
  {
    "id": "mccain-healthy-choice-plus-honey-stir-fry-meal-frozen",
    "brand": "McCain",
    "name": "Frozen Healthy Choice Chicken Honey Stir Fry",
    "imageUrl": "https://shop.coles.com.au/wcsstore/Coles-CAS/images/6/7/7/6774340-th.jpg",
    "categories": ["winter", "frozen"],
    "tags": ["winter-warmers", "frozen-ready-meals"],
    "locations": {
      "vic": {
        "price": 4,
        "promoText": "Was $5.60 on Jul 2017 ",
        "packageSize": "330g",
        "packagePrice": "$1.21 per 100G"
      }
    }
  },
  {
    "id": "mccain-healthy-choice-meal-frozen-spinach-ricotta-ravioli",
    "brand": "McCain",
    "name": "Frozen Healthy Choice Spinach & Ricotta Ravioli",
    "imageUrl": "https://shop.coles.com.au/wcsstore/Coles-CAS/images/4/7/3/4732237-th.jpg",
    "categories": ["winter", "frozen"],
    "tags": ["winter-warmers", "frozen-ready-meals"],
    "locations": {
      "vic": {
        "price": 4,
        "promoText": "Was $5.60 on Jul 2017 ",
        "packageSize": "390g",
        "packagePrice": "$1.14 per 100G"
      }
    }
  },
  {
    "id": "mccain-mansize-pub-style-parma",
    "brand": "McCain",
    "name": "Man Size Pub Style Parma",
    "imageUrl": "https://shop.coles.com.au/wcsstore/Coles-CAS/images/3/5/4/3545256-th.jpg",
    "categories": ["winter", "frozen"],
    "tags": ["winter-warmers", "frozen-ready-meals"],
    "locations": {
      "vic": {
        "price": 8,
        "promoText": " ",
        "packageSize": "480g",
        "packagePrice": "$1.67 per 100G"
      }
    }
  },
  {
    "id": "on-the-menu-macaroni-cheese",
    "brand": "On The Menu",
    "name": "Frozen Cheese Macaroni",
    "imageUrl": "https://shop.coles.com.au/wcsstore/Coles-CAS/images/1/1/6/1167872-th.jpg",
    "categories": ["winter", "frozen"],
    "tags": ["winter-warmers", "frozen-ready-meals"],
    "locations": {
      "vic": {
        "price": 2.4,
        "promoText": "$0.60 ",
        "packageSize": "260g",
        "packagePrice": "$0.92 per 100G"
      }
    }
  },
  {
    "id": "on-the-menu-cottage-pie-frozen-meal",
    "brand": "On The Menu",
    "name": "Cottage Pie",
    "imageUrl": "https://shop.coles.com.au/wcsstore/Coles-CAS/images/2/3/1/2315250-th.jpg",
    "categories": ["winter", "frozen"],
    "tags": ["winter-warmers", "frozen-ready-meals"],
    "locations": {
      "vic": {
        "price": 2.4,
        "promoText": "$0.60 ",
        "packageSize": "260g",
        "packagePrice": "$0.92 per 100G"
      }
    }
  },
  {
    "id": "super-nature--frozen-super-nut-satay-chicken-with-quinoa",
    "brand": "Super Nature",
    "name": "Frozen Super Protein Satay Chicken with Quinoa, Chickpea & Wild Rice Mix Wellness Bowl",
    "imageUrl": "https://shop.coles.com.au/wcsstore/Coles-CAS/images/2/9/4/2946659-th.jpg",
    "categories": ["winter", "frozen"],
    "tags": ["winter-warmers", "frozen-ready-meals"],
    "locations": {
      "vic": {
        "price": 5,
        "promoText": "$1.30 ",
        "packageSize": "350g",
        "packagePrice": "$1.43 per 100G"
      }
    }
  },
  {
    "id": "coles-meal-thai-green-chicken-curry-frozen",
    "brand": "Coles",
    "name": "RSPCA Approved Thai Green Chicken Curry with Long Grain Rice",
    "imageUrl": "https://shop.coles.com.au/wcsstore/Coles-CAS/images/6/3/8/6388256-th.jpg",
    "categories": ["winter", "frozen"],
    "tags": ["winter-warmers", "frozen-ready-meals"],
    "locations": {
      "vic": {
        "price": 3,
        "promoText": "Was $3.30 on Nov 2019 ",
        "packageSize": "375g",
        "packagePrice": "$0.80 per 100G"
      }
    }
  },
  {
    "id": "coles-singapore-noodles",
    "brand": "Coles",
    "name": "Singapore Noodles",
    "imageUrl": "https://shop.coles.com.au/wcsstore/Coles-CAS/images/3/4/8/3480423-th.jpg",
    "categories": ["winter", "frozen"],
    "tags": ["winter-warmers", "frozen-ready-meals"],
    "locations": {
      "vic": {
        "price": 3,
        "promoText": "Was $3.30 on Nov 2019 ",
        "packageSize": "375g",
        "packagePrice": "$0.80 per 100G"
      }
    }
  },
  {
    "id": "lean-cuisine-meal-spaghetti-bolognese",
    "brand": "Lean Cuisine",
    "name": "Frozen Balance Classic Spaghetti Bolognese",
    "imageUrl": "https://shop.coles.com.au/wcsstore/Coles-CAS/images/6/5/6/6567947-th.jpg",
    "categories": ["winter", "frozen"],
    "tags": ["winter-warmers", "frozen-ready-meals"],
    "locations": {
      "vic": {
        "price": 5.7,
        "promoText": " ",
        "packageSize": "300g",
        "packagePrice": "$1.90 per 100G"
      }
    }
  },
  {
    "id": "mccain-health-choice-bowls-chinese-chicken-cashews-frozen",
    "brand": "McCain",
    "name": "Frozen Healthy Choice Chinese Chicken With Cashews",
    "imageUrl": "https://shop.coles.com.au/wcsstore/Coles-CAS/images/8/0/5/8057001-th.jpg",
    "categories": ["winter", "frozen"],
    "tags": ["winter-warmers", "frozen-ready-meals"],
    "locations": {
      "vic": {
        "price": 4,
        "promoText": "Was $5.60 on Jul 2017 ",
        "packageSize": "280g",
        "packagePrice": "$1.43 per 100G"
      }
    }
  },
  {
    "id": "on-the-menu-plated-meals-veal-cordon-bleu",
    "brand": "On The Menu",
    "name": "Veal Cordon Bleu Plated Meals",
    "imageUrl": "https://shop.coles.com.au/wcsstore/Coles-CAS/images/3/5/1/3513737-th.jpg",
    "categories": ["winter", "frozen"],
    "tags": ["winter-warmers", "frozen-ready-meals"],
    "locations": {
      "vic": {
        "price": 6,
        "promoText": "Was $6.50 on Nov 2018 ",
        "packageSize": "320g",
        "packagePrice": "$1.88 per 100G"
      }
    }
  },
  {
    "id": "gravox-traditional-gravy-mix",
    "brand": "Gravox",
    "name": "Traditional Gravy Mix",
    "imageUrl": "https://shop.coles.com.au/wcsstore/Coles-CAS/images/6/0/4/6048826-th.jpg",
    "categories": ["winter"],
    "tags": ["winter-warmers", "gravy-sauce-mix"],
    "locations": {
      "vic": {
        "price": 3.3,
        "promoText": "Any 2 $5",
        "packageSize": "120g",
        "packagePrice": "$0.28 per 10G"
      }
    }
  },
  {
    "id": "gravox-liquid-pepper-steak-sauce",
    "brand": "Gravox",
    "name": "Pepper Steak Liquid Sauce",
    "imageUrl": "https://shop.coles.com.au/wcsstore/Coles-CAS/images/4/9/9/4999827-th.jpg",
    "categories": ["winter"],
    "tags": ["winter-warmers", "gravy-sauce-mix"],
    "locations": {
      "vic": {
        "price": 2,
        "promoText": "Was $2.55 on May 2017 ",
        "packageSize": "165g",
        "packagePrice": "$1.21 per 100G"
      }
    }
  },
  {
    "id": "gravox-roast-meat-gravy-mix",
    "brand": "Gravox",
    "name": "Roast Meat Gravy Mix",
    "imageUrl": "https://shop.coles.com.au/wcsstore/Coles-CAS/images/6/0/4/6048815-th.jpg",
    "categories": ["winter"],
    "tags": ["winter-warmers", "gravy-sauce-mix"],
    "locations": {
      "vic": {
        "price": 3.3,
        "promoText": "Any 2 $5",
        "packageSize": "120g",
        "packagePrice": "$0.28 per 10G"
      }
    }
  },
  {
    "id": "gravox-chicken-gravy-mix",
    "brand": "Gravox",
    "name": "Chicken Gravy Mix",
    "imageUrl": "https://shop.coles.com.au/wcsstore/Coles-CAS/images/6/0/4/6046853-th.jpg",
    "categories": ["winter"],
    "tags": ["winter-warmers", "gravy-sauce-mix"],
    "locations": {
      "vic": {
        "price": 3.3,
        "promoText": "Any 2 $5",
        "packageSize": "120g",
        "packagePrice": "$0.28 per 10G"
      }
    }
  },
  {
    "id": "gravox-pepper-sauce",
    "brand": "Gravox",
    "name": "Pepper Finishing Sauce Mix",
    "imageUrl": "https://shop.coles.com.au/wcsstore/Coles-CAS/images/6/0/4/6046638-th.jpg",
    "categories": ["winter"],
    "tags": ["winter-warmers", "gravy-sauce-mix"],
    "locations": {
      "vic": {
        "price": 3.3,
        "promoText": "Any 2 $5",
        "packageSize": "120g",
        "packagePrice": "$0.28 per 10G"
      }
    }
  },
  {
    "id": "gravox-brown-onion-gravy-mix",
    "brand": "Gravox",
    "name": "Brown Onion Gravy Mix",
    "imageUrl": "https://shop.coles.com.au/wcsstore/Coles-CAS/images/6/0/4/6046864-th.jpg",
    "categories": ["winter"],
    "tags": ["winter-warmers", "gravy-sauce-mix"],
    "locations": {
      "vic": {
        "price": 3.3,
        "promoText": "Any 2 $5",
        "packageSize": "120g",
        "packagePrice": "$0.28 per 10G"
      }
    }
  },
  {
    "id": "gravox-liquid-traditional-gravy",
    "brand": "Gravox",
    "name": "Traditional Liquid Gravy",
    "imageUrl": "https://shop.coles.com.au/wcsstore/Coles-CAS/images/4/9/9/4999805-th.jpg",
    "categories": ["winter"],
    "tags": ["winter-warmers", "gravy-sauce-mix"],
    "locations": {
      "vic": {
        "price": 2,
        "promoText": "Was $2.55 on May 2017 ",
        "packageSize": "165g",
        "packagePrice": "$1.21 per 100G"
      }
    }
  },
  {
    "id": "gravox-roast-chicken-herb-liquid-gravy",
    "brand": "Gravox",
    "name": "Roast Chicken With Herbs Gravy",
    "imageUrl": "https://shop.coles.com.au/wcsstore/Coles-CAS/images/6/8/4/6842860-th.jpg",
    "categories": ["winter"],
    "tags": ["winter-warmers", "gravy-sauce-mix"],
    "locations": {
      "vic": {
        "price": 3,
        "promoText": " ",
        "packageSize": "250g",
        "packagePrice": "$1.20 per 100G"
      }
    }
  },
  {
    "id": "gravox-traditional-liquid-gravy",
    "brand": "Gravox",
    "name": "Traditional Liquid Gravy",
    "imageUrl": "https://shop.coles.com.au/wcsstore/Coles-CAS/images/6/8/4/6842837-th.jpg",
    "categories": ["winter"],
    "tags": ["winter-warmers", "gravy-sauce-mix"],
    "locations": {
      "vic": {
        "price": 3,
        "promoText": " ",
        "packageSize": "250g",
        "packagePrice": "$1.20 per 100G"
      }
    }
  },
  {
    "id": "gravox-saucery-white-sauce-mix",
    "brand": "Gravox",
    "name": "Saucery White Sauce Mix",
    "imageUrl": "https://shop.coles.com.au/wcsstore/Coles-CAS/images/5/0/8/5084052-th.jpg",
    "categories": ["winter"],
    "tags": ["winter-warmers", "gravy-sauce-mix"],
    "locations": {
      "vic": {
        "price": 1,
        "promoText": " ",
        "packageSize": "29g",
        "packagePrice": "$0.34 per 10G"
      }
    }
  },
  {
    "id": "gravox-brown-onion-liquid-gravy",
    "brand": "Gravox",
    "name": "Brown Onion Gravy",
    "imageUrl": "https://shop.coles.com.au/wcsstore/Coles-CAS/images/4/4/4/4443579-th.jpg",
    "categories": ["winter"],
    "tags": ["winter-warmers", "gravy-sauce-mix"],
    "locations": {
      "vic": {
        "price": 2,
        "promoText": " ",
        "packageSize": "165g",
        "packagePrice": "$0.12 per 10G"
      }
    }
  },
  {
    "id": "gravox-gravy-mix-traditional",
    "brand": "Gravox",
    "name": "Traditional Gravy Mix",
    "imageUrl": "https://shop.coles.com.au/wcsstore/Coles-CAS/images/1/2/1/121151-th.jpg",
    "categories": ["winter"],
    "tags": ["winter-warmers", "gravy-sauce-mix"],
    "locations": {
      "vic": {
        "price": 4,
        "promoText": "$0.50 ",
        "packageSize": "425g",
        "packagePrice": "$0.09 per 10G"
      }
    }
  },
  {
    "id": "gravox-pepper-steak-finishing-sauce",
    "brand": "Gravox",
    "name": "Pepper Steak Finishing Sauce",
    "imageUrl": "https://shop.coles.com.au/wcsstore/Coles-CAS/images/3/4/3/3433570-th.jpg",
    "categories": ["winter"],
    "tags": ["winter-warmers", "gravy-sauce-mix"],
    "locations": {
      "vic": {
        "price": 3,
        "promoText": " ",
        "packageSize": "250g",
        "packagePrice": "$1.20 per 100G"
      }
    }
  },
  {
    "id": "masterfoods-finishing-sauce-creamy-white",
    "brand": "MasterFoods",
    "name": "Creamy White Finishing Sauce",
    "imageUrl": "https://shop.coles.com.au/wcsstore/Coles-CAS/images/6/8/3/6839720-th.jpg",
    "categories": ["winter"],
    "tags": ["winter-warmers", "gravy-sauce-mix"],
    "locations": {
      "vic": {
        "price": 2,
        "promoText": "Was $2.65 on May 2019 ",
        "packageSize": "160g",
        "packagePrice": "$0.13 per 10G"
      }
    }
  },
  {
    "id": "masterfoods-finishing-sauce-cheese",
    "brand": "MasterFoods",
    "name": "Cheese Finishing Sauce",
    "imageUrl": "https://shop.coles.com.au/wcsstore/Coles-CAS/images/5/5/9/5595812-th.jpg",
    "categories": ["winter"],
    "tags": ["winter-warmers", "gravy-sauce-mix"],
    "locations": {
      "vic": {
        "price": 2,
        "promoText": "Was $2.65 on May 2019 ",
        "packageSize": "160g",
        "packagePrice": "$0.13 per 10G"
      }
    }
  },
  {
    "id": "coles-gravy-mix-traditional-7755159p",
    "brand": "Coles",
    "name": "Traditional Gravy Mix",
    "imageUrl": "https://shop.coles.com.au/wcsstore/Coles-CAS/images/7/7/5/7755159-th.jpg",
    "categories": ["winter"],
    "tags": ["winter-warmers", "gravy-sauce-mix"],
    "locations": {
      "vic": {
        "price": 1.75,
        "promoText": " ",
        "packageSize": "120g",
        "packagePrice": "$0.15 per 10G"
      }
    }
  },
  {
    "id": "coles-premium-peppercorn-gravy",
    "brand": "Coles",
    "name": "Premium Peppercorn Sauce",
    "imageUrl": "https://shop.coles.com.au/wcsstore/Coles-CAS/images/3/7/2/3729430-th.jpg",
    "categories": ["winter"],
    "tags": ["winter-warmers", "gravy-sauce-mix"],
    "locations": {
      "vic": {
        "price": 4,
        "promoText": " ",
        "packageSize": "200mL",
        "packagePrice": "$2.00 per 100mL"
      }
    }
  },
  {
    "id": "gravox-our-best-ever-chip-gravy",
    "brand": "Gravox",
    "name": "Our Best Ever Chip Gravy",
    "imageUrl": "https://shop.coles.com.au/wcsstore/Coles-CAS/images/9/2/3/9233675-th.jpg",
    "categories": ["winter"],
    "tags": ["winter-warmers", "gravy-sauce-mix"],
    "locations": {
      "vic": {
        "price": 2,
        "promoText": "Was $2.55 on May 2017 ",
        "packageSize": "165g",
        "packagePrice": "$0.12 per 10G"
      }
    }
  },
  {
    "id": "gravox-gravy-roast-pork",
    "brand": "Gravox",
    "name": "Roast Pork Gravy",
    "imageUrl": "https://shop.coles.com.au/wcsstore/Coles-CAS/images/6/8/3/6839785-th.jpg",
    "categories": ["winter"],
    "tags": ["winter-warmers", "gravy-sauce-mix"],
    "locations": {
      "vic": {
        "price": 2,
        "promoText": "Was $2.55 on May 2017 ",
        "packageSize": "165g",
        "packagePrice": "$0.12 per 10G"
      }
    }
  },
  {
    "id": "gravox-roast-meat-supreme-gravy-mix",
    "brand": "Gravox",
    "name": "Roast Meat Supreme Gravy Mix",
    "imageUrl": "https://shop.coles.com.au/wcsstore/Coles-CAS/images/5/3/8/5387316-th.jpg",
    "categories": ["winter"],
    "tags": ["winter-warmers", "gravy-sauce-mix"],
    "locations": {
      "vic": {
        "price": 1,
        "promoText": " ",
        "packageSize": "29g",
        "packagePrice": "$0.34 per 10G"
      }
    }
  },
  {
    "id": "gravox-lamb-rosemary-liquid-gravy-4445858p",
    "brand": "Gravox",
    "name": "Lamb & Rosemary Gravy",
    "imageUrl": "https://shop.coles.com.au/wcsstore/Coles-CAS/images/4/4/4/4445858-th.jpg",
    "categories": ["winter"],
    "tags": ["winter-warmers", "gravy-sauce-mix"],
    "locations": {
      "vic": {
        "price": 2,
        "promoText": "Was $2.55 on May 2017 ",
        "packageSize": "165g",
        "packagePrice": "$0.12 per 10G"
      }
    }
  },
  {
    "id": "gravox-saucery-cheese-sauce-mix",
    "brand": "Gravox",
    "name": "Saucery Cheese Sauce Mix",
    "imageUrl": "https://shop.coles.com.au/wcsstore/Coles-CAS/images/5/0/8/5084030-th.jpg",
    "categories": ["winter"],
    "tags": ["winter-warmers", "gravy-sauce-mix"],
    "locations": {
      "vic": {
        "price": 1,
        "promoText": " ",
        "packageSize": "29g",
        "packagePrice": "$0.34 per 10G"
      }
    }
  },
  {
    "id": "gravox-gravy-instant-salt-reduced-traditional",
    "brand": "Gravox",
    "name": "Instant Salt Reduced Traditional Gravy Mix",
    "imageUrl": "https://shop.coles.com.au/wcsstore/Coles-CAS/images/1/4/1/1418189-th.jpg",
    "categories": ["winter"],
    "tags": ["winter-warmers", "gravy-sauce-mix"],
    "locations": {
      "vic": {
        "price": 3.3,
        "promoText": "Any 2 $5",
        "packageSize": "120g",
        "packagePrice": "$2.75 per 100G"
      }
    }
  },
  {
    "id": "greens-gravy-granules-for-roast-meat",
    "brand": "Green's",
    "name": "Gravy Granules for Roast Meat",
    "imageUrl": "https://shop.coles.com.au/wcsstore/Coles-CAS/images/7/3/0/7302777-th.jpg",
    "categories": ["winter"],
    "tags": ["winter-warmers", "gravy-sauce-mix"],
    "locations": {
      "vic": {
        "price": 3.8,
        "promoText": " ",
        "packageSize": "120g",
        "packagePrice": "$0.32 per 10G"
      }
    }
  },
  {
    "id": "masterfoods-finishing-sauce-hollandaise",
    "brand": "MasterFoods",
    "name": "Hollandaise Finishing Sauce",
    "imageUrl": "https://shop.coles.com.au/wcsstore/Coles-CAS/images/4/6/9/4697216-th.jpg",
    "categories": ["winter"],
    "tags": ["winter-warmers", "gravy-sauce-mix"],
    "locations": {
      "vic": {
        "price": 2,
        "promoText": "Was $2.65 on May 2019 ",
        "packageSize": "160g",
        "packagePrice": "$0.13 per 10G"
      }
    }
  },
  {
    "id": "coles-gravy-mix-traditional",
    "brand": "Coles",
    "name": "Traditional Gravy Mix",
    "imageUrl": "https://shop.coles.com.au/wcsstore/Coles-CAS/images/7/1/6/7169713-th.jpg",
    "categories": ["winter"],
    "tags": ["winter-warmers", "gravy-sauce-mix"],
    "locations": {
      "vic": {
        "price": 2.9,
        "promoText": " ",
        "packageSize": "425g",
        "packagePrice": "$0.07 per 10G"
      }
    }
  },
  {
    "id": "coles-gravy-mix-chicken",
    "brand": "Coles",
    "name": "Chicken Gravy Mix",
    "imageUrl": "https://shop.coles.com.au/wcsstore/Coles-CAS/images/7/7/5/7755160-th.jpg",
    "categories": ["winter"],
    "tags": ["winter-warmers", "gravy-sauce-mix"],
    "locations": {
      "vic": {
        "price": 1.75,
        "promoText": " ",
        "packageSize": "120g",
        "packagePrice": "$0.15 per 10G"
      }
    }
  },
  {
    "id": "coles-brand-gravy-mix-roast-meat",
    "brand": "Coles",
    "name": "Instant Roast Meat Gravy Mix",
    "imageUrl": "https://shop.coles.com.au/wcsstore/Coles-CAS/images/7/7/5/7755170-th.jpg",
    "categories": ["winter"],
    "tags": ["winter-warmers", "gravy-sauce-mix"],
    "locations": {
      "vic": {
        "price": 1.75,
        "promoText": " ",
        "packageSize": "120g",
        "packagePrice": "$0.15 per 10G"
      }
    }
  },
  {
    "id": "coles-premium-red-wine-jus-gravy",
    "brand": "Coles",
    "name": "Premium Red Wine Jus",
    "imageUrl": "https://shop.coles.com.au/wcsstore/Coles-CAS/images/3/7/2/3729394-th.jpg",
    "categories": ["winter"],
    "tags": ["winter-warmers", "gravy-sauce-mix"],
    "locations": {
      "vic": {
        "price": 4,
        "promoText": " ",
        "packageSize": "200mL",
        "packagePrice": "$2.00 per 100mL"
      }
    }
  },
  {
    "id": "coles-premium-chip-gravy",
    "brand": "Coles",
    "name": "Premium Chip Gravy",
    "imageUrl": "https://shop.coles.com.au/wcsstore/Coles-CAS/images/3/7/2/3728857-th.jpg",
    "categories": ["winter"],
    "tags": ["winter-warmers", "gravy-sauce-mix"],
    "locations": {
      "vic": {
        "price": 4,
        "promoText": " ",
        "packageSize": "200mL",
        "packagePrice": "$2.00 per 100mL"
      }
    }
  },
  {
    "id": "coles-premium-mushrom-gravy",
    "brand": "Coles",
    "name": "Premium Mushroom Sauce",
    "imageUrl": "https://shop.coles.com.au/wcsstore/Coles-CAS/images/3/7/2/3729408-th.jpg",
    "categories": ["winter"],
    "tags": ["winter-warmers", "gravy-sauce-mix"],
    "locations": {
      "vic": {
        "price": 4,
        "promoText": " ",
        "packageSize": "200mL",
        "packagePrice": "$2.00 per 100mL"
      }
    }
  },
  {
    "id": "coles-premium-roast-gravy",
    "brand": "Coles",
    "name": "Premium Roast Gravy",
    "imageUrl": "https://shop.coles.com.au/wcsstore/Coles-CAS/images/3/7/2/3729383-th.jpg",
    "categories": ["winter"],
    "tags": ["winter-warmers", "gravy-sauce-mix"],
    "locations": {
      "vic": {
        "price": 4,
        "promoText": " ",
        "packageSize": "200mL",
        "packagePrice": "$2.00 per 100mL"
      }
    }
  },
  {
    "id": "gravox-liquid-gravy-brown-onion",
    "brand": "Gravox",
    "name": "Brown Onion Liquid Gravy",
    "imageUrl": "https://shop.coles.com.au/wcsstore/Coles-CAS/images/7/5/3/7534579-th.jpg",
    "categories": ["winter"],
    "tags": ["winter-warmers", "gravy-sauce-mix"],
    "locations": {
      "vic": {
        "price": 3,
        "promoText": " ",
        "packageSize": "250g",
        "packagePrice": "$1.20 per 100G"
      }
    }
  },
  {
    "id": "gravox-lamb-rosemary-liquid-gravy",
    "brand": "Gravox",
    "name": "Lamb & Rosemary Liquid Gravy",
    "imageUrl": "https://shop.coles.com.au/wcsstore/Coles-CAS/images/6/8/4/6842859-th.jpg",
    "categories": ["winter"],
    "tags": ["winter-warmers", "gravy-sauce-mix"],
    "locations": {
      "vic": {
        "price": 3,
        "promoText": " ",
        "packageSize": "250g",
        "packagePrice": "$1.20 per 100G"
      }
    }
  },
  {
    "id": "gravox-chicken-herb-liquid-gravy",
    "brand": "Gravox",
    "name": "Roast Chicken With Herbs Gravy",
    "imageUrl": "https://shop.coles.com.au/wcsstore/Coles-CAS/images/5/6/0/5600253-th.jpg",
    "categories": ["winter"],
    "tags": ["winter-warmers", "gravy-sauce-mix"],
    "locations": {
      "vic": {
        "price": 2,
        "promoText": "Was $2.55 on May 2017 ",
        "packageSize": "165g",
        "packagePrice": "$1.21 per 100G"
      }
    }
  },
  {
    "id": "gravox-gourmet-gravy-peppercorn-with-cream",
    "brand": "Gravox",
    "name": "Gourmet Peppercorn with Cream Gravy",
    "imageUrl": "https://shop.coles.com.au/wcsstore/Coles-CAS/images/6/2/7/6273390-th.jpg",
    "categories": ["winter"],
    "tags": ["winter-warmers", "gravy-sauce-mix"],
    "locations": {
      "vic": {
        "price": 2,
        "promoText": "Was $2.55 on May 2017 ",
        "packageSize": "165g",
        "packagePrice": "$0.12 per 10G"
      }
    }
  },
  {
    "id": "gravox-roast-meat-with-red-wine-garlic-gravy",
    "brand": "Gravox",
    "name": "Roast Meat with Red Wine & Garlic Gravy",
    "imageUrl": "https://shop.coles.com.au/wcsstore/Coles-CAS/images/4/4/4/4445869-th.jpg",
    "categories": ["winter"],
    "tags": ["winter-warmers", "gravy-sauce-mix"],
    "locations": {
      "vic": {
        "price": 2,
        "promoText": "Was $2.55 on May 2017 ",
        "packageSize": "165g",
        "packagePrice": "$0.12 per 10G"
      }
    }
  },
  {
    "id": "gravox-saucery-pepper-sauce-mix",
    "brand": "Gravox",
    "name": "Saucery Pepper Sauce Mix",
    "imageUrl": "https://shop.coles.com.au/wcsstore/Coles-CAS/images/5/0/8/5084020-th.jpg",
    "categories": ["winter"],
    "tags": ["winter-warmers", "gravy-sauce-mix"],
    "locations": {
      "vic": {
        "price": 1,
        "promoText": " ",
        "packageSize": "29g",
        "packagePrice": "$0.34 per 10G"
      }
    }
  },
  {
    "id": "gravox-liquid-diane-sauce",
    "brand": "Gravox",
    "name": "Diane Finishing Sauce",
    "imageUrl": "https://shop.coles.com.au/wcsstore/Coles-CAS/images/4/9/9/4999816-th.jpg",
    "categories": ["winter"],
    "tags": ["winter-warmers", "gravy-sauce-mix"],
    "locations": {
      "vic": {
        "price": 2,
        "promoText": "Was $2.55 on May 2017 ",
        "packageSize": "165g",
        "packagePrice": "$1.21 per 100G"
      }
    }
  },
  {
    "id": "gravox-gravy-mix-supreme",
    "brand": "Gravox",
    "name": "Supreme Gravy Mix",
    "imageUrl": "https://shop.coles.com.au/wcsstore/Coles-CAS/images/1/2/1/121173-th.jpg",
    "categories": ["winter"],
    "tags": ["winter-warmers", "gravy-sauce-mix"],
    "locations": {
      "vic": {
        "price": 4,
        "promoText": "$0.50 ",
        "packageSize": "425g",
        "packagePrice": "$0.09 per 10G"
      }
    }
  },
  {
    "id": "gravox-gravy-mix-traditional-1011997p",
    "brand": "Gravox",
    "name": "Traditional Gravy Mix",
    "imageUrl": "https://shop.coles.com.au/wcsstore/Coles-CAS/images/1/0/1/1011997-th.jpg",
    "categories": ["winter"],
    "tags": ["winter-warmers", "gravy-sauce-mix"],
    "locations": {
      "vic": {
        "price": 1,
        "promoText": " ",
        "packageSize": "29g",
        "packagePrice": "$0.34 per 10G"
      }
    }
  },
  {
    "id": "gravox-mushroom-garlic-liquid-sauce",
    "brand": "Gravox",
    "name": "Mushroom Garlic Liquid Sauce",
    "imageUrl": "https://shop.coles.com.au/wcsstore/Coles-CAS/images/5/6/0/5600344-th.jpg",
    "categories": ["winter"],
    "tags": ["winter-warmers", "gravy-sauce-mix"],
    "locations": {
      "vic": {
        "price": 2,
        "promoText": "Was $2.55 on May 2017 ",
        "packageSize": "165g",
        "packagePrice": "$1.21 per 100G"
      }
    }
  },
  {
    "id": "gravox-carvery-super-chicken-gravy-mix",
    "brand": "Gravox",
    "name": "Supreme Chicken Gravy Mix",
    "imageUrl": "https://shop.coles.com.au/wcsstore/Coles-CAS/images/5/3/8/5387327-th.jpg",
    "categories": ["winter"],
    "tags": ["winter-warmers", "gravy-sauce-mix"],
    "locations": {
      "vic": {
        "price": 1,
        "promoText": " ",
        "packageSize": "29g",
        "packagePrice": "$3.45 per 100G"
      }
    }
  },
  {
    "id": "gravox-roast-pork-liquid-gravy",
    "brand": "Gravox",
    "name": "Roast Pork Gravy",
    "imageUrl": "https://shop.coles.com.au/wcsstore/Coles-CAS/images/3/4/3/3433503-th.jpg",
    "categories": ["winter"],
    "tags": ["winter-warmers", "gravy-sauce-mix"],
    "locations": {
      "vic": {
        "price": 3,
        "promoText": " ",
        "packageSize": "250g",
        "packagePrice": "$1.20 per 100G"
      }
    }
  },
  {
    "id": "gravox-best-beef-gravy",
    "brand": "Gravox",
    "name": "Beef Gravy",
    "imageUrl": "https://shop.coles.com.au/wcsstore/Coles-CAS/images/3/4/3/3433365-th.jpg",
    "categories": ["winter"],
    "tags": ["winter-warmers", "gravy-sauce-mix"],
    "locations": {
      "vic": {
        "price": 5.8,
        "promoText": " ",
        "packageSize": "200g",
        "packagePrice": "$2.90 per 100G"
      }
    }
  },
  {
    "id": "masterfoods-finishing-sauce-mushroom-white-wine",
    "brand": "MasterFoods",
    "name": "Mushroom & White Wine Finishing Sauce",
    "imageUrl": "https://shop.coles.com.au/wcsstore/Coles-CAS/images/9/7/4/9745134-th.jpg",
    "categories": ["winter"],
    "tags": ["winter-warmers", "gravy-sauce-mix"],
    "locations": {
      "vic": {
        "price": 2,
        "promoText": "Was $2.65 on May 2019 ",
        "packageSize": "165g",
        "packagePrice": "$0.12 per 10G"
      }
    }
  },
  {
    "id": "continental-cup-a-soup-laksa",
    "brand": "Continental",
    "name": "Cup A Soup Asian Laksa 2 pack",
    "imageUrl": "https://shop.coles.com.au/wcsstore/Coles-CAS/images/8/8/8/8887042-th.jpg",
    "categories": ["winter"],
    "tags": ["soups-and-stock", "2-serve-soup"],
    "locations": {
      "vic": {
        "price": 2,
        "promoText": " ",
        "packageSize": "65g",
        "packagePrice": "$3.08 per 100G"
      }
    }
  },
  {
    "id": "continental-cup-a-soup-hearty-italian-minestrone",
    "brand": "Continental",
    "name": "Cup A Soup Italian Minestrone 2 pack",
    "imageUrl": "https://shop.coles.com.au/wcsstore/Coles-CAS/images/5/3/4/5342920-th.jpg",
    "categories": ["winter"],
    "tags": ["soups-and-stock", "2-serve-soup"],
    "locations": {
      "vic": {
        "price": 2,
        "promoText": " ",
        "packageSize": "75g",
        "packagePrice": "$2.67 per 100G"
      }
    }
  },
  {
    "id": "continental-cup-a-soup-chicken-corn-with-croutons",
    "brand": "Continental",
    "name": "Cup A Soup Creamy Chicken & Corn with Croutons 2 pack",
    "imageUrl": "https://shop.coles.com.au/wcsstore/Coles-CAS/images/9/1/5/9151559-th.jpg",
    "categories": ["winter"],
    "tags": ["soups-and-stock", "2-serve-soup"],
    "locations": {
      "vic": {
        "price": 2,
        "promoText": " ",
        "packageSize": "60g",
        "packagePrice": "$3.33 per 100G"
      }
    }
  },
  {
    "id": "continental-cup-a-soup-lots-a-noodles-chicken-corn",
    "brand": "Continental",
    "name": "Cup A Soup Chinese Chicken & Corn with Lots of Noodles 2 pack",
    "imageUrl": "https://shop.coles.com.au/wcsstore/Coles-CAS/images/7/9/7/7978200-th.jpg",
    "categories": ["winter"],
    "tags": ["soups-and-stock", "2-serve-soup"],
    "locations": {
      "vic": {
        "price": 2,
        "promoText": " ",
        "packageSize": "66g",
        "packagePrice": "$3.03 per 100G"
      }
    }
  },
  {
    "id": "continental-cup-a-soup-lots-a-noodles-cream-of-chicken",
    "brand": "Continental",
    "name": "Cup A Soup Creamy Chicken with Lots of Noodles 2 pack",
    "imageUrl": "https://shop.coles.com.au/wcsstore/Coles-CAS/images/2/5/5/255646-th.jpg",
    "categories": ["winter"],
    "tags": ["soups-and-stock", "2-serve-soup"],
    "locations": {
      "vic": {
        "price": 2,
        "promoText": " ",
        "packageSize": "60g",
        "packagePrice": "$3.33 per 100G"
      }
    }
  },
  {
    "id": "continental-cup-a-soup-lots-a-noodles-chicken",
    "brand": "Continental",
    "name": "Cup A Soup Chicken with Lots of Noodles 2 pack",
    "imageUrl": "https://shop.coles.com.au/wcsstore/Coles-CAS/images/3/5/6/356472-th.jpg",
    "categories": ["winter"],
    "tags": ["soups-and-stock", "2-serve-soup"],
    "locations": {
      "vic": {
        "price": 2,
        "promoText": " ",
        "packageSize": "60g",
        "packagePrice": "$3.33 per 100G"
      }
    }
  },
  {
    "id": "continental-cup-a-soup-hearty-roast-chicken",
    "brand": "Continental",
    "name": "Cup A Soup Roast Chicken 2 pack",
    "imageUrl": "https://shop.coles.com.au/wcsstore/Coles-CAS/images/2/9/0/290465-th.jpg",
    "categories": ["winter"],
    "tags": ["soups-and-stock", "2-serve-soup"],
    "locations": {
      "vic": {
        "price": 2,
        "promoText": " ",
        "packageSize": "75g",
        "packagePrice": "$2.67 per 100G"
      }
    }
  },
  {
    "id": "continental-cup-a-soup-creamy-chicken-with-croutons",
    "brand": "Continental",
    "name": "Cup A Soup Creamy Chicken with Croutons 2 pack",
    "imageUrl": "https://shop.coles.com.au/wcsstore/Coles-CAS/images/9/1/5/9151344-th.jpg",
    "categories": ["winter"],
    "tags": ["soups-and-stock", "2-serve-soup"],
    "locations": {
      "vic": {
        "price": 2,
        "promoText": " ",
        "packageSize": "60g",
        "packagePrice": "$3.33 per 100G"
      }
    }
  },
  {
    "id": "continental-cup-a-soup-creamy-pumpkin-with-croutons",
    "brand": "Continental",
    "name": "Cup A Soup Creamy Pumpkin with Croutons 2 pack",
    "imageUrl": "https://shop.coles.com.au/wcsstore/Coles-CAS/images/9/1/5/9151537-th.jpg",
    "categories": ["winter"],
    "tags": ["soups-and-stock", "2-serve-soup"],
    "locations": {
      "vic": {
        "price": 2,
        "promoText": " ",
        "packageSize": "55g",
        "packagePrice": "$3.64 per 100G"
      }
    }
  },
  {
    "id": "continental-homestyle-pumpkin-cup-a-soup-2-pack",
    "brand": "Continental",
    "name": "Cup A Soup Homestyle Pumpkin 2 Pack",
    "imageUrl": "https://shop.coles.com.au/wcsstore/Coles-CAS/images/2/6/6/2667655-th.jpg",
    "categories": ["winter"],
    "tags": ["soups-and-stock", "2-serve-soup"],
    "locations": {
      "vic": {
        "price": 2,
        "promoText": " ",
        "packageSize": "61g",
        "packagePrice": "$3.28 per 100G"
      }
    }
  },
  {
    "id": "continental-homestyle-chicken-noodle-cup-a-soup-2-pack",
    "brand": "Continental",
    "name": "Cup A Soup Homestyle Chicken Noodle 2 pack",
    "imageUrl": "https://shop.coles.com.au/wcsstore/Coles-CAS/images/2/6/6/2667633-th.jpg",
    "categories": ["winter"],
    "tags": ["soups-and-stock", "2-serve-soup"],
    "locations": {
      "vic": {
        "price": 2,
        "promoText": " ",
        "packageSize": "40g",
        "packagePrice": "$5.00 per 100G"
      }
    }
  },
  {
    "id": "continental-pepper-steak-mushroom-cup-a-soup-2-pack",
    "brand": "Continental",
    "name": "Cup A Soup Pepper Steak & Mushroom with Croutons 2 pack",
    "imageUrl": "https://shop.coles.com.au/wcsstore/Coles-CAS/images/2/2/8/2286516-th.jpg",
    "categories": ["winter"],
    "tags": ["soups-and-stock", "2-serve-soup"],
    "locations": {
      "vic": {
        "price": 2,
        "promoText": " ",
        "packageSize": "52g",
        "packagePrice": "$3.85 per 100G"
      }
    }
  },
  {
    "id": "continental-cup-a-soup-asian-red-thai-curry",
    "brand": "Continental",
    "name": "Cup A Soup Thai Red Curry 2 pack",
    "imageUrl": "https://shop.coles.com.au/wcsstore/Coles-CAS/images/9/1/9/9194846-th.jpg",
    "categories": ["winter"],
    "tags": ["soups-and-stock", "2-serve-soup"],
    "locations": {
      "vic": {
        "price": 2,
        "promoText": " ",
        "packageSize": "60g",
        "packagePrice": "$3.33 per 100G"
      }
    }
  },
  {
    "id": "continental-cup-a-soup-creamy-potato-bacon-with-croutons",
    "brand": "Continental",
    "name": "Cup A Soup Creamy Potato & Bacon With Croutons 2 Pack",
    "imageUrl": "https://shop.coles.com.au/wcsstore/Coles-CAS/images/9/1/5/9151606-th.jpg",
    "categories": ["winter"],
    "tags": ["soups-and-stock", "2-serve-soup"],
    "locations": {
      "vic": {
        "price": 2,
        "promoText": " ",
        "packageSize": "50g",
        "packagePrice": "$4.00 per 100G"
      }
    }
  },
  {
    "id": "continental-sensations-2s-soup-vne-tom-ricotta",
    "brand": "Continental Sensation",
    "name": "Vine Ripened Tomato & Ricotta Soup",
    "imageUrl": "https://shop.coles.com.au/wcsstore/Coles-CAS/images/3/7/1/3716188-th.jpg",
    "categories": ["winter"],
    "tags": ["soups-and-stock", "2-serve-soup"],
    "locations": {
      "vic": {
        "price": 2,
        "promoText": "$0.50 ",
        "packageSize": "54g",
        "packagePrice": "$3.70 per 100G"
      }
    }
  },
  {
    "id": "continental-homestyle-chicken-cup-a-soup-2-pack",
    "brand": "Continental",
    "name": "Cup A Soup Homestyle Chicken 2 pack",
    "imageUrl": "https://shop.coles.com.au/wcsstore/Coles-CAS/images/2/6/6/2667622-th.jpg",
    "categories": ["winter"],
    "tags": ["soups-and-stock", "2-serve-soup"],
    "locations": {
      "vic": {
        "price": 2,
        "promoText": " ",
        "packageSize": "46g",
        "packagePrice": "$4.35 per 100G"
      }
    }
  },
  {
    "id": "continental-cup-a-soup-soup-hearty-dutch-curry",
    "brand": "Continental",
    "name": "Cup A Soup Dutch Curry with Rice 2 pack",
    "imageUrl": "https://shop.coles.com.au/wcsstore/Coles-CAS/images/5/7/0/5706050-th.jpg",
    "categories": ["winter"],
    "tags": ["soups-and-stock", "2-serve-soup"],
    "locations": {
      "vic": {
        "price": 2,
        "promoText": " ",
        "packageSize": "55g",
        "packagePrice": "$3.64 per 100G"
      }
    }
  },
  {
    "id": "continental-sensations-2s-soup-chesy-broc-potato",
    "brand": "Continental Sensation",
    "name": "Cheesy Broccoli & Potato Soup",
    "imageUrl": "https://shop.coles.com.au/wcsstore/Coles-CAS/images/3/7/1/3716224-th.jpg",
    "categories": ["winter"],
    "tags": ["soups-and-stock", "2-serve-soup"],
    "locations": {
      "vic": {
        "price": 2,
        "promoText": "$0.50 ",
        "packageSize": "56g",
        "packagePrice": "$3.57 per 100G"
      }
    }
  },
  {
    "id": "continental-sensations-2s-soup-crmy-roast-chkn-oni",
    "brand": "Continental Sensation",
    "name": "Creamy Roast Chicken Spring Onion Soup",
    "imageUrl": "https://shop.coles.com.au/wcsstore/Coles-CAS/images/3/7/1/3716202-th.jpg",
    "categories": ["winter"],
    "tags": ["soups-and-stock", "2-serve-soup"],
    "locations": {
      "vic": {
        "price": 2,
        "promoText": "$0.50 ",
        "packageSize": "61g",
        "packagePrice": "$3.28 per 100G"
      }
    }
  },
  {
    "id": "continental-sensations-2s-soup-gdn-cauli-4-chese",
    "brand": "Continental Sensation",
    "name": "Garden Cauliflower & 4 Cheese Soup",
    "imageUrl": "https://shop.coles.com.au/wcsstore/Coles-CAS/images/3/7/1/3716199-th.jpg",
    "categories": ["winter"],
    "tags": ["soups-and-stock", "2-serve-soup"],
    "locations": {
      "vic": {
        "price": 2,
        "promoText": "$0.50 ",
        "packageSize": "62g",
        "packagePrice": "$3.23 per 100G"
      }
    }
  },
  {
    "id": "continental-sensations-2s-soup-har-pumpkin-sour-cfm",
    "brand": "Continental Sensation",
    "name": "Harvest Pumpkin & Sour Cream Soup",
    "imageUrl": "https://shop.coles.com.au/wcsstore/Coles-CAS/images/3/7/1/3716213-th.jpg",
    "categories": ["winter"],
    "tags": ["soups-and-stock", "2-serve-soup"],
    "locations": {
      "vic": {
        "price": 2,
        "promoText": "$0.50 ",
        "packageSize": "70g",
        "packagePrice": "$2.86 per 100G"
      }
    }
  },
  {
    "id": "coles-2-serve-soup-tom-yum-with-nodles",
    "brand": "Coles",
    "name": "Tom Yum With Noodles Soup",
    "imageUrl": "https://shop.coles.com.au/wcsstore/Coles-CAS/images/3/7/1/3715094-th.jpg",
    "categories": ["winter"],
    "tags": ["soups-and-stock", "2-serve-soup"],
    "locations": {
      "vic": {
        "price": 1,
        "promoText": " ",
        "packageSize": "60g",
        "packagePrice": "$1.67 per 100G"
      }
    }
  },
  {
    "id": "coles-2-serve-soup-miso-w-nodles",
    "brand": "Coles",
    "name": "Miso With Noodles Soup",
    "imageUrl": "https://shop.coles.com.au/wcsstore/Coles-CAS/images/3/7/1/3715061-th.jpg",
    "categories": ["winter"],
    "tags": ["soups-and-stock", "2-serve-soup"],
    "locations": {
      "vic": {
        "price": 1,
        "promoText": " ",
        "packageSize": "60g",
        "packagePrice": "$1.67 per 100G"
      }
    }
  },
  {
    "id": "coles-2-serve-soup-chicken-pho-w-nodles",
    "brand": "Coles",
    "name": "Chicken Pho W Noodles",
    "imageUrl": "https://shop.coles.com.au/wcsstore/Coles-CAS/images/3/7/1/3715083-th.jpg",
    "categories": ["winter"],
    "tags": ["soups-and-stock", "2-serve-soup"],
    "locations": {
      "vic": {
        "price": 1,
        "promoText": " ",
        "packageSize": "60g",
        "packagePrice": "$1.67 per 100G"
      }
    }
  },
  {
    "id": "coles-2-serve-soup-bef-w-nodles",
    "brand": "Coles",
    "name": "Beef With Noodles Soup",
    "imageUrl": "https://shop.coles.com.au/wcsstore/Coles-CAS/images/3/7/1/3714820-th.jpg",
    "categories": ["winter"],
    "tags": ["soups-and-stock", "2-serve-soup"],
    "locations": {
      "vic": {
        "price": 1,
        "promoText": " ",
        "packageSize": "60g",
        "packagePrice": "$1.67 per 100G"
      }
    }
  },
  {
    "id": "coles-2-serve-soup-creamy-chicken-w-croutons",
    "brand": "Coles",
    "name": "Creamy Chicken With Croutons Soup",
    "imageUrl": "https://shop.coles.com.au/wcsstore/Coles-CAS/images/3/7/1/3714648-th.jpg",
    "categories": ["winter"],
    "tags": ["soups-and-stock", "2-serve-soup"],
    "locations": {
      "vic": {
        "price": 1,
        "promoText": " ",
        "packageSize": "60g",
        "packagePrice": "$1.67 per 100G"
      }
    }
  },
  {
    "id": "continental-sensations-2s-soup-thai-pumpkin-coco",
    "brand": "Continental Sensation",
    "name": "Thai Pumpkin Coconut Soup",
    "imageUrl": "https://shop.coles.com.au/wcsstore/Coles-CAS/images/3/7/1/3716166-th.jpg",
    "categories": ["winter"],
    "tags": ["soups-and-stock", "2-serve-soup"],
    "locations": {
      "vic": {
        "price": 2,
        "promoText": "$0.50 ",
        "packageSize": "62g",
        "packagePrice": "$3.23 per 100G"
      }
    }
  },
  {
    "id": "coles-2-serve-soup-crm-mushroom-w-crout",
    "brand": "Coles",
    "name": "Creamy Mushroom With Croutons",
    "imageUrl": "https://shop.coles.com.au/wcsstore/Coles-CAS/images/2/8/9/2894544-th.jpg",
    "categories": ["winter"],
    "tags": ["soups-and-stock", "2-serve-soup"],
    "locations": {
      "vic": {
        "price": 1,
        "promoText": " ",
        "packageSize": "60g",
        "packagePrice": "$16.67 per 1Kg"
      }
    }
  },
  {
    "id": "coles-2-serve-soup-rst-chick-noodle",
    "brand": "Coles",
    "name": "Roast Chicken With Noodles",
    "imageUrl": "https://shop.coles.com.au/wcsstore/Coles-CAS/images/2/8/9/2894566-th.jpg",
    "categories": ["winter"],
    "tags": ["soups-and-stock", "2-serve-soup"],
    "locations": {
      "vic": {
        "price": 1,
        "promoText": " ",
        "packageSize": "75g",
        "packagePrice": "$13.34 per 1Kg"
      }
    }
  },
  {
    "id": "coles-2-serve-soup-cheesy-cauliflower",
    "brand": "Coles",
    "name": "Cheesy Cauliflower With Croutons Soup",
    "imageUrl": "https://shop.coles.com.au/wcsstore/Coles-CAS/images/3/4/6/3465383-th.jpg",
    "categories": ["winter"],
    "tags": ["soups-and-stock", "2-serve-soup"],
    "locations": {
      "vic": {
        "price": 1,
        "promoText": " ",
        "packageSize": "60g",
        "packagePrice": "$1.67 per 100G"
      }
    }
  },
  {
    "id": "coles-2-serve-soup-pea-ham-w-croutons",
    "brand": "Coles",
    "name": "Pea Ham With  Croutons Soup",
    "imageUrl": "https://shop.coles.com.au/wcsstore/Coles-CAS/images/3/7/1/3714998-th.jpg",
    "categories": ["winter"],
    "tags": ["soups-and-stock", "2-serve-soup"],
    "locations": {
      "vic": {
        "price": 1,
        "promoText": " ",
        "packageSize": "60g",
        "packagePrice": "$1.67 per 100G"
      }
    }
  },
  {
    "id": "continental-sensation-2s-soup-potato-pump-onion",
    "brand": "Continental Sensation",
    "name": "Sweet Potato Pumpkin & Caramelised Onion Soup",
    "imageUrl": "https://shop.coles.com.au/wcsstore/Coles-CAS/images/3/7/1/3716235-th.jpg",
    "categories": ["winter"],
    "tags": ["soups-and-stock", "2-serve-soup"],
    "locations": {
      "vic": {
        "price": 2,
        "promoText": "$0.50 ",
        "packageSize": "63g",
        "packagePrice": "$3.17 per 100G"
      }
    }
  },
  {
    "id": "continental-sensations-2s-soup-mushrom-bacon",
    "brand": "Continental Sensation",
    "name": "Mushroom Bacon Soup",
    "imageUrl": "https://shop.coles.com.au/wcsstore/Coles-CAS/images/3/7/1/3716155-th.jpg",
    "categories": ["winter"],
    "tags": ["soups-and-stock", "2-serve-soup"],
    "locations": {
      "vic": {
        "price": 2,
        "promoText": "$0.50 ",
        "packageSize": "48g",
        "packagePrice": "$4.17 per 100G"
      }
    }
  },
  {
    "id": "coles-2-serve-soup-asian-laksa",
    "brand": "Coles",
    "name": "Asian Laksa Soup",
    "imageUrl": "https://shop.coles.com.au/wcsstore/Coles-CAS/images/2/8/9/2894577-th.jpg",
    "categories": ["winter"],
    "tags": ["soups-and-stock", "2-serve-soup"],
    "locations": {
      "vic": {
        "price": 1,
        "promoText": " ",
        "packageSize": "65g",
        "packagePrice": "$15.38 per 1Kg"
      }
    }
  },
  {
    "id": "coles-2-serve-soup-chicken-corn-w-crout",
    "brand": "Coles",
    "name": "Chicken Corn With Croutons Soup",
    "imageUrl": "https://shop.coles.com.au/wcsstore/Coles-CAS/images/2/8/9/2894533-th.jpg",
    "categories": ["winter"],
    "tags": ["soups-and-stock", "2-serve-soup"],
    "locations": {
      "vic": {
        "price": 1,
        "promoText": " ",
        "packageSize": "60g",
        "packagePrice": "$16.67 per 1Kg"
      }
    }
  },
  {
    "id": "coles-2-serve-soup-chicken-mushroom",
    "brand": "Coles",
    "name": "Chicken & Mushroom With Croutons Soup",
    "imageUrl": "https://shop.coles.com.au/wcsstore/Coles-CAS/images/3/4/6/3465372-th.jpg",
    "categories": ["winter"],
    "tags": ["soups-and-stock", "2-serve-soup"],
    "locations": {
      "vic": {
        "price": 1,
        "promoText": " ",
        "packageSize": "60g",
        "packagePrice": "$1.67 per 100G"
      }
    }
  },
  {
    "id": "coles-2-serve-soup-creamy-lentil-w-chickpeas",
    "brand": "Coles",
    "name": "Creamy Lentil With Chickpeas Soup",
    "imageUrl": "https://shop.coles.com.au/wcsstore/Coles-CAS/images/3/7/1/3715072-th.jpg",
    "categories": ["winter"],
    "tags": ["soups-and-stock", "2-serve-soup"],
    "locations": {
      "vic": {
        "price": 1,
        "promoText": " ",
        "packageSize": "60g",
        "packagePrice": "$1.67 per 100G"
      }
    }
  },
  {
    "id": "coles-2-serve-soup-dutch-curry-nodles",
    "brand": "Coles",
    "name": "Dutch Curry Noodles",
    "imageUrl": "https://shop.coles.com.au/wcsstore/Coles-CAS/images/3/7/1/3715028-th.jpg",
    "categories": ["winter"],
    "tags": ["soups-and-stock", "2-serve-soup"],
    "locations": {
      "vic": {
        "price": 1,
        "promoText": " ",
        "packageSize": "60g",
        "packagePrice": "$1.67 per 100G"
      }
    }
  },
  {
    "id": "coles-2-serve-soup-creamy-veg-w-croutons",
    "brand": "Coles",
    "name": "Creamy Veg With Croutons Soup",
    "imageUrl": "https://shop.coles.com.au/wcsstore/Coles-CAS/images/3/7/1/3715006-th.jpg",
    "categories": ["winter"],
    "tags": ["soups-and-stock", "2-serve-soup"],
    "locations": {
      "vic": {
        "price": 1,
        "promoText": " ",
        "packageSize": "60g",
        "packagePrice": "$1.67 per 100G"
      }
    }
  },
  {
    "id": "coles-2-serve-soup-potato-lek-w-croutons",
    "brand": "Coles",
    "name": "Potato & Leek With Croutons Soup",
    "imageUrl": "https://shop.coles.com.au/wcsstore/Coles-CAS/images/3/7/1/3715039-th.jpg",
    "categories": ["winter"],
    "tags": ["soups-and-stock", "2-serve-soup"],
    "locations": {
      "vic": {
        "price": 1,
        "promoText": " ",
        "packageSize": "60g",
        "packagePrice": "$1.67 per 100G"
      }
    }
  },
  {
    "id": "coles-2-serve-soup-swet-pot-w-croutons",
    "brand": "Coles",
    "name": "Sweet Potato With Croutons Soup",
    "imageUrl": "https://shop.coles.com.au/wcsstore/Coles-CAS/images/3/7/1/3715017-th.jpg",
    "categories": ["winter"],
    "tags": ["soups-and-stock", "2-serve-soup"],
    "locations": {
      "vic": {
        "price": 1,
        "promoText": " ",
        "packageSize": "60g",
        "packagePrice": "$1.67 per 100G"
      }
    }
  },
  {
    "id": "heinz-condensed-big-red-tomato-soup",
    "brand": "Heinz",
    "name": "Big Red Tomato Soup Can",
    "imageUrl": "https://shop.coles.com.au/wcsstore/Coles-CAS/images/1/2/8/128503-th.jpg",
    "categories": ["winter"],
    "tags": ["soups-and-stock", "canned-soups"],
    "locations": {
      "vic": {
        "price": 2.2,
        "promoText": "Any 2 $3",
        "packageSize": "420g",
        "packagePrice": "$0.52 per 100G"
      }
    }
  },
  {
    "id": "campbells-condensed-soup-cream-of-mushroom",
    "brand": "Campbell's",
    "name": "Cream of Mushroom Condensed Soup Can",
    "imageUrl": "https://shop.coles.com.au/wcsstore/Coles-CAS/images/1/2/8/128966-th.jpg",
    "categories": ["winter"],
    "tags": ["soups-and-stock", "canned-soups"],
    "locations": {
      "vic": {
        "price": 1,
        "promoText": "$0.80 ",
        "packageSize": "420g",
        "packagePrice": "$0.24 per 100G"
      }
    }
  },
  {
    "id": "campbells-chunky-soup-beef",
    "brand": "Campbell's",
    "name": "Chunky Beef Soup Can",
    "imageUrl": "https://shop.coles.com.au/wcsstore/Coles-CAS/images/4/9/1/4915339-th.jpg",
    "categories": ["winter"],
    "tags": ["soups-and-stock", "canned-soups"],
    "locations": {
      "vic": {
        "price": 1.75,
        "promoText": "$1.75 ",
        "packageSize": "505g",
        "packagePrice": "$0.35 per 100G"
      }
    }
  },
  {
    "id": "campbells-chunky-soup-peppered-steak-potato",
    "brand": "Campbell's",
    "name": "Chunky Peppered Steak & Potato Beef Soup",
    "imageUrl": "https://shop.coles.com.au/wcsstore/Coles-CAS/images/3/4/1/3414270-th.jpg",
    "categories": ["winter"],
    "tags": ["soups-and-stock", "canned-soups"],
    "locations": {
      "vic": {
        "price": 1.75,
        "promoText": "$1.75 ",
        "packageSize": "505g",
        "packagePrice": "$0.35 per 100G"
      }
    }
  },
  {
    "id": "campbells-country-ladle-soup-creamy-chicken",
    "brand": "Campbell's",
    "name": "Country Ladle Creamy Chicken Soup Can",
    "imageUrl": "https://shop.coles.com.au/wcsstore/Coles-CAS/images/9/6/8/9680312-th.jpg",
    "categories": ["winter"],
    "tags": ["soups-and-stock", "canned-soups"],
    "locations": {
      "vic": {
        "price": 1.75,
        "promoText": "$1.75 ",
        "packageSize": "500g",
        "packagePrice": "$0.35 per 100G"
      }
    }
  },
  {
    "id": "heinz-classic-soup-italian-minestrone",
    "brand": "Heinz",
    "name": "Classic Italian Minestrone Soup Can",
    "imageUrl": "https://shop.coles.com.au/wcsstore/Coles-CAS/images/8/4/1/8416239-th.jpg",
    "categories": ["winter"],
    "tags": ["soups-and-stock", "canned-soups"],
    "locations": {
      "vic": {
        "price": 2.5,
        "promoText": "Was $3.49 on Jul 2017 ",
        "packageSize": "535g",
        "packagePrice": "$0.47 per 100G"
      }
    }
  },
  {
    "id": "campbells-country-ladle-soup-butternut-pumpkin",
    "brand": "Campbell's",
    "name": "Country Ladle Butternut Pumpkin Soup Can",
    "imageUrl": "https://shop.coles.com.au/wcsstore/Coles-CAS/images/7/1/6/7165858-th.jpg",
    "categories": ["winter"],
    "tags": ["soups-and-stock", "canned-soups"],
    "locations": {
      "vic": {
        "price": 1.75,
        "promoText": "$1.75 ",
        "packageSize": "505g",
        "packagePrice": "$0.35 per 100G"
      }
    }
  },
  {
    "id": "campbells-country-ladle-soup-farmhouse-vegetable",
    "brand": "Campbell's",
    "name": "Country Ladle Farmhouse Vegetable Soup Can",
    "imageUrl": "https://shop.coles.com.au/wcsstore/Coles-CAS/images/7/1/6/7165971-th.jpg",
    "categories": ["winter"],
    "tags": ["soups-and-stock", "canned-soups"],
    "locations": {
      "vic": {
        "price": 1.75,
        "promoText": "$1.75 ",
        "packageSize": "495g",
        "packagePrice": "$0.35 per 100G"
      }
    }
  },
  {
    "id": "campbells-country-ladle-soup-traditional-minestrone",
    "brand": "Campbell's",
    "name": "Country Ladle Traditional Minestrone Soup Can",
    "imageUrl": "https://shop.coles.com.au/wcsstore/Coles-CAS/images/7/1/6/7166090-th.jpg",
    "categories": ["winter"],
    "tags": ["soups-and-stock", "canned-soups"],
    "locations": {
      "vic": {
        "price": 1.75,
        "promoText": "$1.75 ",
        "packageSize": "495g",
        "packagePrice": "$0.35 per 100G"
      }
    }
  },
  {
    "id": "campbells-country-ladle-soup-chicken-sweet-corn",
    "brand": "Campbell's",
    "name": "Country Ladle Chicken Sweet Corn Soup Can",
    "imageUrl": "https://shop.coles.com.au/wcsstore/Coles-CAS/images/4/8/8/4887131-th.jpg",
    "categories": ["winter"],
    "tags": ["soups-and-stock", "canned-soups"],
    "locations": {
      "vic": {
        "price": 1.75,
        "promoText": "$1.75 ",
        "packageSize": "505g",
        "packagePrice": "$0.35 per 100G"
      }
    }
  },
  {
    "id": "campbells-condensed-soup-tomato",
    "brand": "Campbell's",
    "name": "Tomato Soup Can",
    "imageUrl": "https://shop.coles.com.au/wcsstore/Coles-CAS/images/1/2/8/128911-th.jpg",
    "categories": ["winter"],
    "tags": ["soups-and-stock", "canned-soups"],
    "locations": {
      "vic": {
        "price": 1,
        "promoText": "$0.80 ",
        "packageSize": "420g",
        "packagePrice": "$0.24 per 100G"
      }
    }
  },
  {
    "id": "campbells-country-ladle-garden-vegetable-soup",
    "brand": "Campbell's",
    "name": "Country Ladle Garden Vegetable Soup Can",
    "imageUrl": "https://shop.coles.com.au/wcsstore/Coles-CAS/images/6/8/1/6815812-th.jpg",
    "categories": ["winter"],
    "tags": ["soups-and-stock", "canned-soups"],
    "locations": {
      "vic": {
        "price": 1.75,
        "promoText": "$1.75 ",
        "packageSize": "500g",
        "packagePrice": "$0.35 per 100G"
      }
    }
  },
  {
    "id": "heinz-classic-creamy-tomato-soup-can",
    "brand": "Heinz",
    "name": "Classic Creamy Tomato Soup Can",
    "imageUrl": "https://shop.coles.com.au/wcsstore/Coles-CAS/images/2/2/8/2288920-th.jpg",
    "categories": ["winter"],
    "tags": ["soups-and-stock", "canned-soups"],
    "locations": {
      "vic": {
        "price": 2.5,
        "promoText": "Was $3.49 on Jul 2017 ",
        "packageSize": "535g",
        "packagePrice": "$0.47 per 100G"
      }
    }
  },
  {
    "id": "campbells-country-ladle-soup-pumpkin-rich-creamy",
    "brand": "Campbell's",
    "name": "Country Ladle Rich & Creamy Pumpkin Soup Can",
    "imageUrl": "https://shop.coles.com.au/wcsstore/Coles-CAS/images/8/0/2/8027055-th.jpg",
    "categories": ["winter"],
    "tags": ["soups-and-stock", "canned-soups"],
    "locations": {
      "vic": {
        "price": 1.75,
        "promoText": "$1.75 ",
        "packageSize": "500g",
        "packagePrice": "$0.35 per 100G"
      }
    }
  },
  {
    "id": "rosella-condensed-soup-tomato",
    "brand": "Rosella",
    "name": "Tomato Condensed Soup Can",
    "imageUrl": "https://shop.coles.com.au/wcsstore/Coles-CAS/images/6/8/1/6811039-th.jpg",
    "categories": ["winter"],
    "tags": ["soups-and-stock", "canned-soups"],
    "locations": {
      "vic": {
        "price": 2.25,
        "promoText": " ",
        "packageSize": "500g",
        "packagePrice": "$0.45 per 100G"
      }
    }
  },
  {
    "id": "campbells-chunky-soup-potato-bacon",
    "brand": "Campbell's",
    "name": "Chunky Soup Potato Bacon",
    "imageUrl": "https://shop.coles.com.au/wcsstore/Coles-CAS/images/4/9/1/4915361-th.jpg",
    "categories": ["winter"],
    "tags": ["soups-and-stock", "canned-soups"],
    "locations": {
      "vic": {
        "price": 1.75,
        "promoText": "$1.75 ",
        "packageSize": "505g",
        "packagePrice": "$0.35 per 100G"
      }
    }
  },
  {
    "id": "campbells-condensed-soup-cream-of-chicken",
    "brand": "Campbell's",
    "name": "Cream of Chicken Condensed Soup Can",
    "imageUrl": "https://shop.coles.com.au/wcsstore/Coles-CAS/images/1/2/8/128999-th.jpg",
    "categories": ["winter"],
    "tags": ["soups-and-stock", "canned-soups"],
    "locations": {
      "vic": {
        "price": 1,
        "promoText": "$0.80 ",
        "packageSize": "420g",
        "packagePrice": "$0.24 per 100G"
      }
    }
  },
  {
    "id": "campbells-chunky-soup-beef-stroganoff",
    "brand": "Campbell's",
    "name": "Chunky Beef Stroganoff Soup",
    "imageUrl": "https://shop.coles.com.au/wcsstore/Coles-CAS/images/3/4/1/3414305-th.jpg",
    "categories": ["winter"],
    "tags": ["soups-and-stock", "canned-soups"],
    "locations": {
      "vic": {
        "price": 1.75,
        "promoText": "$1.75 ",
        "packageSize": "505g",
        "packagePrice": "$0.35 per 100G"
      }
    }
  },
  {
    "id": "heinz-classic-soup-creamy-pumpkin",
    "brand": "Heinz",
    "name": "Classic Creamy Pumpkin Soup Can",
    "imageUrl": "https://shop.coles.com.au/wcsstore/Coles-CAS/images/7/9/7/7977128-th.jpg",
    "categories": ["winter"],
    "tags": ["soups-and-stock", "canned-soups"],
    "locations": {
      "vic": {
        "price": 2.5,
        "promoText": "Was $3.49 on Jul 2017 ",
        "packageSize": "535g",
        "packagePrice": "$0.47 per 100G"
      }
    }
  },
  {
    "id": "campbells-chunky-soup-chicken-roast-vegetable",
    "brand": "Campbell's",
    "name": "Chunky Chicken Roast Vegetable Soup Can",
    "imageUrl": "https://shop.coles.com.au/wcsstore/Coles-CAS/images/4/9/1/4915350-th.jpg",
    "categories": ["winter"],
    "tags": ["soups-and-stock", "canned-soups"],
    "locations": {
      "vic": {
        "price": 1.75,
        "promoText": "$1.75 ",
        "packageSize": "505g",
        "packagePrice": "$0.35 per 100G"
      }
    }
  },
  {
    "id": "campbells-chunky-soup-hearty-irish-stew",
    "brand": "Campbell's",
    "name": "Chunky Soup Irish Stew Style",
    "imageUrl": "https://shop.coles.com.au/wcsstore/Coles-CAS/images/4/9/0/4905947-th.jpg",
    "categories": ["winter"],
    "tags": ["soups-and-stock", "canned-soups"],
    "locations": {
      "vic": {
        "price": 1.75,
        "promoText": "$1.75 ",
        "packageSize": "505g",
        "packagePrice": "$0.35 per 100G"
      }
    }
  },
  {
    "id": "campbells-chunky-soup-pea-ham",
    "brand": "Campbell's",
    "name": "Chunky Pea & Ham Soup Can",
    "imageUrl": "https://shop.coles.com.au/wcsstore/Coles-CAS/images/4/9/0/4905448-th.jpg",
    "categories": ["winter"],
    "tags": ["soups-and-stock", "canned-soups"],
    "locations": {
      "vic": {
        "price": 1.75,
        "promoText": "$1.75 ",
        "packageSize": "505g",
        "packagePrice": "$0.35 per 100G"
      }
    }
  },
  {
    "id": "campbells-condensed-soup-cream-of-asparagus",
    "brand": "Campbell's",
    "name": "Cream of Asparagus Condensed Soup Can",
    "imageUrl": "https://shop.coles.com.au/wcsstore/Coles-CAS/images/1/2/9/129062-th.jpg",
    "categories": ["winter"],
    "tags": ["soups-and-stock", "canned-soups"],
    "locations": {
      "vic": {
        "price": 1,
        "promoText": "$0.80 ",
        "packageSize": "420g",
        "packagePrice": "$0.24 per 100G"
      }
    }
  },
  {
    "id": "well-yes-hearty-lentil-vegetable-soup",
    "brand": "Well Yes",
    "name": "Hearty Lentil With Vegetable Soup",
    "imageUrl": "https://shop.coles.com.au/wcsstore/Coles-CAS/images/3/4/1/3414167-th.jpg",
    "categories": ["winter"],
    "tags": ["soups-and-stock", "canned-soups"],
    "locations": {
      "vic": {
        "price": 1.75,
        "promoText": "$1.75 ",
        "packageSize": "463g",
        "packagePrice": "$0.38 per 100G"
      }
    }
  },
  {
    "id": "campbells-country-ladle-soup-chicken-noodle",
    "brand": "Campbell's",
    "name": "Country Ladle Chicken Noodle Soup Can",
    "imageUrl": "https://shop.coles.com.au/wcsstore/Coles-CAS/images/8/0/2/8027044-th.jpg",
    "categories": ["winter"],
    "tags": ["soups-and-stock", "canned-soups"],
    "locations": {
      "vic": {
        "price": 1.75,
        "promoText": "$1.75 ",
        "packageSize": "500g",
        "packagePrice": "$0.35 per 100G"
      }
    }
  },
  {
    "id": "campbells-chunky-soup-stockpot",
    "brand": "Campbell's",
    "name": "Chunky Soup Stockpot",
    "imageUrl": "https://shop.coles.com.au/wcsstore/Coles-CAS/images/4/9/1/4915372-th.jpg",
    "categories": ["winter"],
    "tags": ["soups-and-stock", "canned-soups"],
    "locations": {
      "vic": {
        "price": 1.75,
        "promoText": "$1.75 ",
        "packageSize": "505g",
        "packagePrice": "$0.35 per 100G"
      }
    }
  },
  {
    "id": "well-yes-roasted-chicken-with-wild-rice-soup",
    "brand": "Well Yes",
    "name": "Roasted Chicken With Wild Rice Soup",
    "imageUrl": "https://shop.coles.com.au/wcsstore/Coles-CAS/images/3/4/1/3414156-th.jpg",
    "categories": ["winter"],
    "tags": ["soups-and-stock", "canned-soups"],
    "locations": {
      "vic": {
        "price": 1.75,
        "promoText": "$1.75 ",
        "packageSize": "463g",
        "packagePrice": "$0.38 per 100G"
      }
    }
  },
  {
    "id": "amys-kitchen-organic-tomato-soup-canned",
    "brand": "Amy's Kitchen",
    "name": "Organic Tomato Soup Canned",
    "imageUrl": "https://shop.coles.com.au/wcsstore/Coles-CAS/images/2/3/0/2303411-th.jpg",
    "categories": ["winter"],
    "tags": ["soups-and-stock", "canned-soups"],
    "locations": {
      "vic": {
        "price": 3.9,
        "promoText": " ",
        "packageSize": "411g",
        "packagePrice": "$0.95 per 100G"
      }
    }
  },
  {
    "id": "amys-kitchen-organic-lentil-vegetable-soup-canned",
    "brand": "Amy's Kitchen",
    "name": "Organic Lentil & Vegetable Soup Canned",
    "imageUrl": "https://shop.coles.com.au/wcsstore/Coles-CAS/images/2/3/0/2303400-th.jpg",
    "categories": ["winter"],
    "tags": ["soups-and-stock", "canned-soups"],
    "locations": {
      "vic": {
        "price": 3.9,
        "promoText": " ",
        "packageSize": "411g",
        "packagePrice": "$0.95 per 100G"
      }
    }
  },
  {
    "id": "campbells-condensed-soup-chicken-noodle",
    "brand": "Campbell's",
    "name": "Chicken Noodle Condensed Soup Can",
    "imageUrl": "https://shop.coles.com.au/wcsstore/Coles-CAS/images/5/8/7/5874929-th.jpg",
    "categories": ["winter"],
    "tags": ["soups-and-stock", "canned-soups"],
    "locations": {
      "vic": {
        "price": 1,
        "promoText": "$0.80 ",
        "packageSize": "400g",
        "packagePrice": "$0.25 per 100G"
      }
    }
  },
  {
    "id": "campbells-chunky-soup-chicken-korma",
    "brand": "Campbell's",
    "name": "Chunky Soup Chicken Korma",
    "imageUrl": "https://shop.coles.com.au/wcsstore/Coles-CAS/images/3/7/1/3714670-th.jpg",
    "categories": ["winter"],
    "tags": ["soups-and-stock", "canned-soups"],
    "locations": {
      "vic": {
        "price": 1.75,
        "promoText": "$1.75 ",
        "packageSize": "505g",
        "packagePrice": "$0.35 per 100G"
      }
    }
  },
  {
    "id": "heinz-condensed-soup-tomato",
    "brand": "Heinz",
    "name": "Big Red Tomato Soup Can",
    "imageUrl": "https://shop.coles.com.au/wcsstore/Coles-CAS/images/8/4/1/8416240-th.jpg",
    "categories": ["winter"],
    "tags": ["soups-and-stock", "canned-soups"],
    "locations": {
      "vic": {
        "price": 3.65,
        "promoText": " ",
        "packageSize": "820g",
        "packagePrice": "$0.45 per 100G"
      }
    }
  },
  {
    "id": "heinz-condensed-soup-big-red-tomato-salt-reduced",
    "brand": "Heinz",
    "name": "Big Red Tomato Soup Can Salt Reduced",
    "imageUrl": "https://shop.coles.com.au/wcsstore/Coles-CAS/images/4/6/0/460441-th.jpg",
    "categories": ["winter"],
    "tags": ["soups-and-stock", "canned-soups"],
    "locations": {
      "vic": {
        "price": 2.2,
        "promoText": "Any 2 $3",
        "packageSize": "420g",
        "packagePrice": "$0.52 per 100G"
      }
    }
  },
  {
    "id": "well-yes-chicken-noodle-soup",
    "brand": "Well Yes",
    "name": "Chicken Noodle Soup",
    "imageUrl": "https://shop.coles.com.au/wcsstore/Coles-CAS/images/3/4/1/3414123-th.jpg",
    "categories": ["winter"],
    "tags": ["soups-and-stock", "canned-soups"],
    "locations": {
      "vic": {
        "price": 1.75,
        "promoText": "$1.75 ",
        "packageSize": "458g",
        "packagePrice": "$0.38 per 100G"
      }
    }
  },
  {
    "id": "campbells-condensed-soup-cream-of-chicken-corn",
    "brand": "Campbell's",
    "name": "Cream of Chicken & Corn Condensed Soup Can",
    "imageUrl": "https://shop.coles.com.au/wcsstore/Coles-CAS/images/2/9/8/298263-th.jpg",
    "categories": ["winter"],
    "tags": ["soups-and-stock", "canned-soups"],
    "locations": {
      "vic": {
        "price": 1,
        "promoText": "$0.80 ",
        "packageSize": "420g",
        "packagePrice": "$0.24 per 100G"
      }
    }
  },
  {
    "id": "well-yes-minestrone-with-kale-soup",
    "brand": "Campbell's",
    "name": "Well Yes Minestrone With Kale Soup",
    "imageUrl": "https://shop.coles.com.au/wcsstore/Coles-CAS/images/3/4/1/3414190-th.jpg",
    "categories": ["winter"],
    "tags": ["soups-and-stock", "canned-soups"],
    "locations": {
      "vic": {
        "price": 1.75,
        "promoText": "$1.75 ",
        "packageSize": "458g",
        "packagePrice": "$0.38 per 100G"
      }
    }
  },
  {
    "id": "coles-brand-soup-condensed-tomato",
    "brand": "Coles",
    "name": "Condensed Tomato Soup Can",
    "imageUrl": "https://shop.coles.com.au/wcsstore/Coles-CAS/images/7/3/9/7390413-th.jpg",
    "categories": ["winter"],
    "tags": ["soups-and-stock", "canned-soups"],
    "locations": {
      "vic": {
        "price": 0.8,
        "promoText": " ",
        "packageSize": "420g",
        "packagePrice": "$0.19 per 100G"
      }
    }
  },
  {
    "id": "campbells-chunky-soup-ravioli-bef-tom",
    "brand": "Campbell's",
    "name": "Chunky Soup Ravioli Beef Tom",
    "imageUrl": "https://shop.coles.com.au/wcsstore/Coles-CAS/images/3/7/1/3714692-th.jpg",
    "categories": ["winter"],
    "tags": ["soups-and-stock", "canned-soups"],
    "locations": {
      "vic": {
        "price": 1.75,
        "promoText": "$1.75 ",
        "packageSize": "505g",
        "packagePrice": "$0.35 per 100G"
      }
    }
  },
  {
    "id": "campbells-chunky-soup-chilli-bef",
    "brand": "Campbell's",
    "name": "Chunky Soup Chilli Beef",
    "imageUrl": "https://shop.coles.com.au/wcsstore/Coles-CAS/images/3/7/1/3714681-th.jpg",
    "categories": ["winter"],
    "tags": ["soups-and-stock", "canned-soups"],
    "locations": {
      "vic": {
        "price": 1.75,
        "promoText": "$1.75 ",
        "packageSize": "505g",
        "packagePrice": "$0.35 per 100G"
      }
    }
  },
  {
    "id": "mckenzies-barley-pearl",
    "brand": "McKenzie's",
    "name": "Barley Pearl",
    "imageUrl": "https://shop.coles.com.au/wcsstore/Coles-CAS/images/1/3/0/130039-th.jpg",
    "categories": ["winter"],
    "tags": ["soups-and-stock", "soup-mix"],
    "locations": {
      "vic": {
        "price": 1.7,
        "promoText": " ",
        "packageSize": "500g",
        "packagePrice": "$0.34 per 100G"
      }
    }
  },
  {
    "id": "mckenzies-lentils-red-split",
    "brand": "McKenzie's",
    "name": "Split Red Lentils",
    "imageUrl": "https://shop.coles.com.au/wcsstore/Coles-CAS/images/9/1/9/9190991-th.jpg",
    "categories": ["winter"],
    "tags": ["soups-and-stock", "soup-mix"],
    "locations": {
      "vic": {
        "price": 4.4,
        "promoText": " ",
        "packageSize": "1kg",
        "packagePrice": "$0.44 per 100G"
      }
    }
  },
  {
    "id": "mckenzies-lentils-green-whole",
    "brand": "McKenzie's",
    "name": "Whole Green Lentils",
    "imageUrl": "https://shop.coles.com.au/wcsstore/Coles-CAS/images/1/3/0/130050-th.jpg",
    "categories": ["winter"],
    "tags": ["soups-and-stock", "soup-mix"],
    "locations": {
      "vic": {
        "price": 2.3,
        "promoText": " ",
        "packageSize": "375g",
        "packagePrice": "$0.61 per 100G"
      }
    }
  },
  {
    "id": "mckenzies-lentils-red",
    "brand": "McKenzie's",
    "name": "Split Red Lentils",
    "imageUrl": "https://shop.coles.com.au/wcsstore/Coles-CAS/images/1/3/0/130061-th.jpg",
    "categories": ["winter"],
    "tags": ["soups-and-stock", "soup-mix"],
    "locations": {
      "vic": {
        "price": 1.8,
        "promoText": "$0.50 ",
        "packageSize": "375g",
        "packagePrice": "$0.48 per 100G"
      }
    }
  },
  {
    "id": "mckenzies-split-peas-green",
    "brand": "McKenzie's",
    "name": "Split Green Peas",
    "imageUrl": "https://shop.coles.com.au/wcsstore/Coles-CAS/images/3/5/3/353521-th.jpg",
    "categories": ["winter"],
    "tags": ["soups-and-stock", "soup-mix"],
    "locations": {
      "vic": {
        "price": 1.7,
        "promoText": " ",
        "packageSize": "500g",
        "packagePrice": "$0.34 per 100G"
      }
    }
  },
  {
    "id": "mckenzies-chick-peas",
    "brand": "McKenzie's",
    "name": "Chickpeas",
    "imageUrl": "https://shop.coles.com.au/wcsstore/Coles-CAS/images/4/0/5/405986-th.jpg",
    "categories": ["winter"],
    "tags": ["soups-and-stock", "soup-mix"],
    "locations": {
      "vic": {
        "price": 1.45,
        "promoText": "$0.35 ",
        "packageSize": "375g",
        "packagePrice": "$0.39 per 100G"
      }
    }
  },
  {
    "id": "mckenzies-lentils-french-style-green",
    "brand": "McKenzie's",
    "name": "French Style Black Lentils",
    "imageUrl": "https://shop.coles.com.au/wcsstore/Coles-CAS/images/6/2/8/6288116-th.jpg",
    "categories": ["winter"],
    "tags": ["soups-and-stock", "soup-mix"],
    "locations": {
      "vic": {
        "price": 2.6,
        "promoText": "$0.70 ",
        "packageSize": "375g",
        "packagePrice": "$0.69 per 100G"
      }
    }
  },
  {
    "id": "mckenzies-split-peas-yellow",
    "brand": "McKenzie's",
    "name": "Split Yellow Peas",
    "imageUrl": "https://shop.coles.com.au/wcsstore/Coles-CAS/images/1/3/0/130017-th.jpg",
    "categories": ["winter"],
    "tags": ["soups-and-stock", "soup-mix"],
    "locations": {
      "vic": {
        "price": 1.7,
        "promoText": " ",
        "packageSize": "500g",
        "packagePrice": "$0.34 per 100G"
      }
    }
  },
  {
    "id": "mckenzies-soup-mix-130028p",
    "brand": "McKenzie's",
    "name": "Soup Mix",
    "imageUrl": "https://shop.coles.com.au/wcsstore/Coles-CAS/images/1/3/0/130028-th.jpg",
    "categories": ["winter"],
    "tags": ["soups-and-stock", "soup-mix"],
    "locations": {
      "vic": {
        "price": 1.7,
        "promoText": " ",
        "packageSize": "500g",
        "packagePrice": "$0.34 per 100G"
      }
    }
  },
  {
    "id": "mckenzies-soup-mix-italian-style",
    "brand": "McKenzie's",
    "name": "Italian Style Soup Mix",
    "imageUrl": "https://shop.coles.com.au/wcsstore/Coles-CAS/images/1/3/0/130072-th.jpg",
    "categories": ["winter"],
    "tags": ["soups-and-stock", "soup-mix"],
    "locations": {
      "vic": {
        "price": 1.8,
        "promoText": "$0.50 ",
        "packageSize": "375g",
        "packagePrice": "$0.48 per 100G"
      }
    }
  },
  {
    "id": "mckenzies-yellow-lentils",
    "brand": "McKenzie's",
    "name": "Yellow Lentils",
    "imageUrl": "https://shop.coles.com.au/wcsstore/Coles-CAS/images/2/2/9/2292279-th.jpg",
    "categories": ["winter"],
    "tags": ["soups-and-stock", "soup-mix"],
    "locations": {
      "vic": {
        "price": 1.7,
        "promoText": "$0.45 ",
        "packageSize": "375g",
        "packagePrice": "$0.45 per 100G"
      }
    }
  },
  {
    "id": "mckenzies-dried-black-beans",
    "brand": "McKenzie's",
    "name": "Dried Black Beans",
    "imageUrl": "https://shop.coles.com.au/wcsstore/Coles-CAS/images/2/2/9/2292315-th.jpg",
    "categories": ["winter"],
    "tags": ["soups-and-stock", "soup-mix"],
    "locations": {
      "vic": {
        "price": 2,
        "promoText": "$0.25 ",
        "packageSize": "375g",
        "packagePrice": "$0.53 per 100G"
      }
    }
  },
  {
    "id": "mckenzies--super-blend-soup-mix",
    "brand": "McKenzie's",
    "name": "Super Blend Soup Mix",
    "imageUrl": "https://shop.coles.com.au/wcsstore/Coles-CAS/images/2/6/6/2668319-th.jpg",
    "categories": ["winter"],
    "tags": ["soups-and-stock", "soup-mix"],
    "locations": {
      "vic": {
        "price": 3.95,
        "promoText": " ",
        "packageSize": "350g",
        "packagePrice": "$1.13 per 100G"
      }
    }
  },
  {
    "id": "mckenzies-green-lentil",
    "brand": "Mckenzie's",
    "name": "Whole Green Lentils",
    "imageUrl": "https://shop.coles.com.au/wcsstore/Coles-CAS/images/3/4/6/3465667-th.jpg",
    "categories": ["winter"],
    "tags": ["soups-and-stock", "soup-mix"],
    "locations": {
      "vic": {
        "price": 4.4,
        "promoText": " ",
        "packageSize": "1kg",
        "packagePrice": "$4.40 per 1Kg"
      }
    }
  },
  {
    "id": "mckenzies-12-blend-soup-mix",
    "brand": "McKenzie's",
    "name": "12 Blend Soup Mix",
    "imageUrl": "https://shop.coles.com.au/wcsstore/Coles-CAS/images/3/1/8/3188658-th.jpg",
    "categories": ["winter"],
    "tags": ["soups-and-stock", "soup-mix"],
    "locations": {
      "vic": {
        "price": 1.8,
        "promoText": "$0.50 ",
        "packageSize": "375g",
        "packagePrice": "$0.48 per 100G"
      }
    }
  },
  {
    "id": "mckenzies-super-blend-fibre",
    "brand": "McKenzie's",
    "name": "SuperBlend Fibre Freekeh Lentils & Beans",
    "imageUrl": "https://shop.coles.com.au/wcsstore/Coles-CAS/images/2/6/6/2668320-th.jpg",
    "categories": ["winter"],
    "tags": ["soups-and-stock", "soup-mix"],
    "locations": {
      "vic": {
        "price": 3.95,
        "promoText": " ",
        "packageSize": "350g",
        "packagePrice": "$1.13 per 100G"
      }
    }
  },
  {
    "id": "mckenzies-white-beans",
    "brand": "Mckenzie's",
    "name": "White Beans",
    "imageUrl": "https://shop.coles.com.au/wcsstore/Coles-CAS/images/1/7/1/1717703-th.jpg",
    "categories": ["winter"],
    "tags": ["soups-and-stock", "soup-mix"],
    "locations": {
      "vic": {
        "price": 2.4,
        "promoText": "$0.60 ",
        "packageSize": "375g",
        "packagePrice": "$0.64 per 100G"
      }
    }
  },
  {
    "id": "hart-soul-coconut-pumpkin-pouch-400g",
    "brand": "Hart & Soul",
    "name": "Coconut Pumpkin Soup Pouch",
    "imageUrl": "https://shop.coles.com.au/wcsstore/Coles-CAS/images/3/2/7/3270679-th.jpg",
    "categories": ["winter"],
    "tags": ["soups-and-stock", "soup-pouches"],
    "locations": {
      "vic": {
        "price": 4,
        "promoText": " ",
        "packageSize": "400g",
        "packagePrice": "$1.00 per 100G"
      }
    }
  },
  {
    "id": "hart-soul-soup-pouch-sweet-potato",
    "brand": "Hart & Soul",
    "name": "Gluten Free Sweet Potato Ginger Soup With Turmeric Pouch",
    "imageUrl": "https://shop.coles.com.au/wcsstore/Coles-CAS/images/3/3/9/3399438-th.jpg",
    "categories": ["winter"],
    "tags": ["soups-and-stock", "soup-pouches"],
    "locations": {
      "vic": {
        "price": 4,
        "promoText": " ",
        "packageSize": "400g",
        "packagePrice": "$1.00 per 100G"
      }
    }
  },
  {
    "id": "hart-soul-soup-pouch-spiced-lentil",
    "brand": "Hart & Soul",
    "name": "Gluten Free Spiced Lentil Soup Pouch",
    "imageUrl": "https://shop.coles.com.au/wcsstore/Coles-CAS/images/3/3/9/3399416-th.jpg",
    "categories": ["winter"],
    "tags": ["soups-and-stock", "soup-pouches"],
    "locations": {
      "vic": {
        "price": 4,
        "promoText": " ",
        "packageSize": "400g",
        "packagePrice": "$1.00 per 100G"
      }
    }
  },
  {
    "id": "la-zuppa-soup-pouches-roasted-pumpkin",
    "brand": "La Zuppa",
    "name": "Roasted Pumpkin Soup Pouch",
    "imageUrl": "https://shop.coles.com.au/wcsstore/Coles-CAS/images/1/1/6/1163328-th.jpg",
    "categories": ["winter"],
    "tags": ["soups-and-stock", "soup-pouches"],
    "locations": {
      "vic": {
        "price": 3.5,
        "promoText": "$0.90 ",
        "packageSize": "540g",
        "packagePrice": "$0.65 per 100G"
      }
    }
  },
  {
    "id": "hart-soul-pho-pouch-400-gram",
    "brand": "Hart & Soul",
    "name": "All Natural Pho Soup With Konjac Pouch",
    "imageUrl": "https://shop.coles.com.au/wcsstore/Coles-CAS/images/3/2/7/3270704-th.jpg",
    "categories": ["winter"],
    "tags": ["soups-and-stock", "soup-pouches"],
    "locations": {
      "vic": {
        "price": 4,
        "promoText": " ",
        "packageSize": "400g",
        "packagePrice": "$1.00 per 100G"
      }
    }
  },
  {
    "id": "coles-pouch-soup-cauli-brocolli",
    "brand": "Coles",
    "name": "Cauliflower & Broccoli Soup With Cashew Nuts",
    "imageUrl": "https://shop.coles.com.au/wcsstore/Coles-CAS/images/3/2/7/3272018-th.jpg",
    "categories": ["winter"],
    "tags": ["soups-and-stock", "soup-pouches"],
    "locations": {
      "vic": {
        "price": 2.7,
        "promoText": " ",
        "packageSize": "430g",
        "packagePrice": "$0.63 per 100G"
      }
    }
  },
  {
    "id": "coles-japanese-style-miso-nodle-soup",
    "brand": "Coles",
    "name": "Japanese Style Miso & Noodle Soup Pouch",
    "imageUrl": "https://shop.coles.com.au/wcsstore/Coles-CAS/images/3/7/0/3705104-th.jpg",
    "categories": ["winter"],
    "tags": ["soups-and-stock", "soup-pouches"],
    "locations": {
      "vic": {
        "price": 2.7,
        "promoText": " ",
        "packageSize": "430g",
        "packagePrice": "$0.63 per 100G"
      }
    }
  },
  {
    "id": "hart-soul-soup-pouch-coconut-thai",
    "brand": "Hart & Soul",
    "name": "Gluten Free Thai Coconut Tom Kha Soup Pouch",
    "imageUrl": "https://shop.coles.com.au/wcsstore/Coles-CAS/images/3/4/0/3402576-th.jpg",
    "categories": ["winter"],
    "tags": ["soups-and-stock", "soup-pouches"],
    "locations": {
      "vic": {
        "price": 4,
        "promoText": " ",
        "packageSize": "400g",
        "packagePrice": "$1.00 per 100G"
      }
    }
  },
  {
    "id": "coles-chicken-corn-soup-pouch",
    "brand": "Coles",
    "name": "Chicken & Corn Soup Pouch",
    "imageUrl": "https://shop.coles.com.au/wcsstore/Coles-CAS/images/2/2/5/2258419-th.jpg",
    "categories": ["winter"],
    "tags": ["soups-and-stock", "soup-pouches"],
    "locations": {
      "vic": {
        "price": 2.7,
        "promoText": " ",
        "packageSize": "430g",
        "packagePrice": "$0.63 per 100mL"
      }
    }
  },
  {
    "id": "coles-pouch-soup-coconut-lentil",
    "brand": "Coles",
    "name": "Pouch Soup Coconut Lentil",
    "imageUrl": "https://shop.coles.com.au/wcsstore/Coles-CAS/images/3/2/7/3272030-th.jpg",
    "categories": ["winter"],
    "tags": ["soups-and-stock", "soup-pouches"],
    "locations": {
      "vic": {
        "price": 2.7,
        "promoText": " ",
        "packageSize": "430g",
        "packagePrice": "$0.63 per 100G"
      }
    }
  },
  {
    "id": "heinz-soup-of-the-day-soup-old-fashioned-chicken",
    "brand": "Heinz",
    "name": "Soup of The Day Old Fashioned Chicken Pouch",
    "imageUrl": "https://shop.coles.com.au/wcsstore/Coles-CAS/images/1/1/6/1163725-th.jpg",
    "categories": ["winter"],
    "tags": ["soups-and-stock", "soup-pouches"],
    "locations": {
      "vic": {
        "price": 3,
        "promoText": "Was $3.89 on Jul 2017 ",
        "packageSize": "430g",
        "packagePrice": "$0.70 per 100G"
      }
    }
  },
  {
    "id": "coles-beef-vegetable-soup-pouch",
    "brand": "Coles",
    "name": "Beef & Vegetable Soup Pouch",
    "imageUrl": "https://shop.coles.com.au/wcsstore/Coles-CAS/images/2/2/5/2258420-th.jpg",
    "categories": ["winter"],
    "tags": ["soups-and-stock", "soup-pouches"],
    "locations": {
      "vic": {
        "price": 2.7,
        "promoText": " ",
        "packageSize": "430g",
        "packagePrice": "$0.63 per 100mL"
      }
    }
  },
  {
    "id": "coles-pouch-soup",
    "brand": "Coles",
    "name": "Minestrone Soup with Quinoa",
    "imageUrl": "https://shop.coles.com.au/wcsstore/Coles-CAS/images/3/2/7/3272164-th.jpg",
    "categories": ["winter"],
    "tags": ["soups-and-stock", "soup-pouches"],
    "locations": {
      "vic": {
        "price": 2.7,
        "promoText": " ",
        "packageSize": "430g",
        "packagePrice": "$0.63 per 100G"
      }
    }
  },
  {
    "id": "coles-pouch-soup-laksa-with-noodles",
    "brand": "Coles",
    "name": "Laksa Soup with Konjac Noodles",
    "imageUrl": "https://shop.coles.com.au/wcsstore/Coles-CAS/images/3/2/7/3272040-th.jpg",
    "categories": ["winter"],
    "tags": ["soups-and-stock", "soup-pouches"],
    "locations": {
      "vic": {
        "price": 2.7,
        "promoText": " ",
        "packageSize": "430g",
        "packagePrice": "$0.63 per 100G"
      }
    }
  },
  {
    "id": "la-zuppa-soup-pouches-chicken-tuscan-veg-rice",
    "brand": "La Zuppa",
    "name": "Tuscan Chicken & Vegetables With Rice Soup Pouch",
    "imageUrl": "https://shop.coles.com.au/wcsstore/Coles-CAS/images/1/1/6/1163317-th.jpg",
    "categories": ["winter"],
    "tags": ["soups-and-stock", "soup-pouches"],
    "locations": {
      "vic": {
        "price": 3.5,
        "promoText": "$0.90 ",
        "packageSize": "540g",
        "packagePrice": "$0.65 per 100G"
      }
    }
  },
  {
    "id": "la-zuppa-creamy-chicken-vegetable-soup-pouch",
    "brand": "La Zuppa",
    "name": "Creamy Chicken & Vegetable Soup Pouch",
    "imageUrl": "https://shop.coles.com.au/wcsstore/Coles-CAS/images/1/7/2/1727570-th.jpg",
    "categories": ["winter"],
    "tags": ["soups-and-stock", "soup-pouches"],
    "locations": {
      "vic": {
        "price": 3.5,
        "promoText": "$0.90 ",
        "packageSize": "540g",
        "packagePrice": "$0.65 per 100G"
      }
    }
  },
  {
    "id": "coles-creamy-pumpkin-soup-pouch",
    "brand": "Coles",
    "name": "Creamy Pumpkin Soup Pouch",
    "imageUrl": "https://shop.coles.com.au/wcsstore/Coles-CAS/images/2/2/5/2258340-th.jpg",
    "categories": ["winter"],
    "tags": ["soups-and-stock", "soup-pouches"],
    "locations": {
      "vic": {
        "price": 2.7,
        "promoText": " ",
        "packageSize": "430g",
        "packagePrice": "$0.63 per 100mL"
      }
    }
  },
  {
    "id": "coles-chinese-chicken-corn-soup",
    "brand": "Coles",
    "name": "Chinese Chicken & Corn Soup Pouch",
    "imageUrl": "https://shop.coles.com.au/wcsstore/Coles-CAS/images/3/7/0/3705159-th.jpg",
    "categories": ["winter"],
    "tags": ["soups-and-stock", "soup-pouches"],
    "locations": {
      "vic": {
        "price": 2.7,
        "promoText": " ",
        "packageSize": "430g",
        "packagePrice": "$0.63 per 100G"
      }
    }
  },
  {
    "id": "coles-pulled-lamb-pearl-barley-lentil-soup",
    "brand": "Coles",
    "name": "Pulled Lamb Pearl Barley & Lentil Soup Pouch",
    "imageUrl": "https://shop.coles.com.au/wcsstore/Coles-CAS/images/3/7/0/3704972-th.jpg",
    "categories": ["winter"],
    "tags": ["soups-and-stock", "soup-pouches"],
    "locations": {
      "vic": {
        "price": 2.7,
        "promoText": " ",
        "packageSize": "430g",
        "packagePrice": "$0.63 per 100G"
      }
    }
  },
  {
    "id": "coles-bombay-style-cauliflower-soup",
    "brand": "Coles",
    "name": "Bombay Style Cauliflower Soup Pouch",
    "imageUrl": "https://shop.coles.com.au/wcsstore/Coles-CAS/images/3/7/0/3704859-th.jpg",
    "categories": ["winter"],
    "tags": ["soups-and-stock", "soup-pouches"],
    "locations": {
      "vic": {
        "price": 2.7,
        "promoText": " ",
        "packageSize": "430g",
        "packagePrice": "$0.63 per 100G"
      }
    }
  },
  {
    "id": "heinz-soup-of-the-day-7-veg-with-garden-herbs-soup-pouch",
    "brand": "Heinz",
    "name": "Soup Of The Day 7 Veg With Garden Herbs Soup Pouch",
    "imageUrl": "https://shop.coles.com.au/wcsstore/Coles-CAS/images/2/2/8/2289015-th.jpg",
    "categories": ["winter"],
    "tags": ["soups-and-stock", "soup-pouches"],
    "locations": {
      "vic": {
        "price": 3,
        "promoText": "Was $3.89 on Jul 2017 ",
        "packageSize": "430g",
        "packagePrice": "$0.70 per 100G"
      }
    }
  },
  {
    "id": "la-zuppa-pouches-soup-italian-tomato-veg",
    "brand": "La Zuppa",
    "name": "Gluten Free Italian Style Tomato & Vegetable Soup",
    "imageUrl": "https://shop.coles.com.au/wcsstore/Coles-CAS/images/3/4/0/3402565-th.jpg",
    "categories": ["winter"],
    "tags": ["soups-and-stock", "soup-pouches"],
    "locations": {
      "vic": {
        "price": 3.5,
        "promoText": "$0.90 ",
        "packageSize": "540g",
        "packagePrice": "$0.65 per 100G"
      }
    }
  },
  {
    "id": "coles-chick-vegetable-buckwheat-soup-pouch",
    "brand": "Coles",
    "name": "Chicken Vegetable & Buckwheat Soup Pouch",
    "imageUrl": "https://shop.coles.com.au/wcsstore/Coles-CAS/images/2/6/6/2666970-th.jpg",
    "categories": ["winter"],
    "tags": ["soups-and-stock", "soup-pouches"],
    "locations": {
      "vic": {
        "price": 2.7,
        "promoText": " ",
        "packageSize": "430g",
        "packagePrice": "$0.63 per 100G"
      }
    }
  },
  {
    "id": "heinz-soup-of-the-day-soup-pumpkin-mixed-vegetables",
    "brand": "Heinz",
    "name": "Soup Of The Day Buttercup Pumpkin & Veg",
    "imageUrl": "https://shop.coles.com.au/wcsstore/Coles-CAS/images/1/1/6/1163689-th.jpg",
    "categories": ["winter"],
    "tags": ["soups-and-stock", "soup-pouches"],
    "locations": {
      "vic": {
        "price": 3,
        "promoText": "Was $3.89 on Jul 2017 ",
        "packageSize": "430g",
        "packagePrice": "$0.70 per 100G"
      }
    }
  },
  {
    "id": "massel-ultra-stock-cubes-chicken-style",
    "brand": "Massel",
    "name": "Chicken Style Stock Cubes",
    "imageUrl": "https://shop.coles.com.au/wcsstore/Coles-CAS/images/9/3/7/93737-th.jpg",
    "categories": ["winter"],
    "tags": ["soups-and-stock", "stock-cubes"],
    "locations": {
      "vic": {
        "price": 2.4,
        "promoText": "$0.60 ",
        "packageSize": "105g",
        "packagePrice": "$0.23 per 10G"
      }
    }
  },
  {
    "id": "massel-ultracube-stock-cubes-chicken-salt-reduced",
    "brand": "Massel",
    "name": "Salt Reduced Chicken Stock Cubes",
    "imageUrl": "https://shop.coles.com.au/wcsstore/Coles-CAS/images/9/4/9/9490725-th.jpg",
    "categories": ["winter"],
    "tags": ["soups-and-stock", "stock-cubes"],
    "locations": {
      "vic": {
        "price": 2.4,
        "promoText": "$0.60 ",
        "packageSize": "105g",
        "packagePrice": "$0.23 per 10G"
      }
    }
  },
  {
    "id": "massel-ultracube--stock-cubes-vegetable-salt-reduced",
    "brand": "Massel",
    "name": "Salt Reduced Vegetable Stock Cubes",
    "imageUrl": "https://shop.coles.com.au/wcsstore/Coles-CAS/images/9/4/9/9490554-th.jpg",
    "categories": ["winter"],
    "tags": ["soups-and-stock", "stock-cubes"],
    "locations": {
      "vic": {
        "price": 2.4,
        "promoText": "$0.60 ",
        "packageSize": "105g",
        "packagePrice": "$0.23 per 10G"
      }
    }
  },
  {
    "id": "massel-ultra-stock-cubes-beef-style",
    "brand": "Massel",
    "name": "Beef Style Stock Cubes",
    "imageUrl": "https://shop.coles.com.au/wcsstore/Coles-CAS/images/9/3/7/93726-th.jpg",
    "categories": ["winter"],
    "tags": ["soups-and-stock", "stock-cubes"],
    "locations": {
      "vic": {
        "price": 2.4,
        "promoText": "$0.60 ",
        "packageSize": "105g",
        "packagePrice": "$0.23 per 10G"
      }
    }
  },
  {
    "id": "massel-bullion-chicken-stock-cubes-7-pack",
    "brand": "Massel",
    "name": "7 Bouillon Cubes Chicken Style",
    "imageUrl": "https://shop.coles.com.au/wcsstore/Coles-CAS/images/1/8/1/1814153-th.jpg",
    "categories": ["winter"],
    "tags": ["soups-and-stock", "stock-cubes"],
    "locations": {
      "vic": {
        "price": 1,
        "promoText": " ",
        "packageSize": "35g",
        "packagePrice": "$0.29 per 10G"
      }
    }
  },
  {
    "id": "massel-ultra-stock-cubes-vegetable",
    "brand": "Massel",
    "name": "Vegetable Stock Cubes",
    "imageUrl": "https://shop.coles.com.au/wcsstore/Coles-CAS/images/9/8/5/98548-th.jpg",
    "categories": ["winter"],
    "tags": ["soups-and-stock", "stock-cubes"],
    "locations": {
      "vic": {
        "price": 2.4,
        "promoText": "$0.60 ",
        "packageSize": "105g",
        "packagePrice": "$0.23 per 10G"
      }
    }
  },
  {
    "id": "massel-bullion-beef-stock-cubes-7-pack",
    "brand": "Massel",
    "name": "7 Bouillon Cubes Beef Style",
    "imageUrl": "https://shop.coles.com.au/wcsstore/Coles-CAS/images/1/8/1/1814142-th.jpg",
    "categories": ["winter"],
    "tags": ["soups-and-stock", "stock-cubes"],
    "locations": {
      "vic": {
        "price": 1,
        "promoText": " ",
        "packageSize": "35g",
        "packagePrice": "$0.29 per 10G"
      }
    }
  },
  {
    "id": "oxo-stock-cubes-beef",
    "brand": "Oxo",
    "name": "Beef Stock Cubes",
    "imageUrl": "https://shop.coles.com.au/wcsstore/Coles-CAS/images/1/5/7/157079-th.jpg",
    "categories": ["winter"],
    "tags": ["soups-and-stock", "stock-cubes"],
    "locations": {
      "vic": {
        "price": 2.5,
        "promoText": " ",
        "packageSize": "71g",
        "packagePrice": "$0.35 per 10G"
      }
    }
  },
  {
    "id": "coles-stock-cubes-21pk-vegetable",
    "brand": "Coles",
    "name": "Vegetable Stock Cubes 21 pack",
    "imageUrl": "https://shop.coles.com.au/wcsstore/Coles-CAS/images/3/4/5/3455696-th.jpg",
    "categories": ["winter"],
    "tags": ["soups-and-stock", "stock-cubes"],
    "locations": {
      "vic": {
        "price": 2,
        "promoText": " ",
        "packageSize": "105g",
        "packagePrice": "$1.90 per 100G"
      }
    }
  },
  {
    "id": "oxo-stock-cubes-chicken",
    "brand": "Oxo",
    "name": "Chicken Stock Cubes",
    "imageUrl": "https://shop.coles.com.au/wcsstore/Coles-CAS/images/2/4/6/246102-th.jpg",
    "categories": ["winter"],
    "tags": ["soups-and-stock", "stock-cubes"],
    "locations": {
      "vic": {
        "price": 2.5,
        "promoText": " ",
        "packageSize": "71g",
        "packagePrice": "$0.35 per 10G"
      }
    }
  },
  {
    "id": "coles-stock-cubes-21pk-chicken",
    "brand": "Coles",
    "name": "Chicken Stock Cubes 21 pack",
    "imageUrl": "https://shop.coles.com.au/wcsstore/Coles-CAS/images/3/4/5/3455685-th.jpg",
    "categories": ["winter"],
    "tags": ["soups-and-stock", "stock-cubes"],
    "locations": {
      "vic": {
        "price": 2,
        "promoText": " ",
        "packageSize": "105g",
        "packagePrice": "$0.19 per 10G"
      }
    }
  },
  {
    "id": "coles-stock-cubes-21pk-beef",
    "brand": "Coles",
    "name": "Beef Style Stock Cubes 21 pack",
    "imageUrl": "https://shop.coles.com.au/wcsstore/Coles-CAS/images/3/4/5/3455674-th.jpg",
    "categories": ["winter"],
    "tags": ["soups-and-stock", "stock-cubes"],
    "locations": {
      "vic": {
        "price": 2,
        "promoText": " ",
        "packageSize": "105g",
        "packagePrice": "$0.19 per 10G"
      }
    }
  },
  {
    "id": "continental-instant-soup-chicken-noodle",
    "brand": "Continental",
    "name": "Chicken Noodle Simmer Soup 4 Serves",
    "imageUrl": "https://shop.coles.com.au/wcsstore/Coles-CAS/images/1/2/9/129335-th.jpg",
    "categories": ["winter"],
    "tags": ["soups-and-stock", "soup-packets"],
    "locations": {
      "vic": {
        "price": 1,
        "promoText": " ",
        "packageSize": "45g",
        "packagePrice": "$2.22 per 100G"
      }
    }
  },
  {
    "id": "continental-instant-soup-french-onion",
    "brand": "Continental",
    "name": "Simmer Soup French Onion 4 Serves",
    "imageUrl": "https://shop.coles.com.au/wcsstore/Coles-CAS/images/1/2/9/129426-th.jpg",
    "categories": ["winter"],
    "tags": ["soups-and-stock", "soup-packets"],
    "locations": {
      "vic": {
        "price": 1,
        "promoText": " ",
        "packageSize": "40g",
        "packagePrice": "$2.50 per 100G"
      }
    }
  },
  {
    "id": "continental-cup-a-soup-tomato",
    "brand": "Continental",
    "name": "Cup A Soup Tomato 4 Pack",
    "imageUrl": "https://shop.coles.com.au/wcsstore/Coles-CAS/images/1/2/9/129765-th.jpg",
    "categories": ["winter"],
    "tags": ["soups-and-stock", "soup-packets"],
    "locations": {
      "vic": {
        "price": 2,
        "promoText": " ",
        "packageSize": "80g",
        "packagePrice": "$2.50 per 100G"
      }
    }
  },
  {
    "id": "coles-soup-packet-chicken-noodle",
    "brand": "Coles",
    "name": "Chicken Noodle Soup Mix",
    "imageUrl": "https://shop.coles.com.au/wcsstore/Coles-CAS/images/8/8/8/8880269-th.jpg",
    "categories": ["winter"],
    "tags": ["soups-and-stock", "soup-packets"],
    "locations": {
      "vic": {
        "price": 0.45,
        "promoText": " ",
        "packageSize": "50g",
        "packagePrice": "$0.90 per 100G"
      }
    }
  },
  {
    "id": "coles-brand-soup-packet-french-onion",
    "brand": "Coles",
    "name": "French Onion Soup Mix",
    "imageUrl": "https://shop.coles.com.au/wcsstore/Coles-CAS/images/1/2/9/129619-th.jpg",
    "categories": ["winter"],
    "tags": ["soups-and-stock", "soup-packets"],
    "locations": {
      "vic": {
        "price": 0.45,
        "promoText": " ",
        "packageSize": "40g",
        "packagePrice": "$11.25 per 1Kg"
      }
    }
  },
  {
    "id": "continental-cup-a-soup-chicken-noodle",
    "brand": "Continental",
    "name": "Cup A Soup Chicken Noodle 4 pack",
    "imageUrl": "https://shop.coles.com.au/wcsstore/Coles-CAS/images/1/2/9/129696-th.jpg",
    "categories": ["winter"],
    "tags": ["soups-and-stock", "soup-packets"],
    "locations": {
      "vic": {
        "price": 2,
        "promoText": " ",
        "packageSize": "40g",
        "packagePrice": "$5.00 per 100G"
      }
    }
  },
  {
    "id": "continental-instant-soup-french-onion-salt-reduced",
    "brand": "Continental",
    "name": "Simmer Soup French Onion Salt Reduced 4 Serves",
    "imageUrl": "https://shop.coles.com.au/wcsstore/Coles-CAS/images/1/0/5/105280-th.jpg",
    "categories": ["winter"],
    "tags": ["soups-and-stock", "soup-packets"],
    "locations": {
      "vic": {
        "price": 1,
        "promoText": " ",
        "packageSize": "35g",
        "packagePrice": "$2.86 per 100G"
      }
    }
  },
  {
    "id": "continental-cup-a-soup-cream-of-chicken",
    "brand": "Continental",
    "name": "Cup A Soup Cream of Chicken 4 pack",
    "imageUrl": "https://shop.coles.com.au/wcsstore/Coles-CAS/images/1/2/9/129674-th.jpg",
    "categories": ["winter"],
    "tags": ["soups-and-stock", "soup-packets"],
    "locations": {
      "vic": {
        "price": 2,
        "promoText": " ",
        "packageSize": "75g",
        "packagePrice": "$2.67 per 100G"
      }
    }
  },
  {
    "id": "continental-cup-a-soup-hearty-beef",
    "brand": "Continental",
    "name": "Cup A Soup Hearty Beef 4 pack",
    "imageUrl": "https://shop.coles.com.au/wcsstore/Coles-CAS/images/1/2/9/129685-th.jpg",
    "categories": ["winter"],
    "tags": ["soups-and-stock", "soup-packets"],
    "locations": {
      "vic": {
        "price": 2,
        "promoText": " ",
        "packageSize": "55g",
        "packagePrice": "$3.64 per 100G"
      }
    }
  },
  {
    "id": "continental-instant-soup-spring-vegetable",
    "brand": "Continental",
    "name": "Simmer Soup Spring Vegetable 4 Serves",
    "imageUrl": "https://shop.coles.com.au/wcsstore/Coles-CAS/images/1/2/9/129437-th.jpg",
    "categories": ["winter"],
    "tags": ["soups-and-stock", "soup-packets"],
    "locations": {
      "vic": {
        "price": 1.4,
        "promoText": " ",
        "packageSize": "30g",
        "packagePrice": "$4.67 per 100G"
      }
    }
  },
  {
    "id": "continental-stock-powder-chicken",
    "brand": "Continental",
    "name": "Superb Chicken Stock Powder",
    "imageUrl": "https://shop.coles.com.au/wcsstore/Coles-CAS/images/5/0/8/5086105-th.jpg",
    "categories": ["winter"],
    "tags": ["soups-and-stock", "stock-powder"],
    "locations": {
      "vic": {
        "price": 2.4,
        "promoText": "$0.45 ",
        "packageSize": "130g",
        "packagePrice": "$0.18 per 10G"
      }
    }
  },
  {
    "id": "continental-stock-powder-instant-beef-salt-reduced",
    "brand": "Continental",
    "name": "Superb Salt Reduced Beef Stock Powder",
    "imageUrl": "https://shop.coles.com.au/wcsstore/Coles-CAS/images/5/3/8/5382006-th.jpg",
    "categories": ["winter"],
    "tags": ["soups-and-stock", "stock-powder"],
    "locations": {
      "vic": {
        "price": 2.4,
        "promoText": "$0.45 ",
        "packageSize": "120g",
        "packagePrice": "$0.20 per 10G"
      }
    }
  },
  {
    "id": "continental-instant-stock-powder-chicken-salt-reduced",
    "brand": "Continental",
    "name": "Superb Salt Reduced Chicken Stock Powder",
    "imageUrl": "https://shop.coles.com.au/wcsstore/Coles-CAS/images/5/3/8/5387247-th.jpg",
    "categories": ["winter"],
    "tags": ["soups-and-stock", "stock-powder"],
    "locations": {
      "vic": {
        "price": 2.4,
        "promoText": " ",
        "packageSize": "120g",
        "packagePrice": "$0.20 per 10G"
      }
    }
  },
  {
    "id": "massel-stock-powder-chicken",
    "brand": "Massel",
    "name": "Chicken Stock Powder",
    "imageUrl": "https://shop.coles.com.au/wcsstore/Coles-CAS/images/4/2/9/4298593-th.jpg",
    "categories": ["winter"],
    "tags": ["soups-and-stock", "stock-powder"],
    "locations": {
      "vic": {
        "price": 2.4,
        "promoText": "$0.60 ",
        "packageSize": "168g",
        "packagePrice": "$0.14 per 10G"
      }
    }
  },
  {
    "id": "massel-stock-powder-vegetable",
    "brand": "Massel",
    "name": "Vegetable Stock Powder",
    "imageUrl": "https://shop.coles.com.au/wcsstore/Coles-CAS/images/4/2/9/4298607-th.jpg",
    "categories": ["winter"],
    "tags": ["soups-and-stock", "stock-powder"],
    "locations": {
      "vic": {
        "price": 2.4,
        "promoText": "$0.60 ",
        "packageSize": "168g",
        "packagePrice": "$0.14 per 10G"
      }
    }
  },
  {
    "id": "massel-salt-reduced-stock-powder-chicken-style",
    "brand": "Massel",
    "name": "Salt Reduced Chicken Style Stock Powder",
    "imageUrl": "https://shop.coles.com.au/wcsstore/Coles-CAS/images/9/0/2/9026499-th.jpg",
    "categories": ["winter"],
    "tags": ["soups-and-stock", "stock-powder"],
    "locations": {
      "vic": {
        "price": 2.4,
        "promoText": "$0.60 ",
        "packageSize": "140g",
        "packagePrice": "$0.17 per 10G"
      }
    }
  },
  {
    "id": "massel-stock-powder-beef",
    "brand": "Massel",
    "name": "Beef Stock Powder",
    "imageUrl": "https://shop.coles.com.au/wcsstore/Coles-CAS/images/4/2/9/4298582-th.jpg",
    "categories": ["winter"],
    "tags": ["soups-and-stock", "stock-powder"],
    "locations": {
      "vic": {
        "price": 2.4,
        "promoText": "$0.60 ",
        "packageSize": "168g",
        "packagePrice": "$0.14 per 10G"
      }
    }
  },
  {
    "id": "podravka-vegeta-stock-powder-gourmet",
    "brand": "Vegeta",
    "name": "Gluten Free Real Gourmet Stock Powder Canned",
    "imageUrl": "https://shop.coles.com.au/wcsstore/Coles-CAS/images/1/3/4/134110-th.jpg",
    "categories": ["winter"],
    "tags": ["soups-and-stock", "stock-powder"],
    "locations": {
      "vic": {
        "price": 3.7,
        "promoText": " ",
        "packageSize": "250g",
        "packagePrice": "$1.48 per 100G"
      }
    }
  },
  {
    "id": "podravka-vegeta-stock-gourmet-5728508p",
    "brand": "Vegeta",
    "name": "Real Gourmet Stock",
    "imageUrl": "https://shop.coles.com.au/wcsstore/Coles-CAS/images/5/7/2/5728508-th.jpg",
    "categories": ["winter"],
    "tags": ["soups-and-stock", "stock-powder"],
    "locations": {
      "vic": {
        "price": 5.7,
        "promoText": "Was $6.40 on Jun 2019 ",
        "packageSize": "500g",
        "packagePrice": "$1.14 per 100G"
      }
    }
  },
  {
    "id": "podravka-vegeta-chicken-stock",
    "brand": "Vegeta",
    "name": "Gluten Free Real Chicken Stock Powder Canned",
    "imageUrl": "https://shop.coles.com.au/wcsstore/Coles-CAS/images/8/4/9/8496985-th.jpg",
    "categories": ["winter"],
    "tags": ["soups-and-stock", "stock-powder"],
    "locations": {
      "vic": {
        "price": 3.7,
        "promoText": " ",
        "packageSize": "200g",
        "packagePrice": "$1.85 per 100G"
      }
    }
  },
  {
    "id": "podravka-vegeta-beef-stock",
    "brand": "Vegeta",
    "name": "Gluten Free Real Beef Stock Powder Canned",
    "imageUrl": "https://shop.coles.com.au/wcsstore/Coles-CAS/images/2/3/7/2379264-th.jpg",
    "categories": ["winter"],
    "tags": ["soups-and-stock", "stock-powder"],
    "locations": {
      "vic": {
        "price": 3.7,
        "promoText": " ",
        "packageSize": "180g",
        "packagePrice": "$2.06 per 100G"
      }
    }
  },
  {
    "id": "continental-stock-pot-chicken",
    "brand": "Continental",
    "name": "Chicken Stock Pot",
    "imageUrl": "https://shop.coles.com.au/wcsstore/Coles-CAS/images/8/3/9/8392935-th.jpg",
    "categories": ["winter"],
    "tags": ["soups-and-stock", "liquid-stocks"],
    "locations": {
      "vic": {
        "price": 3.5,
        "promoText": " ",
        "packageSize": "112g",
        "packagePrice": "$3.13 per 100G"
      }
    }
  },
  {
    "id": "continental-stock-pot-beef",
    "brand": "Continental",
    "name": "Beef Stock Pot",
    "imageUrl": "https://shop.coles.com.au/wcsstore/Coles-CAS/images/8/3/9/8392913-th.jpg",
    "categories": ["winter"],
    "tags": ["soups-and-stock", "liquid-stocks"],
    "locations": {
      "vic": {
        "price": 3.5,
        "promoText": " ",
        "packageSize": "112g",
        "packagePrice": "$3.13 per 100G"
      }
    }
  },
  {
    "id": "coles-rr-9x7-beef-lean-mince-3449773p",
    "brand": "Coles",
    "name": "Lean Beef Mince",
    "imageUrl": "https://shop.coles.com.au/wcsstore/Coles-CAS/images/3/4/4/3449773-th.jpg",
    "categories": ["winter", "meat-seafood-deli"],
    "tags": ["soups-and-stock", "liquid-stocks"],
    "locations": {
      "vic": {
        "price": 11,
        "promoText": " ",
        "packageSize": "800g",
        "packagePrice": "$1.38 per 100G"
      }
    }
  },
  {
    "id": "continental-stock-pot-vegetable",
    "brand": "Continental",
    "name": "Vegetable Stock Pot",
    "imageUrl": "https://shop.coles.com.au/wcsstore/Coles-CAS/images/8/3/9/8392946-th.jpg",
    "categories": ["winter"],
    "tags": ["soups-and-stock", "liquid-stocks"],
    "locations": {
      "vic": {
        "price": 3.5,
        "promoText": " ",
        "packageSize": "112g",
        "packagePrice": "$3.13 per 100G"
      }
    }
  },
  {
    "id": "campbells-real-stock-chicken",
    "brand": "Campbell's",
    "name": "Real Chicken Stock",
    "imageUrl": "https://shop.coles.com.au/wcsstore/Coles-CAS/images/8/1/5/8157935-th.jpg",
    "categories": ["winter"],
    "tags": ["soups-and-stock", "liquid-stocks"],
    "locations": {
      "vic": {
        "price": 2,
        "promoText": "$2.00 ",
        "packageSize": "1L",
        "packagePrice": "$0.20 per 100mL"
      }
    }
  },
  {
    "id": "campbells-stock-real-chicken-salt-reduced-8837306p",
    "brand": "Campbell's",
    "name": "Real Salt Reduced Chicken Stock",
    "imageUrl": "https://shop.coles.com.au/wcsstore/Coles-CAS/images/8/8/3/8837306-th.jpg",
    "categories": ["winter"],
    "tags": ["soups-and-stock", "liquid-stocks"],
    "locations": {
      "vic": {
        "price": 2,
        "promoText": "$2.00 ",
        "packageSize": "1L",
        "packagePrice": "$2.00 per 1L"
      }
    }
  },
  {
    "id": "campbells-real-stock-vegetable",
    "brand": "Campbell's",
    "name": "Real Vegetable Stock",
    "imageUrl": "https://shop.coles.com.au/wcsstore/Coles-CAS/images/8/0/5/8053838-th.jpg",
    "categories": ["winter"],
    "tags": ["soups-and-stock", "liquid-stocks"],
    "locations": {
      "vic": {
        "price": 2,
        "promoText": "$2.00 ",
        "packageSize": "1L",
        "packagePrice": "$0.20 per 100mL"
      }
    }
  },
  {
    "id": "campbells-real-stock-beef",
    "brand": "Campbell's",
    "name": "Real Beef Stock",
    "imageUrl": "https://shop.coles.com.au/wcsstore/Coles-CAS/images/8/0/5/8055800-th.jpg",
    "categories": ["winter"],
    "tags": ["soups-and-stock", "liquid-stocks"],
    "locations": {
      "vic": {
        "price": 2,
        "promoText": "$2.00 ",
        "packageSize": "1L",
        "packagePrice": "$0.20 per 100mL"
      }
    }
  },
  {
    "id": "campbells-stock-real-vegetable-salt-reduced",
    "brand": "Campbell's",
    "name": "Real Salt Reduced Vegetable Stock",
    "imageUrl": "https://shop.coles.com.au/wcsstore/Coles-CAS/images/9/2/0/9209229-th.jpg",
    "categories": ["winter"],
    "tags": ["soups-and-stock", "liquid-stocks"],
    "locations": {
      "vic": {
        "price": 2,
        "promoText": "$2.00 ",
        "packageSize": "1L",
        "packagePrice": "$0.20 per 100mL"
      }
    }
  },
  {
    "id": "campbells-stock-real-beef-salt-reduced",
    "brand": "Campbell's",
    "name": "Real Salt Reduced Beef  Stock",
    "imageUrl": "https://shop.coles.com.au/wcsstore/Coles-CAS/images/9/2/0/9209230-th.jpg",
    "categories": ["winter"],
    "tags": ["soups-and-stock", "liquid-stocks"],
    "locations": {
      "vic": {
        "price": 2,
        "promoText": "$2.00 ",
        "packageSize": "1L",
        "packagePrice": "$0.20 per 100mL"
      }
    }
  },
  {
    "id": "campbells-real-stock-vegetable-7198416p",
    "brand": "Campbell's",
    "name": "Real Vegetable Stock",
    "imageUrl": "https://shop.coles.com.au/wcsstore/Coles-CAS/images/7/1/9/7198416-th.jpg",
    "categories": ["winter"],
    "tags": ["soups-and-stock", "liquid-stocks"],
    "locations": {
      "vic": {
        "price": 2.3,
        "promoText": " ",
        "packageSize": "500mL",
        "packagePrice": "$0.46 per 100mL"
      }
    }
  },
  {
    "id": "campbells-stock-real-chicken-salt-reduced",
    "brand": "Campbell's",
    "name": "Real Salt Reduced  Chicken  Stock",
    "imageUrl": "https://shop.coles.com.au/wcsstore/Coles-CAS/images/8/8/5/8851078-th.jpg",
    "categories": ["winter"],
    "tags": ["soups-and-stock", "liquid-stocks"],
    "locations": {
      "vic": {
        "price": 2.3,
        "promoText": " ",
        "packageSize": "500mL",
        "packagePrice": "$0.46 per 100mL"
      }
    }
  },
  {
    "id": "massel-liquid-stock-chicken-gourmet-plus",
    "brand": "Massel",
    "name": "Chicken Style Stock",
    "imageUrl": "https://shop.coles.com.au/wcsstore/Coles-CAS/images/4/4/5/4455465-th.jpg",
    "categories": ["winter"],
    "tags": ["soups-and-stock", "liquid-stocks"],
    "locations": {
      "vic": {
        "price": 3,
        "promoText": "Was $3.80 on Dec 2017 ",
        "packageSize": "1L",
        "packagePrice": "$0.30 per 100mL"
      }
    }
  },
  {
    "id": "coles-stock-liquid-real-chicken",
    "brand": "Coles",
    "name": "Real Chicken Stock",
    "imageUrl": "https://shop.coles.com.au/wcsstore/Coles-CAS/images/7/1/5/7152073-th.jpg",
    "categories": ["winter"],
    "tags": ["soups-and-stock", "liquid-stocks"],
    "locations": {
      "vic": {
        "price": 1.9,
        "promoText": " ",
        "packageSize": "1L",
        "packagePrice": "$0.19 per 100mL"
      }
    }
  },
  {
    "id": "massel-salt-reduced-liquid-stock-chicken-style",
    "brand": "Massel",
    "name": "Salt Reduced Chicken Style Stock",
    "imageUrl": "https://shop.coles.com.au/wcsstore/Coles-CAS/images/5/0/0/5000303-th.jpg",
    "categories": ["winter"],
    "tags": ["soups-and-stock", "liquid-stocks"],
    "locations": {
      "vic": {
        "price": 3,
        "promoText": "Was $3.80 on Dec 2017 ",
        "packageSize": "1L",
        "packagePrice": "$0.30 per 100mL"
      }
    }
  },
  {
    "id": "campbells-real-stock-chicken-6149845p",
    "brand": "Campbell's",
    "name": "Real Chicken Stock",
    "imageUrl": "https://shop.coles.com.au/wcsstore/Coles-CAS/images/6/1/4/6149845-th.jpg",
    "categories": ["winter"],
    "tags": ["soups-and-stock", "liquid-stocks"],
    "locations": {
      "vic": {
        "price": 2.3,
        "promoText": " ",
        "packageSize": "500mL",
        "packagePrice": "$0.46 per 100mL"
      }
    }
  },
  {
    "id": "cambells-bone-broth-free-range-chicken",
    "brand": "Campbell's",
    "name": "Bone Broth From Free Range Chicken",
    "imageUrl": "https://shop.coles.com.au/wcsstore/Coles-CAS/images/3/2/2/3224751-th.jpg",
    "categories": ["winter"],
    "tags": ["soups-and-stock", "liquid-stocks"],
    "locations": {
      "vic": {
        "price": 7,
        "promoText": " ",
        "packageSize": "500mL",
        "packagePrice": "$1.40 per 100mL"
      }
    }
  },
  {
    "id": "massel--liquid-stock-vegetable-gourmet-plus",
    "brand": "Massel",
    "name": "Vegetable Stock",
    "imageUrl": "https://shop.coles.com.au/wcsstore/Coles-CAS/images/4/4/5/4455476-th.jpg",
    "categories": ["winter"],
    "tags": ["soups-and-stock", "liquid-stocks"],
    "locations": {
      "vic": {
        "price": 3,
        "promoText": "Was $3.80 on Dec 2017 ",
        "packageSize": "1L",
        "packagePrice": "$0.30 per 100mL"
      }
    }
  },
  {
    "id": "campbells-stock-real-chicken",
    "brand": "Campbell's",
    "name": "Real Chicken Stock",
    "imageUrl": "https://shop.coles.com.au/wcsstore/Coles-CAS/images/1/1/9/1190150-th.jpg",
    "categories": ["winter"],
    "tags": ["soups-and-stock", "liquid-stocks"],
    "locations": {
      "vic": {
        "price": 1.65,
        "promoText": " ",
        "packageSize": "250mL",
        "packagePrice": "$0.66 per 100mL"
      }
    }
  },
  {
    "id": "campbells-stock-real-beef-6149743p",
    "brand": "Campbell's",
    "name": "Real Beef Stock",
    "imageUrl": "https://shop.coles.com.au/wcsstore/Coles-CAS/images/6/1/4/6149743-th.jpg",
    "categories": ["winter"],
    "tags": ["soups-and-stock", "liquid-stocks"],
    "locations": {
      "vic": {
        "price": 2.3,
        "promoText": " ",
        "packageSize": "500mL",
        "packagePrice": "$0.46 per 100mL"
      }
    }
  },
  {
    "id": "coles-liquid-stock-chicken-pho",
    "brand": "Coles",
    "name": "Vietnamese Inspired Chicken Pho Liquid Stock",
    "imageUrl": "https://shop.coles.com.au/wcsstore/Coles-CAS/images/3/4/5/3455594-th.jpg",
    "categories": ["winter"],
    "tags": ["soups-and-stock", "liquid-stocks"],
    "locations": {
      "vic": {
        "price": 3,
        "promoText": " ",
        "packageSize": "1L",
        "packagePrice": "$0.30 per 100mL"
      }
    }
  },
  {
    "id": "bovril-vegetable-extract",
    "brand": "Bovril",
    "name": "Vegetable Extract",
    "imageUrl": "https://shop.coles.com.au/wcsstore/Coles-CAS/images/9/5/0/9506042-th.jpg",
    "categories": ["winter"],
    "tags": ["soups-and-stock", "liquid-stocks"],
    "locations": {
      "vic": {
        "price": 6,
        "promoText": " ",
        "packageSize": "125g",
        "packagePrice": "$4.80 per 100G"
      }
    }
  },
  {
    "id": "campbells-stock-real-beef",
    "brand": "Campbell's",
    "name": "Real Beef Stock",
    "imageUrl": "https://shop.coles.com.au/wcsstore/Coles-CAS/images/1/1/9/1190149-th.jpg",
    "categories": ["winter"],
    "tags": ["soups-and-stock", "liquid-stocks"],
    "locations": {
      "vic": {
        "price": 1.65,
        "promoText": " ",
        "packageSize": "250mL",
        "packagePrice": "$0.66 per 100mL"
      }
    }
  },
  {
    "id": "campbells-real-stock-thai",
    "brand": "Campbell's",
    "name": "Real Stock Thai Base Soup",
    "imageUrl": "https://shop.coles.com.au/wcsstore/Coles-CAS/images/3/4/3/3434255-th.jpg",
    "categories": ["winter"],
    "tags": ["soups-and-stock", "liquid-stocks"],
    "locations": {
      "vic": {
        "price": 2,
        "promoText": "$2.00 ",
        "packageSize": "1L",
        "packagePrice": "$2.00 per 1L"
      }
    }
  },
  {
    "id": "campbells-bone-broth-grass-fed-beef",
    "brand": "Campbell's",
    "name": "Bone Broth From Grass Fed Beef",
    "imageUrl": "https://shop.coles.com.au/wcsstore/Coles-CAS/images/3/2/2/3224740-th.jpg",
    "categories": ["winter"],
    "tags": ["soups-and-stock", "liquid-stocks"],
    "locations": {
      "vic": {
        "price": 7,
        "promoText": " ",
        "packageSize": "500mL",
        "packagePrice": "$1.40 per 100mL"
      }
    }
  },
  {
    "id": "coles-brand-stock-liquid-real-vegetable",
    "brand": "Coles",
    "name": "Real Vegetable Stock",
    "imageUrl": "https://shop.coles.com.au/wcsstore/Coles-CAS/images/7/1/5/7152084-th.jpg",
    "categories": ["winter"],
    "tags": ["soups-and-stock", "liquid-stocks"],
    "locations": {
      "vic": {
        "price": 1.9,
        "promoText": " ",
        "packageSize": "1L",
        "packagePrice": "$0.19 per 100mL"
      }
    }
  },
  {
    "id": "coles-vegan-style-chicken-stock",
    "brand": "Coles",
    "name": "Vegan Chicken Style Stock",
    "imageUrl": "https://shop.coles.com.au/wcsstore/Coles-CAS/images/3/4/5/3455481-th.jpg",
    "categories": ["winter"],
    "tags": ["soups-and-stock", "liquid-stocks"],
    "locations": {
      "vic": {
        "price": 1.9,
        "promoText": " ",
        "packageSize": "1L",
        "packagePrice": "$0.19 per 100mL"
      }
    }
  },
  {
    "id": "coles-liquid-stock-chicken-ramen",
    "brand": "Coles",
    "name": "Japanese Inspired Chicken Ramen Liquid Stock",
    "imageUrl": "https://shop.coles.com.au/wcsstore/Coles-CAS/images/3/4/5/3455572-th.jpg",
    "categories": ["winter"],
    "tags": ["soups-and-stock", "liquid-stocks"],
    "locations": {
      "vic": {
        "price": 3,
        "promoText": " ",
        "packageSize": "1L",
        "packagePrice": "$0.30 per 100mL"
      }
    }
  },
  {
    "id": "massel-stock-beef-gourmet-liquid",
    "brand": "Massel",
    "name": "Beef Style Liquid Stock",
    "imageUrl": "https://shop.coles.com.au/wcsstore/Coles-CAS/images/6/2/7/6275952-th.jpg",
    "categories": ["winter"],
    "tags": ["soups-and-stock", "liquid-stocks"],
    "locations": {
      "vic": {
        "price": 3,
        "promoText": "Was $3.80 on Dec 2017 ",
        "packageSize": "1L",
        "packagePrice": "$3.00 per 1L"
      }
    }
  },
  {
    "id": "momos-meals-free-range-chicken-stock",
    "brand": "Momos Meals",
    "name": "Free Range Chicken Stock",
    "imageUrl": "https://shop.coles.com.au/wcsstore/Coles-CAS/images/1/8/1/1814200-th.jpg",
    "categories": ["winter"],
    "tags": ["soups-and-stock", "liquid-stocks"],
    "locations": {
      "vic": {
        "price": 6.25,
        "promoText": " ",
        "packageSize": "500mL",
        "packagePrice": "$1.25 per 100mL"
      }
    }
  },
  {
    "id": "momos-meals-free-range-beef-stock",
    "brand": "Momo's Meals",
    "name": "Free Range Beef Stock",
    "imageUrl": "https://shop.coles.com.au/wcsstore/Coles-CAS/images/1/8/1/1814197-th.jpg",
    "categories": ["winter"],
    "tags": ["soups-and-stock", "liquid-stocks"],
    "locations": {
      "vic": {
        "price": 6.25,
        "promoText": " ",
        "packageSize": "500mL",
        "packagePrice": "$1.25 per 100mL"
      }
    }
  },
  {
    "id": "campbells-stock-real-fish",
    "brand": "Campbell's",
    "name": "Real Fish Stock",
    "imageUrl": "https://shop.coles.com.au/wcsstore/Coles-CAS/images/1/1/9/1190182-th.jpg",
    "categories": ["winter"],
    "tags": ["soups-and-stock", "liquid-stocks"],
    "locations": {
      "vic": {
        "price": 2.3,
        "promoText": " ",
        "packageSize": "500mL",
        "packagePrice": "$0.46 per 100mL"
      }
    }
  },
  {
    "id": "coles-brand-stock-liquid-real-beef",
    "brand": "Coles",
    "name": "Real Beef Stock",
    "imageUrl": "https://shop.coles.com.au/wcsstore/Coles-CAS/images/7/1/5/7152062-th.jpg",
    "categories": ["winter"],
    "tags": ["soups-and-stock", "liquid-stocks"],
    "locations": {
      "vic": {
        "price": 1.9,
        "promoText": " ",
        "packageSize": "1L",
        "packagePrice": "$1.90 per 1L"
      }
    }
  },
  {
    "id": "coles-real-chicken-salt-reduced-liquid-stock",
    "brand": "Coles",
    "name": "Real Chicken Salt Reduced Liquid Stock",
    "imageUrl": "https://shop.coles.com.au/wcsstore/Coles-CAS/images/8/5/8/8588336-th.jpg",
    "categories": ["winter"],
    "tags": ["soups-and-stock", "liquid-stocks"],
    "locations": {
      "vic": {
        "price": 1.9,
        "promoText": " ",
        "packageSize": "1L",
        "packagePrice": "$0.19 per 100mL"
      }
    }
  },
  {
    "id": "coles-liquid-stock-mushroom-and-miso",
    "brand": "Coles",
    "name": "Japanese Inspired Mushroom & Miso Liquid Stock",
    "imageUrl": "https://shop.coles.com.au/wcsstore/Coles-CAS/images/3/4/5/3455583-th.jpg",
    "categories": ["winter"],
    "tags": ["soups-and-stock", "liquid-stocks"],
    "locations": {
      "vic": {
        "price": 3,
        "promoText": " ",
        "packageSize": "1L",
        "packagePrice": "$0.30 per 100mL"
      }
    }
  },
  {
    "id": "kraft-bonox",
    "brand": "Bonox",
    "name": "Concentrated Beef Stock",
    "imageUrl": "https://shop.coles.com.au/wcsstore/Coles-CAS/images/1/1/5/115909-th.jpg",
    "categories": ["winter"],
    "tags": ["soups-and-stock", "liquid-stocks"],
    "locations": {
      "vic": {
        "price": 5.2,
        "promoText": " ",
        "packageSize": "230g",
        "packagePrice": "$2.26 per 100G"
      }
    }
  },
  {
    "id": "campbells-chinese-dumpling-stock",
    "brand": "Campbells",
    "name": "Chinese Dumpling Stock",
    "imageUrl": "https://shop.coles.com.au/wcsstore/Coles-CAS/images/3/7/2/3729500-th.jpg",
    "categories": ["winter"],
    "tags": ["soups-and-stock", "liquid-stocks"],
    "locations": {
      "vic": {
        "price": 2,
        "promoText": "$2.00 ",
        "packageSize": "1L",
        "packagePrice": "$2.00 per 1L"
      }
    }
  },
  {
    "id": "simple-moisturiser-light",
    "brand": "Simple",
    "name": "Light Moisturiser",
    "imageUrl": "https://shop.coles.com.au/wcsstore/Coles-CAS/images/4/9/2/4920882-th.jpg",
    "categories": ["winter"],
    "tags": ["personal-care", "moisturisers"],
    "locations": {
      "vic": {
        "price": 10.5,
        "promoText": " ",
        "packageSize": "125mL",
        "packagePrice": "$8.40 per 100mL"
      }
    }
  },
  {
    "id": "olay-regenerist-micro-sculpting-night-cream",
    "brand": "Olay",
    "name": "Regenerist Micro-Sculpting Night Face Cream Moisturiser",
    "imageUrl": "https://shop.coles.com.au/wcsstore/Coles-CAS/images/1/6/5/1651354-th.jpg",
    "categories": ["winter"],
    "tags": ["personal-care", "moisturisers"],
    "locations": {
      "vic": {
        "price": 49,
        "promoText": " ",
        "packageSize": "50g",
        "packagePrice": "$98.00 per 100G"
      }
    }
  },
  {
    "id": "olay-total-effects-normal-spf-15",
    "brand": "Olay",
    "name": "Total Effects 7 In One Normal Day Face Cream SPF 15",
    "imageUrl": "https://shop.coles.com.au/wcsstore/Coles-CAS/images/5/9/9/5998138-th.jpg",
    "categories": ["winter"],
    "tags": ["personal-care", "moisturisers"],
    "locations": {
      "vic": {
        "price": 33.5,
        "promoText": " ",
        "packageSize": "50g",
        "packagePrice": "$67.00 per 100G"
      }
    }
  },
  {
    "id": "olay-complete-moisturising-lotion-uv-protection-spf15-sensitive",
    "brand": "Olay",
    "name": "Complete UV Protection Sensitive Moisturiser Lotion SPF 15+",
    "imageUrl": "https://shop.coles.com.au/wcsstore/Coles-CAS/images/5/2/9/5293529-th.jpg",
    "categories": ["winter"],
    "tags": ["personal-care", "moisturisers"],
    "locations": {
      "vic": {
        "price": 15.4,
        "promoText": " ",
        "packageSize": "150mL",
        "packagePrice": "$10.27 per 100mL"
      }
    }
  },
  {
    "id": "nivea-soft-intensive-moisturising-creme",
    "brand": "Nivea",
    "name": "Soft Cream Lotion Moisturiser  + Jojoba Oil & Vitamin E",
    "imageUrl": "https://shop.coles.com.au/wcsstore/Coles-CAS/images/6/0/8/6086596-th.jpg",
    "categories": ["winter"],
    "tags": ["personal-care", "moisturisers"],
    "locations": {
      "vic": {
        "price": 5,
        "promoText": "$5.00 ",
        "packageSize": "200mL",
        "packagePrice": "$2.50 per 100mL"
      }
    }
  },
  {
    "id": "nivea-visage-fluid-moisturiser-spf15",
    "brand": "Nivea",
    "name": "Moisturising Day Face Cream Fluid Spf15",
    "imageUrl": "https://shop.coles.com.au/wcsstore/Coles-CAS/images/5/1/4/5143435-th.jpg",
    "categories": ["winter"],
    "tags": ["personal-care", "moisturisers"],
    "locations": {
      "vic": {
        "price": 5.35,
        "promoText": "$2.30 ",
        "packageSize": "50mL",
        "packagePrice": "$10.70 per 100mL"
      }
    }
  },
  {
    "id": "sukin-facial-moisturiser-pump",
    "brand": "Sukin",
    "name": "Facial Moisturiser Pump",
    "imageUrl": "https://shop.coles.com.au/wcsstore/Coles-CAS/images/2/9/9/2994458-th.jpg",
    "categories": ["winter"],
    "tags": ["personal-care", "moisturisers"],
    "locations": {
      "vic": {
        "price": 13,
        "promoText": " ",
        "packageSize": "125mL",
        "packagePrice": "$10.40 per 100mL"
      }
    }
  },
  {
    "id": "garnier-bb-cream-sheer",
    "brand": "Garnier",
    "name": "BB Cream Nude Effect Universal Shade",
    "imageUrl": "https://shop.coles.com.au/wcsstore/Coles-CAS/images/2/8/5/2859510-th.jpg",
    "categories": ["winter"],
    "tags": ["personal-care", "moisturisers"],
    "locations": {
      "vic": {
        "price": 7.45,
        "promoText": "$7.45 ",
        "packageSize": "50mL",
        "packagePrice": "$14.90 per 100mL"
      }
    }
  },
  {
    "id": "olay-face-cream-base-normal",
    "brand": "Olay",
    "name": "Moisturising Cream",
    "imageUrl": "https://shop.coles.com.au/wcsstore/Coles-CAS/images/6/9/6/69696-th.jpg",
    "categories": ["winter"],
    "tags": ["personal-care", "moisturisers"],
    "locations": {
      "vic": {
        "price": 13,
        "promoText": " ",
        "packageSize": "100g",
        "packagePrice": "$13.00 per 100G"
      }
    }
  },
  {
    "id": "olay-face-lotion-moisturising-hydrating-normal",
    "brand": "Olay",
    "name": "Moisturising Lotion",
    "imageUrl": "https://shop.coles.com.au/wcsstore/Coles-CAS/images/1/4/8/148850-th.jpg",
    "categories": ["winter"],
    "tags": ["personal-care", "moisturisers"],
    "locations": {
      "vic": {
        "price": 13,
        "promoText": " ",
        "packageSize": "150mL",
        "packagePrice": "$8.67 per 100mL"
      }
    }
  },
  {
    "id": "rosehip-by-essano-rejuvenating-facial-moisturiser",
    "brand": "Essano",
    "name": "Rosehip Facial Moisturiser",
    "imageUrl": "https://shop.coles.com.au/wcsstore/Coles-CAS/images/1/9/5/1955359-th.jpg",
    "categories": ["winter"],
    "tags": ["personal-care", "moisturisers"],
    "locations": {
      "vic": {
        "price": 14,
        "promoText": "$6.00 ",
        "packageSize": "140mL",
        "packagePrice": "$10.00 per 100mL"
      }
    }
  },
  {
    "id": "garnier-miracle-skin-perfector-cream-medium",
    "brand": "Garnier",
    "name": "BB Cream Medium For Normal Skin",
    "imageUrl": "https://shop.coles.com.au/wcsstore/Coles-CAS/images/8/5/7/8573066-th.jpg",
    "categories": ["winter"],
    "tags": ["personal-care", "moisturisers"],
    "locations": {
      "vic": {
        "price": 7.85,
        "promoText": "$7.85 ",
        "packageSize": "50mL",
        "packagePrice": "$15.70 per 100mL"
      }
    }
  },
  {
    "id": "nivea-visage-daily-night-cream-dry-sensitive-skin",
    "brand": "Nivea",
    "name": "Daily Essentials Rich Regenerating Night Cream Face Moisturiser + Shea Butter for Dry Skin",
    "imageUrl": "https://shop.coles.com.au/wcsstore/Coles-CAS/images/8/5/8/8581982-th.jpg",
    "categories": ["winter"],
    "tags": ["personal-care", "moisturisers"],
    "locations": {
      "vic": {
        "price": 9.35,
        "promoText": "$4.05 ",
        "packageSize": "50mL",
        "packagePrice": "$18.70 per 100mL"
      }
    }
  },
  {
    "id": "nivea-soft-intensive-moisturising-creme-114451p",
    "brand": "Nivea",
    "name": "Soft Cream Lotion Moisturiser + Jojoba Oil & Vitamin E",
    "imageUrl": "https://shop.coles.com.au/wcsstore/Coles-CAS/images/1/1/4/114451-th.jpg",
    "categories": ["winter"],
    "tags": ["personal-care", "moisturisers"],
    "locations": {
      "vic": {
        "price": 3.75,
        "promoText": "$1.65 ",
        "packageSize": "75mL",
        "packagePrice": "$5.00 per 100mL"
      }
    }
  },
  {
    "id": "olay-complete-face-lotion-uv-dry-skin",
    "brand": "Olay",
    "name": "Complete UV Protection Normal To Dry Skin Moisturiser Lotion SPF 15+",
    "imageUrl": "https://shop.coles.com.au/wcsstore/Coles-CAS/images/5/2/9/5293540-th.jpg",
    "categories": ["winter"],
    "tags": ["personal-care", "moisturisers"],
    "locations": {
      "vic": {
        "price": 15.4,
        "promoText": " ",
        "packageSize": "150mL",
        "packagePrice": "$10.27 per 100mL"
      }
    }
  },
  {
    "id": "sukin-hydration-hyd-night-cream-60ml",
    "brand": "Sukin",
    "name": "Hydration Hydrafusion Night Cream 60ml",
    "imageUrl": "https://shop.coles.com.au/wcsstore/Coles-CAS/images/3/7/2/3728766-th.jpg",
    "categories": ["winter"],
    "tags": ["personal-care", "moisturisers"],
    "locations": {
      "vic": {
        "price": 23,
        "promoText": " ",
        "packageSize": "",
        "packagePrice": "$38.33 per 100mL"
      }
    }
  },
  {
    "id": "cca-face-dw-bb-medium-cream",
    "brand": "Cancer Council",
    "name": "Face day Wear BB Cream Matte Cream",
    "imageUrl": "https://shop.coles.com.au/wcsstore/Coles-CAS/images/3/2/4/3248385-th.jpg",
    "categories": ["winter"],
    "tags": ["personal-care", "moisturisers"],
    "locations": {
      "vic": {
        "price": 15,
        "promoText": " ",
        "packageSize": "50mL",
        "packagePrice": "$30.00 per 100mL"
      }
    }
  },
  {
    "id": "garnier-miracle-skin-perfector-cream-light",
    "brand": "Garnier",
    "name": "BB Cream Original Light",
    "imageUrl": "https://shop.coles.com.au/wcsstore/Coles-CAS/images/8/5/7/8573088-th.jpg",
    "categories": ["winter"],
    "tags": ["personal-care", "moisturisers"],
    "locations": {
      "vic": {
        "price": 7.87,
        "promoText": "$7.88 ",
        "packageSize": "50mL",
        "packagePrice": "$15.74 per 100mL"
      }
    }
  },
  {
    "id": "loreal-age-perfect-cream-intense-nutr-day",
    "brand": "L'Oreal",
    "name": "Paris Intense Nutrition Day Cream",
    "imageUrl": "https://shop.coles.com.au/wcsstore/Coles-CAS/images/8/5/7/8571887-th.jpg",
    "categories": ["winter"],
    "tags": ["personal-care", "moisturisers"],
    "locations": {
      "vic": {
        "price": 24.5,
        "promoText": "$10.50 ",
        "packageSize": "50mL",
        "packagePrice": "$49.00 per 100mL"
      }
    }
  },
  {
    "id": "loreal-revitalift-cream-anti-wrinkle-night",
    "brand": "L'Oreal",
    "name": "Paris Revitalift Night Cream",
    "imageUrl": "https://shop.coles.com.au/wcsstore/Coles-CAS/images/7/2/3/7231985-th.jpg",
    "categories": ["winter"],
    "tags": ["personal-care", "moisturisers"],
    "locations": {
      "vic": {
        "price": 23,
        "promoText": "$9.90 ",
        "packageSize": "50mL",
        "packagePrice": "$46.00 per 100mL"
      }
    }
  },
  {
    "id": "loreal-revitalift-day-cream",
    "brand": "L'Oreal",
    "name": "Revitalift Day Cream",
    "imageUrl": "https://shop.coles.com.au/wcsstore/Coles-CAS/images/6/0/8/6089030-th.jpg",
    "categories": ["winter"],
    "tags": ["personal-care", "moisturisers"],
    "locations": {
      "vic": {
        "price": 23,
        "promoText": "$9.90 ",
        "packageSize": "50mL",
        "packagePrice": "$46.00 per 100mL"
      }
    }
  },
  {
    "id": "loreal-revitalift-laser-renew-moisturiser-1161435p",
    "brand": "L'Oreal",
    "name": "Revitalift Laser Antiaging Day Moisturiser",
    "imageUrl": "https://shop.coles.com.au/wcsstore/Coles-CAS/images/1/1/6/1161435-th.jpg",
    "categories": ["winter"],
    "tags": ["personal-care", "moisturisers"],
    "locations": {
      "vic": {
        "price": 31.5,
        "promoText": "$13.50 ",
        "packageSize": "50mL",
        "packagePrice": "$63.00 per 100mL"
      }
    }
  },
  {
    "id": "loreal-revitalift-moisturiser-spf-15-1982260p",
    "brand": "L'Oreal",
    "name": "Revitalift Moisturiser SPF 15+",
    "imageUrl": "https://shop.coles.com.au/wcsstore/Coles-CAS/images/1/9/8/1982260-th.jpg",
    "categories": ["winter"],
    "tags": ["personal-care", "moisturisers"],
    "locations": {
      "vic": {
        "price": 23,
        "promoText": "$9.90 ",
        "packageSize": "50mL",
        "packagePrice": "$46.00 per 100mL"
      }
    }
  },
  {
    "id": "loreal-revitalist-filler-day-cream",
    "brand": "L'Oreal",
    "name": "Revitalift Filler Day Cream",
    "imageUrl": "https://shop.coles.com.au/wcsstore/Coles-CAS/images/2/4/2/2428541-th.jpg",
    "categories": ["winter"],
    "tags": ["personal-care", "moisturisers"],
    "locations": {
      "vic": {
        "price": 31.5,
        "promoText": "$13.50 ",
        "packageSize": "50mL",
        "packagePrice": "$63.00 per 100mL"
      }
    }
  },
  {
    "id": "loreal--revitalift-laser-x3-night-cream",
    "brand": "L'Oreal",
    "name": "Revitalift Laser X3 Night Cream",
    "imageUrl": "https://shop.coles.com.au/wcsstore/Coles-CAS/images/1/6/8/1685640-th.jpg",
    "categories": ["winter"],
    "tags": ["personal-care", "moisturisers"],
    "locations": {
      "vic": {
        "price": 31.5,
        "promoText": "$13.50 ",
        "packageSize": "50mL",
        "packagePrice": "$63.00 per 100mL"
      }
    }
  },
  {
    "id": "loreal-paris-revitalift-moisturiser-night-filler",
    "brand": "L'Oreal",
    "name": "Paris Revitalift Moisturiser Night Filler",
    "imageUrl": "https://shop.coles.com.au/wcsstore/Coles-CAS/images/3/2/3/3239486-th.jpg",
    "categories": ["winter"],
    "tags": ["personal-care", "moisturisers"],
    "locations": {
      "vic": {
        "price": 31.5,
        "promoText": "$13.50 ",
        "packageSize": "50mL",
        "packagePrice": "$63.00 per 100mL"
      }
    }
  },
  {
    "id": "loreal-revitalift-ginsng-glow-enrgsng-d-crm",
    "brand": "L'Oreal",
    "name": "Revitalift Ginseng Glow Energising Red Day Cream",
    "imageUrl": "https://shop.coles.com.au/wcsstore/Coles-CAS/images/3/5/5/3557889-th.jpg",
    "categories": ["winter"],
    "tags": ["personal-care", "moisturisers"],
    "locations": {
      "vic": {
        "price": 27.3,
        "promoText": "$11.70 ",
        "packageSize": "50mL",
        "packagePrice": "$54.60 per 100mL"
      }
    }
  },
  {
    "id": "neutrogena-hydroboost-night-concentrator",
    "brand": "Neutrogena",
    "name": "Hydro Boost Night Concentrator",
    "imageUrl": "https://shop.coles.com.au/wcsstore/Coles-CAS/images/2/2/0/2207360-th.jpg",
    "categories": ["winter"],
    "tags": ["personal-care", "moisturisers"],
    "locations": {
      "vic": {
        "price": 27,
        "promoText": " ",
        "packageSize": "50g",
        "packagePrice": "$54.00 per 100G"
      }
    }
  },
  {
    "id": "neutrogena-hydroboost-water-gel",
    "brand": "Neutrogena",
    "name": "Hydro Boost Water Gel",
    "imageUrl": "https://shop.coles.com.au/wcsstore/Coles-CAS/images/2/2/0/2207350-th.jpg",
    "categories": ["winter"],
    "tags": ["personal-care", "moisturisers"],
    "locations": {
      "vic": {
        "price": 27,
        "promoText": " ",
        "packageSize": "50g",
        "packagePrice": "$54.00 per 100G"
      }
    }
  },
  {
    "id": "nivea-visage-daily-night-cream-normal-combination-skin",
    "brand": "Nivea",
    "name": "Daily Essentials Night Cream Face Moisturiser + Vitamin E",
    "imageUrl": "https://shop.coles.com.au/wcsstore/Coles-CAS/images/8/5/8/8581938-th.jpg",
    "categories": ["winter"],
    "tags": ["personal-care", "moisturisers"],
    "locations": {
      "vic": {
        "price": 9.35,
        "promoText": "$4.05 ",
        "packageSize": "50mL",
        "packagePrice": "$18.70 per 100mL"
      }
    }
  },
  {
    "id": "nivea-daily-essentials-moisturiser-cream-dry-sensitive",
    "brand": "Nivea",
    "name": "Rich Day Cream Face Moisturiser + Shea Butter & SPF30",
    "imageUrl": "https://shop.coles.com.au/wcsstore/Coles-CAS/images/9/8/7/9875763-th.jpg",
    "categories": ["winter"],
    "tags": ["personal-care", "moisturisers"],
    "locations": {
      "vic": {
        "price": 9.45,
        "promoText": "$4.05 ",
        "packageSize": "50mL",
        "packagePrice": "$18.90 per 100mL"
      }
    }
  },
  {
    "id": "nivea-daily-essentials-moisturiser-cream-normal-combination",
    "brand": "Nivea",
    "name": "Daily Essentials Light Day Cream Face Moisturiser + Vitamin E & SPF30",
    "imageUrl": "https://shop.coles.com.au/wcsstore/Coles-CAS/images/9/8/7/9875774-th.jpg",
    "categories": ["winter"],
    "tags": ["personal-care", "moisturisers"],
    "locations": {
      "vic": {
        "price": 9.45,
        "promoText": "$4.05 ",
        "packageSize": "50mL",
        "packagePrice": "$18.90 per 100mL"
      }
    }
  },
  {
    "id": "nivea-creme-tin-moisturiser",
    "brand": "Nivea",
    "name": "All Purpose Cream Moisturiser for Body Face & Hands",
    "imageUrl": "https://shop.coles.com.au/wcsstore/Coles-CAS/images/2/8/5/2857934-th.jpg",
    "categories": ["winter"],
    "tags": ["personal-care", "moisturisers"],
    "locations": {
      "vic": {
        "price": 4,
        "promoText": "$4.00 ",
        "packageSize": "150mL",
        "packagePrice": "$2.67 per 100mL"
      }
    }
  },
  {
    "id": "nivea-q10-power-day-cream-mature-sfp15",
    "brand": "Nivea",
    "name": "Q10 Mature Anti-Wrinkle Day Cream Face Moisturiser + Argan Oil & SPF15",
    "imageUrl": "https://shop.coles.com.au/wcsstore/Coles-CAS/images/3/7/2/3727184-th.jpg",
    "categories": ["winter"],
    "tags": ["personal-care", "moisturisers"],
    "locations": {
      "vic": {
        "price": 15.4,
        "promoText": "$6.60 ",
        "packageSize": "50mL",
        "packagePrice": "$30.80 per 100mL"
      }
    }
  },
  {
    "id": "nivea-q10-power-night-cream-mature",
    "brand": "Nivea",
    "name": "Q10 Mature Anti-Wrinkle Night Cream Face Moisturiser + Argan Oil",
    "imageUrl": "https://shop.coles.com.au/wcsstore/Coles-CAS/images/3/7/2/3727195-th.jpg",
    "categories": ["winter"],
    "tags": ["personal-care", "moisturisers"],
    "locations": {
      "vic": {
        "price": 15.4,
        "promoText": "$6.60 ",
        "packageSize": "50mL",
        "packagePrice": "$30.80 per 100mL"
      }
    }
  },
  {
    "id": "olay-provital-revitalizing-night-cream",
    "brand": "Olay",
    "name": "Provital Revitalizing Night Cream",
    "imageUrl": "https://shop.coles.com.au/wcsstore/Coles-CAS/images/7/7/8/7782628-th.jpg",
    "categories": ["winter"],
    "tags": ["personal-care", "moisturisers"],
    "locations": {
      "vic": {
        "price": 17.5,
        "promoText": " ",
        "packageSize": "50g",
        "packagePrice": "$35.00 per 100G"
      }
    }
  },
  {
    "id": "olay-total-effects-a-touch-of-foundation-spf-15",
    "brand": "Olay",
    "name": "Total Effects 7 in One Touch of Foundation BB Crme Face Cream SPF 15",
    "imageUrl": "https://shop.coles.com.au/wcsstore/Coles-CAS/images/6/8/8/6889761-th.jpg",
    "categories": ["winter"],
    "tags": ["personal-care", "moisturisers"],
    "locations": {
      "vic": {
        "price": 33.5,
        "promoText": " ",
        "packageSize": "50g",
        "packagePrice": "$67.00 per 100G"
      }
    }
  },
  {
    "id": "olay-face-cream-for-sensitive-skin",
    "brand": "Olay",
    "name": "Sensitive Skin Moisturiser Cream",
    "imageUrl": "https://shop.coles.com.au/wcsstore/Coles-CAS/images/5/0/3/5037201-th.jpg",
    "categories": ["winter"],
    "tags": ["personal-care", "moisturisers"],
    "locations": {
      "vic": {
        "price": 13,
        "promoText": " ",
        "packageSize": "100g",
        "packagePrice": "$13.00 per 100G"
      }
    }
  },
  {
    "id": "olay-total-effects-moisturiser-normal-8944259p",
    "brand": "Olay",
    "name": "Total Effects 7 in One Normal Day Face Cream",
    "imageUrl": "https://shop.coles.com.au/wcsstore/Coles-CAS/images/8/9/4/8944259-th.jpg",
    "categories": ["winter"],
    "tags": ["personal-care", "moisturisers"],
    "locations": {
      "vic": {
        "price": 33.5,
        "promoText": " ",
        "packageSize": "50g",
        "packagePrice": "$67.00 per 100G"
      }
    }
  },
  {
    "id": "olay-total-effects-moisturiser-cream-uv-protection-9245969p",
    "brand": "Olay",
    "name": "Total Effects 7 in One UV Protection Gentle Day Face Cream SPF 15",
    "imageUrl": "https://shop.coles.com.au/wcsstore/Coles-CAS/images/9/2/4/9245969-th.jpg",
    "categories": ["winter"],
    "tags": ["personal-care", "moisturisers"],
    "locations": {
      "vic": {
        "price": 33.5,
        "promoText": " ",
        "packageSize": "50g",
        "packagePrice": "$67.00 per 100G"
      }
    }
  },
  {
    "id": "olay-whips-face-cream-regenerist",
    "brand": "Olay",
    "name": "Regenerist Whip Active Moisturiser",
    "imageUrl": "https://shop.coles.com.au/wcsstore/Coles-CAS/images/3/4/4/3445590-th.jpg",
    "categories": ["winter"],
    "tags": ["personal-care", "moisturisers"],
    "locations": {
      "vic": {
        "price": 49,
        "promoText": " ",
        "packageSize": "50g",
        "packagePrice": "$9.80 per 10G"
      }
    }
  },
  {
    "id": "olay-face-cream-rg-uv-whip-spf30",
    "brand": "Olay",
    "name": "Regenerist UV Whip Active Moisturiser SPF 30",
    "imageUrl": "https://shop.coles.com.au/wcsstore/Coles-CAS/images/3/5/3/3537462-th.jpg",
    "categories": ["winter"],
    "tags": ["personal-care", "moisturisers"],
    "locations": {
      "vic": {
        "price": 49,
        "promoText": " ",
        "packageSize": "50g",
        "packagePrice": "$98.00 per 100G"
      }
    }
  },
  {
    "id": "thursday-plantation-tea-tree-face-cream",
    "brand": "Thursday Plantation",
    "name": "Tea Tree Face Cream",
    "imageUrl": "https://shop.coles.com.au/wcsstore/Coles-CAS/images/2/8/5/2859816-th.jpg",
    "categories": ["winter"],
    "tags": ["personal-care", "moisturisers"],
    "locations": {
      "vic": {
        "price": 12,
        "promoText": " ",
        "packageSize": "65g",
        "packagePrice": "$18.46 per 100G"
      }
    }
  },
  {
    "id": "head-shoulders-anti-dandruff-clean-balanced-shampoo",
    "brand": "Head & Shoulders",
    "name": "Clean & Balanced Anti-Dandruff Shampoo",
    "imageUrl": "https://shop.coles.com.au/wcsstore/Coles-CAS/images/9/0/1/9015390-th.jpg",
    "categories": ["winter"],
    "tags": ["personal-care", "anti-dandruff-shampo"],
    "locations": {
      "vic": {
        "price": 11,
        "promoText": " ",
        "packageSize": "400mL",
        "packagePrice": "$2.75 per 100mL"
      }
    }
  },
  {
    "id": "head-shoulders-anti-dandruff-dry-scalp-care-shampoo-9269898p",
    "brand": "Head & Shoulders",
    "name": "Anti-Dandruff Dry Scalp Care Shampoo",
    "imageUrl": "https://shop.coles.com.au/wcsstore/Coles-CAS/images/9/2/6/9269898-th.jpg",
    "categories": ["winter"],
    "tags": ["personal-care", "anti-dandruff-shampo"],
    "locations": {
      "vic": {
        "price": 11,
        "promoText": " ",
        "packageSize": "400mL",
        "packagePrice": "$2.75 per 100mL"
      }
    }
  },
  {
    "id": "head-shoulders-shampoo-conditioner-2in1-dry-scalp",
    "brand": "Head & Shoulders",
    "name": "2 in 1 Dry Scalp Shampoo & Conditioner",
    "imageUrl": "https://shop.coles.com.au/wcsstore/Coles-CAS/images/1/5/9/1593098-th.jpg",
    "categories": ["winter"],
    "tags": ["personal-care", "anti-dandruff-shampo"],
    "locations": {
      "vic": {
        "price": 11,
        "promoText": " ",
        "packageSize": "350mL",
        "packagePrice": "$3.14 per 100mL"
      }
    }
  },
  {
    "id": "head-shoulders-clean-balanced-shampoo",
    "brand": "Head & Shoulders",
    "name": "Clean & Balanced Shampoo",
    "imageUrl": "https://shop.coles.com.au/wcsstore/Coles-CAS/images/2/3/5/2350273-th.jpg",
    "categories": ["winter"],
    "tags": ["personal-care", "anti-dandruff-shampo"],
    "locations": {
      "vic": {
        "price": 12,
        "promoText": "Was $16.00 on Feb 2018 ",
        "packageSize": "620mL",
        "packagePrice": "$1.94 per 100mL"
      }
    }
  },
  {
    "id": "head-shoulders-supreme-shampoo-moisture-3164070p",
    "brand": "Head & Shoulders",
    "name": "Supreme Moisture Anti-Dandruff Shampoo",
    "imageUrl": "https://shop.coles.com.au/wcsstore/Coles-CAS/images/3/1/6/3164070-th.jpg",
    "categories": ["winter"],
    "tags": ["personal-care", "anti-dandruff-shampo"],
    "locations": {
      "vic": {
        "price": 15,
        "promoText": " ",
        "packageSize": "400mL",
        "packagePrice": "$3.75 per 100mL"
      }
    }
  },
  {
    "id": "head-shoulders-supreme-conditioner-moisture-3164081p",
    "brand": "Head & Shoulders",
    "name": "Supreme Moisture Conditioner",
    "imageUrl": "https://shop.coles.com.au/wcsstore/Coles-CAS/images/3/1/6/3164081-th.jpg",
    "categories": ["winter"],
    "tags": ["personal-care", "anti-dandruff-shampo"],
    "locations": {
      "vic": {
        "price": 15,
        "promoText": " ",
        "packageSize": "400mL",
        "packagePrice": "$3.75 per 100mL"
      }
    }
  },
  {
    "id": "head-shoulders-shampoo-itchy-scalp-7833886p",
    "brand": "Head & Shoulders",
    "name": "Itchy Scalp Shampoo",
    "imageUrl": "https://shop.coles.com.au/wcsstore/Coles-CAS/images/7/8/3/7833886-th.jpg",
    "categories": ["winter"],
    "tags": ["personal-care", "anti-dandruff-shampo"],
    "locations": {
      "vic": {
        "price": 11,
        "promoText": " ",
        "packageSize": "400mL",
        "packagePrice": "$2.75 per 100mL"
      }
    }
  },
  {
    "id": "head-shoulders-ultramen-shampoo-old-spice-2in1-3416195p",
    "brand": "Head & Shoulders",
    "name": "Ultra Men 2 In 1 Old Spice Shampoo",
    "imageUrl": "https://shop.coles.com.au/wcsstore/Coles-CAS/images/3/4/1/3416195-th.jpg",
    "categories": ["winter"],
    "tags": ["personal-care", "anti-dandruff-shampo"],
    "locations": {
      "vic": {
        "price": 15,
        "promoText": " ",
        "packageSize": "400mL",
        "packagePrice": "$3.75 per 100mL"
      }
    }
  },
  {
    "id": "head-shoulders-shampoo-deep-clean-2in1",
    "brand": "Head & Shoulders",
    "name": "Ultra Men 2 in 1 Deep Clean Shampoo + Conditioner",
    "imageUrl": "https://shop.coles.com.au/wcsstore/Coles-CAS/images/3/4/1/3416130-th.jpg",
    "categories": ["winter"],
    "tags": ["personal-care", "anti-dandruff-shampo"],
    "locations": {
      "vic": {
        "price": 19,
        "promoText": " ",
        "packageSize": "550mL",
        "packagePrice": "$3.45 per 100mL"
      }
    }
  },
  {
    "id": "selsun-medicated-scalp-treatment-shampoo",
    "brand": "Selsun",
    "name": "Gold Dandruff Treatment Shampoo",
    "imageUrl": "https://shop.coles.com.au/wcsstore/Coles-CAS/images/9/6/9/9695590-th.jpg",
    "categories": ["winter"],
    "tags": ["personal-care", "anti-dandruff-shampo"],
    "locations": {
      "vic": {
        "price": 8.8,
        "promoText": "$2.20 ",
        "packageSize": "200mL",
        "packagePrice": "$4.40 per 100mL"
      }
    }
  },
  {
    "id": "head-shoulders-conditioner-anti-dandruff-clean-balanced",
    "brand": "Head & Shoulders",
    "name": "Clean & Balanced Anti-Dandruff Conditioner",
    "imageUrl": "https://shop.coles.com.au/wcsstore/Coles-CAS/images/6/0/9/6094889-th.jpg",
    "categories": ["winter"],
    "tags": ["personal-care", "anti-dandruff-shampo"],
    "locations": {
      "vic": {
        "price": 11,
        "promoText": " ",
        "packageSize": "400mL",
        "packagePrice": "$2.75 per 100mL"
      }
    }
  },
  {
    "id": "head-shoulders-conditioner-anti-dandruff-smooth-silky",
    "brand": "Head & Shoulders",
    "name": "Smooth & Silky Anti-Dandruff Conditioner",
    "imageUrl": "https://shop.coles.com.au/wcsstore/Coles-CAS/images/4/7/1/4714202-th.jpg",
    "categories": ["winter"],
    "tags": ["personal-care", "anti-dandruff-shampo"],
    "locations": {
      "vic": {
        "price": 11,
        "promoText": " ",
        "packageSize": "400mL",
        "packagePrice": "$2.75 per 100mL"
      }
    }
  },
  {
    "id": "head-shoulders-conditioner-anti-dandruff-dry-scalp-care",
    "brand": "Head & Shoulders",
    "name": "Dry Scalp Care Anti-Dandruff Conditioner",
    "imageUrl": "https://shop.coles.com.au/wcsstore/Coles-CAS/images/4/7/1/4714188-th.jpg",
    "categories": ["winter"],
    "tags": ["personal-care", "anti-dandruff-shampo"],
    "locations": {
      "vic": {
        "price": 11,
        "promoText": " ",
        "packageSize": "400mL",
        "packagePrice": "$2.75 per 100mL"
      }
    }
  },
  {
    "id": "head-shoulders-anti-dandruff-smooth-silky-shampoo-9015380p",
    "brand": "Head & Shoulders",
    "name": "Smooth & Silky Anti-Dandruff Shampoo",
    "imageUrl": "https://shop.coles.com.au/wcsstore/Coles-CAS/images/9/0/1/9015380-th.jpg",
    "categories": ["winter"],
    "tags": ["personal-care", "anti-dandruff-shampo"],
    "locations": {
      "vic": {
        "price": 11,
        "promoText": " ",
        "packageSize": "400mL",
        "packagePrice": "$2.75 per 100mL"
      }
    }
  },
  {
    "id": "head-and-shoulders-apple-fresh-shampoo-9932801p",
    "brand": "Head & Shoulders",
    "name": "Apple Fresh Shampoo",
    "imageUrl": "https://shop.coles.com.au/wcsstore/Coles-CAS/images/9/9/3/9932801-th.jpg",
    "categories": ["winter"],
    "tags": ["personal-care", "anti-dandruff-shampo"],
    "locations": {
      "vic": {
        "price": 11,
        "promoText": " ",
        "packageSize": "400mL",
        "packagePrice": "$2.75 per 100mL"
      }
    }
  },
  {
    "id": "head-shoulders-anti-dandruff-clean-balanced-shampoo-9015404p",
    "brand": "Head & Shoulders",
    "name": "Clean & Balanced Anti-Dandruff Shampoo",
    "imageUrl": "https://shop.coles.com.au/wcsstore/Coles-CAS/images/9/0/1/9015404-th.jpg",
    "categories": ["winter"],
    "tags": ["personal-care", "anti-dandruff-shampo"],
    "locations": {
      "vic": {
        "price": 4.45,
        "promoText": "$1.95 ",
        "packageSize": "200mL",
        "packagePrice": "$2.23 per 100mL"
      }
    }
  },
  {
    "id": "head-shoulders-shampoo-conditioner-2in1-itchy-scalp",
    "brand": "Head & Shoulders",
    "name": "Itchy Scalp 2 In 1 Shampoo & Conditioner",
    "imageUrl": "https://shop.coles.com.au/wcsstore/Coles-CAS/images/1/5/9/1593087-th.jpg",
    "categories": ["winter"],
    "tags": ["personal-care", "anti-dandruff-shampo"],
    "locations": {
      "vic": {
        "price": 11,
        "promoText": " ",
        "packageSize": "350mL",
        "packagePrice": "$3.14 per 100mL"
      }
    }
  },
  {
    "id": "head-shoulders-itchy-scalp-shampoo",
    "brand": "Head & Shoulders",
    "name": "Itchy Scalp Care Shampoo",
    "imageUrl": "https://shop.coles.com.au/wcsstore/Coles-CAS/images/2/3/5/2350310-th.jpg",
    "categories": ["winter"],
    "tags": ["personal-care", "anti-dandruff-shampo"],
    "locations": {
      "vic": {
        "price": 12,
        "promoText": "Was $16.00 on Feb 2018 ",
        "packageSize": "620mL",
        "packagePrice": "$1.94 per 100mL"
      }
    }
  },
  {
    "id": "head-shoulders-ultramen-shampoo-hair-retain-2in1",
    "brand": "Head & Shoulders",
    "name": "Ultra Men 2 In 1 Hair Retain Shampoo",
    "imageUrl": "https://shop.coles.com.au/wcsstore/Coles-CAS/images/3/4/1/3416162-th.jpg",
    "categories": ["winter"],
    "tags": ["personal-care", "anti-dandruff-shampo"],
    "locations": {
      "vic": {
        "price": 15,
        "promoText": " ",
        "packageSize": "400mL",
        "packagePrice": "$3.75 per 100mL"
      }
    }
  },
  {
    "id": "head-shoulders-ultramen-shampoo-deep-clean-2in1-3416173p",
    "brand": "Head & Shoulders",
    "name": "Ultra Men 2 In1 Deep Clean Anti-Dandruff Shampoo + Conditioner",
    "imageUrl": "https://shop.coles.com.au/wcsstore/Coles-CAS/images/3/4/1/3416173-th.jpg",
    "categories": ["winter"],
    "tags": ["personal-care", "anti-dandruff-shampo"],
    "locations": {
      "vic": {
        "price": 15,
        "promoText": " ",
        "packageSize": "400mL",
        "packagePrice": "$3.75 per 100mL"
      }
    }
  },
  {
    "id": "head-shoulders-supreme-moisture-shampoo",
    "brand": "Head & Shoulders",
    "name": "Supreme Moisture Shampoo",
    "imageUrl": "https://shop.coles.com.au/wcsstore/Coles-CAS/images/3/4/1/3418736-th.jpg",
    "categories": ["winter"],
    "tags": ["personal-care", "anti-dandruff-shampo"],
    "locations": {
      "vic": {
        "price": 19,
        "promoText": " ",
        "packageSize": "550mL",
        "packagePrice": "$3.45 per 100mL"
      }
    }
  },
  {
    "id": "selsun-blue-5-shampoo",
    "brand": "Selsun",
    "name": "Blue Replenishing Anti-Dandruff Shampoo",
    "imageUrl": "https://shop.coles.com.au/wcsstore/Coles-CAS/images/2/5/6/256591-th.jpg",
    "categories": ["winter"],
    "tags": ["personal-care", "anti-dandruff-shampo"],
    "locations": {
      "vic": {
        "price": 4.4,
        "promoText": "$1.10 ",
        "packageSize": "200mL",
        "packagePrice": "$2.20 per 100mL"
      }
    }
  },
  {
    "id": "head-shoulders-conditioner-anti-dandruff-balanced",
    "brand": "Head & Shoulders",
    "name": "Clean & Balanced Hair Anti-Dandruff Conditioner",
    "imageUrl": "https://shop.coles.com.au/wcsstore/Coles-CAS/images/4/7/1/4712998-th.jpg",
    "categories": ["winter"],
    "tags": ["personal-care", "anti-dandruff-shampo"],
    "locations": {
      "vic": {
        "price": 4.45,
        "promoText": "$1.95 ",
        "packageSize": "200mL",
        "packagePrice": "$2.23 per 100mL"
      }
    }
  },
  {
    "id": "head-shoulders-2-in-1-dry-scalp-shampoo",
    "brand": "Head & Shoulders",
    "name": "2 in 1 Dry Scalp Shampoo & Conditioner",
    "imageUrl": "https://shop.coles.com.au/wcsstore/Coles-CAS/images/2/1/2/2123760-th.jpg",
    "categories": ["winter"],
    "tags": ["personal-care", "anti-dandruff-shampo"],
    "locations": {
      "vic": {
        "price": 4.45,
        "promoText": "$1.95 ",
        "packageSize": "180mL",
        "packagePrice": "$2.47 per 100mL"
      }
    }
  },
  {
    "id": "head-shoulders-smooth-silky-conditioner",
    "brand": "Head & Shoulders",
    "name": "Smooth & Silky Conditioner",
    "imageUrl": "https://shop.coles.com.au/wcsstore/Coles-CAS/images/2/3/5/2350284-th.jpg",
    "categories": ["winter"],
    "tags": ["personal-care", "anti-dandruff-shampo"],
    "locations": {
      "vic": {
        "price": 12,
        "promoText": "Was $16.00 on Feb 2018 ",
        "packageSize": "620mL",
        "packagePrice": "$1.94 per 100mL"
      }
    }
  },
  {
    "id": "head-shoulders-apple-fresh-shampoo",
    "brand": "Head & Shoulders",
    "name": "Apple Fresh Shampoo",
    "imageUrl": "https://shop.coles.com.au/wcsstore/Coles-CAS/images/2/3/5/2350240-th.jpg",
    "categories": ["winter"],
    "tags": ["personal-care", "anti-dandruff-shampo"],
    "locations": {
      "vic": {
        "price": 12,
        "promoText": "Was $16.00 on Feb 2018 ",
        "packageSize": "620mL",
        "packagePrice": "$1.94 per 100mL"
      }
    }
  },
  {
    "id": "head-shoulders-dry-scalp-shampoo",
    "brand": "Head & Shoulders",
    "name": "Dry Scalp Shampoo",
    "imageUrl": "https://shop.coles.com.au/wcsstore/Coles-CAS/images/2/3/5/2350295-th.jpg",
    "categories": ["winter"],
    "tags": ["personal-care", "anti-dandruff-shampo"],
    "locations": {
      "vic": {
        "price": 12,
        "promoText": "Was $16.00 on Feb 2018 ",
        "packageSize": "620mL",
        "packagePrice": "$1.94 per 100mL"
      }
    }
  },
  {
    "id": "head-shoulders-smooth-silky-shampoo",
    "brand": "Head & Shoulders",
    "name": "Smooth & Silky Shampoo",
    "imageUrl": "https://shop.coles.com.au/wcsstore/Coles-CAS/images/2/3/5/2350320-th.jpg",
    "categories": ["winter"],
    "tags": ["personal-care", "anti-dandruff-shampo"],
    "locations": {
      "vic": {
        "price": 12,
        "promoText": "Was $16.00 on Feb 2018 ",
        "packageSize": "620mL",
        "packagePrice": "$1.94 per 100mL"
      }
    }
  },
  {
    "id": "head-shoulders-supreme-conditioner-smooth-3164139p",
    "brand": "Head & Shoulders",
    "name": "Supreme Smooth Conditioner",
    "imageUrl": "https://shop.coles.com.au/wcsstore/Coles-CAS/images/3/1/6/3164139-th.jpg",
    "categories": ["winter"],
    "tags": ["personal-care", "anti-dandruff-shampo"],
    "locations": {
      "vic": {
        "price": 15,
        "promoText": " ",
        "packageSize": "400mL",
        "packagePrice": "$3.75 per 100mL"
      }
    }
  },
  {
    "id": "head-shoulders-supreme-shampoo-smooth-3164106p",
    "brand": "Head & Shoulders",
    "name": "Supreme Smooth Anti Dandruff Shampoo",
    "imageUrl": "https://shop.coles.com.au/wcsstore/Coles-CAS/images/3/1/6/3164106-th.jpg",
    "categories": ["winter"],
    "tags": ["personal-care", "anti-dandruff-shampo"],
    "locations": {
      "vic": {
        "price": 15,
        "promoText": " ",
        "packageSize": "400mL",
        "packagePrice": "$3.75 per 100mL"
      }
    }
  },
  {
    "id": "head-shoulders-shampoo-old-spice-2in1",
    "brand": "Head & Shoulders",
    "name": "2 in 1 Ultra Men Old Spice Shampoo",
    "imageUrl": "https://shop.coles.com.au/wcsstore/Coles-CAS/images/3/4/1/3416140-th.jpg",
    "categories": ["winter"],
    "tags": ["personal-care", "anti-dandruff-shampo"],
    "locations": {
      "vic": {
        "price": 19,
        "promoText": " ",
        "packageSize": "550mL",
        "packagePrice": "$3.45 per 100mL"
      }
    }
  },
  {
    "id": "head-shoulders-ultramen-shampoo-sports-2in1",
    "brand": "Head & Shoulders",
    "name": "Ultra Men 2 In1 Sports Fresh Anti-Dandruff Shampoo + Conditioner",
    "imageUrl": "https://shop.coles.com.au/wcsstore/Coles-CAS/images/3/4/1/3416151-th.jpg",
    "categories": ["winter"],
    "tags": ["personal-care", "anti-dandruff-shampo"],
    "locations": {
      "vic": {
        "price": 15,
        "promoText": " ",
        "packageSize": "400mL",
        "packagePrice": "$3.75 per 100mL"
      }
    }
  },
  {
    "id": "neutrogena-t-gel-hair-shampoo",
    "brand": "Neutrogena",
    "name": "T Gel Hair Shampoo",
    "imageUrl": "https://shop.coles.com.au/wcsstore/Coles-CAS/images/5/5/5/5552773-th.jpg",
    "categories": ["winter"],
    "tags": ["personal-care", "anti-dandruff-shampo"],
    "locations": {
      "vic": {
        "price": 13,
        "promoText": " ",
        "packageSize": "200mL",
        "packagePrice": "$6.50 per 100mL"
      }
    }
  },
  {
    "id": "neutrogena-t-gel-anti-dandruff-shampoo-2-in-1",
    "brand": "Neutrogena",
    "name": "T Gel Anti Dandruff  2 in 1 Shampoo",
    "imageUrl": "https://shop.coles.com.au/wcsstore/Coles-CAS/images/4/7/1/4716060-th.jpg",
    "categories": ["winter"],
    "tags": ["personal-care", "anti-dandruff-shampo"],
    "locations": {
      "vic": {
        "price": 6.3,
        "promoText": " ",
        "packageSize": "200mL",
        "packagePrice": "$3.15 per 100mL"
      }
    }
  },
  {
    "id": "sukin-hand-wash-lime-coconut",
    "brand": "Sukin",
    "name": "Lime & Coconut Cleansing Hand Wash",
    "imageUrl": "https://shop.coles.com.au/wcsstore/Coles-CAS/images/3/5/5/3552149-th.jpg",
    "categories": ["winter"],
    "tags": ["personal-care", "hand-wash-sanitisers"],
    "locations": {
      "vic": {
        "price": 9.95,
        "promoText": "Was $13.00 on Jan 2020 ",
        "packageSize": "500mL",
        "packagePrice": "$1.99 per 100mL"
      }
    }
  },
  {
    "id": "coles-antibacterial-hand-wash-sensitive",
    "brand": "Coles",
    "name": "Antibacterial Hand Wash Sensitive",
    "imageUrl": "https://shop.coles.com.au/wcsstore/Coles-CAS/images/3/2/3/3234562-th.jpg",
    "categories": ["winter"],
    "tags": ["personal-care", "hand-wash-sanitisers"],
    "locations": {
      "vic": {
        "price": 3,
        "promoText": " ",
        "packageSize": "1L",
        "packagePrice": "$0.30 per 100mL"
      }
    }
  },
  {
    "id": "dettol-2in1-hand-surfaces-antibacterial-wipes-15s",
    "brand": "Dettol",
    "name": "2 in 1 Hands and Surfaces Antibacterial 15 Wipes",
    "imageUrl": "https://shop.coles.com.au/wcsstore/Coles-CAS/images/3/0/1/3013632-th.jpg",
    "categories": ["winter"],
    "tags": ["personal-care", "hand-wash-sanitisers"],
    "locations": {
      "vic": {
        "price": 3,
        "promoText": " ",
        "packageSize": "1 pack",
        "packagePrice": "$3.00 per 1Ea"
      }
    }
  },
  {
    "id": "thankyou-lemon-lime-sanitizer",
    "brand": "Thankyou",
    "name": "Lemon & Lime Sanitizer",
    "imageUrl": "https://shop.coles.com.au/wcsstore/Coles-CAS/images/1/8/7/1878280-th.jpg",
    "categories": ["winter"],
    "tags": ["personal-care", "hand-wash-sanitisers"],
    "locations": {
      "vic": {
        "price": 3.5,
        "promoText": " ",
        "packageSize": "50mL",
        "packagePrice": "$7.00 per 100mL"
      }
    }
  },
  {
    "id": "sukin-signature-cleansing-hand-wash-pump",
    "brand": "Sukin",
    "name": "Signature Cleansing Hand Wash",
    "imageUrl": "https://shop.coles.com.au/wcsstore/Coles-CAS/images/3/5/1/3516724-th.jpg",
    "categories": ["winter"],
    "tags": ["personal-care", "hand-wash-sanitisers"],
    "locations": {
      "vic": {
        "price": 9.95,
        "promoText": "Was $13.00 on Jan 2020 ",
        "packageSize": "500mL",
        "packagePrice": "$1.99 per 100mL"
      }
    }
  },
  {
    "id": "palmoive-raspberry-hand-sanitiser",
    "brand": "Palmolive",
    "name": "Cherry Blossom Hand Sanitiser",
    "imageUrl": "https://shop.coles.com.au/wcsstore/Coles-CAS/images/1/8/8/1888852-th.jpg",
    "categories": ["winter"],
    "tags": ["personal-care", "hand-wash-sanitisers"],
    "locations": {
      "vic": {
        "price": 3,
        "promoText": "Was $3.80 on Oct 2017 ",
        "packageSize": "48mL",
        "packagePrice": "$6.25 per 100mL"
      }
    }
  },
  {
    "id": "dettol-foam-hand-wash-refill-rose-cherry",
    "brand": "Dettol",
    "name": "Rose & Cherry In Bloom Foam Hand Wash Refill",
    "imageUrl": "https://shop.coles.com.au/wcsstore/Coles-CAS/images/2/8/1/2814625-th.jpg",
    "categories": ["winter"],
    "tags": ["personal-care", "hand-wash-sanitisers"],
    "locations": {
      "vic": {
        "price": 7,
        "promoText": "Was $8.50 on Sep 2017 ",
        "packageSize": "900mL",
        "packagePrice": "$0.78 per 100mL"
      }
    }
  },
  {
    "id": "coles-antibacterial-hand-wash-lime-fresh",
    "brand": "Coles",
    "name": "Lime Fresh Antibacterial Hand Wash Refill",
    "imageUrl": "https://shop.coles.com.au/wcsstore/Coles-CAS/images/3/2/3/3234529-th.jpg",
    "categories": ["winter"],
    "tags": ["personal-care", "hand-wash-sanitisers"],
    "locations": {
      "vic": {
        "price": 3,
        "promoText": " ",
        "packageSize": "1L",
        "packagePrice": "$3.00 per 1L"
      }
    }
  },
  {
    "id": "dettol-hand-sanitizer-refresh",
    "brand": "Dettol",
    "name": "Refresh Hand Sanitizer",
    "imageUrl": "https://shop.coles.com.au/wcsstore/Coles-CAS/images/6/4/4/6445098-th.jpg",
    "categories": ["winter"],
    "tags": ["personal-care", "hand-wash-sanitisers"],
    "locations": {
      "vic": {
        "price": 7.5,
        "promoText": " ",
        "packageSize": "200mL",
        "packagePrice": "$3.75 per 100mL"
      }
    }
  },
  {
    "id": "thankyou-lime-coriander-hand-wash-refill",
    "brand": "Thankyou",
    "name": "Botanical Lime & Coriander Hand Wash Refill",
    "imageUrl": "https://shop.coles.com.au/wcsstore/Coles-CAS/images/3/2/2/3227432-th.jpg",
    "categories": ["winter"],
    "tags": ["personal-care", "hand-wash-sanitisers"],
    "locations": {
      "vic": {
        "price": 12.5,
        "promoText": " ",
        "packageSize": "1L",
        "packagePrice": "$1.25 per 100mL"
      }
    }
  },
  {
    "id": "palmolive-foam-hand-wash-cherry-blossom-pump",
    "brand": "Palmolive",
    "name": "Cherry Blossom Foaming Hand Wash",
    "imageUrl": "https://shop.coles.com.au/wcsstore/Coles-CAS/images/2/8/1/2814603-th.jpg",
    "categories": ["winter"],
    "tags": ["personal-care", "hand-wash-sanitisers"],
    "locations": {
      "vic": {
        "price": 3.5,
        "promoText": " ",
        "packageSize": "250mL",
        "packagePrice": "$1.40 per 100mL"
      }
    }
  },
  {
    "id": "palmolive-hand-sanitiser-japanese-cherry-blossom",
    "brand": "Palmolive",
    "name": "Japanese Cherry Blossom Hand Sanitiser",
    "imageUrl": "https://shop.coles.com.au/wcsstore/Coles-CAS/images/3/2/3/3232261-th.jpg",
    "categories": ["winter"],
    "tags": ["personal-care", "hand-wash-sanitisers"],
    "locations": {
      "vic": {
        "price": 7.5,
        "promoText": " ",
        "packageSize": "200mL",
        "packagePrice": "$3.75 per 100mL"
      }
    }
  },
  {
    "id": "koi-hand-wash-orange-ginger",
    "brand": "KOi",
    "name": "Blood Orange & Ginger Hand Wash",
    "imageUrl": "https://shop.coles.com.au/wcsstore/Coles-CAS/images/3/5/1/3519609-th.jpg",
    "categories": ["winter"],
    "tags": ["personal-care", "hand-wash-sanitisers"],
    "locations": {
      "vic": {
        "price": 7,
        "promoText": " ",
        "packageSize": "500mL",
        "packagePrice": "$1.40 per 100mL"
      }
    }
  },
  {
    "id": "only-good-hand-wash-soothe",
    "brand": "Only Good",
    "name": "Natural Hand Wash Soothe",
    "imageUrl": "https://shop.coles.com.au/wcsstore/Coles-CAS/images/3/0/1/3012050-th.jpg",
    "categories": ["winter"],
    "tags": ["personal-care", "hand-wash-sanitisers"],
    "locations": {
      "vic": {
        "price": 6,
        "promoText": " ",
        "packageSize": "300mL",
        "packagePrice": "$2.00 per 100mL"
      }
    }
  },
  {
    "id": "thankyou-hand-wash-aloe-vera-lemon",
    "brand": "Thankyou",
    "name": "Botanical Aloe Vera & Lemon Oil Hand Wash",
    "imageUrl": "https://shop.coles.com.au/wcsstore/Coles-CAS/images/3/5/0/3509740-th.jpg",
    "categories": ["winter"],
    "tags": ["personal-care", "hand-wash-sanitisers"],
    "locations": {
      "vic": {
        "price": 8.5,
        "promoText": " ",
        "packageSize": "500mL",
        "packagePrice": "$1.70 per 100mL"
      }
    }
  },
  {
    "id": "ecostore-hand-wash-vanilla-coconut",
    "brand": "Ecostore",
    "name": "Vanilla & Coconut Hand Wash",
    "imageUrl": "https://shop.coles.com.au/wcsstore/Coles-CAS/images/3/5/1/3516994-th.jpg",
    "categories": ["winter"],
    "tags": ["personal-care", "hand-wash-sanitisers"],
    "locations": {
      "vic": {
        "price": 5.5,
        "promoText": " ",
        "packageSize": "250mL",
        "packagePrice": "$2.20 per 100mL"
      }
    }
  },
  {
    "id": "palmolive-liquid-hand-wash-foam-3014566p",
    "brand": "Palmolive",
    "name": "Lime & Mint Foaming Liquid Hand Wash Refill",
    "imageUrl": "https://shop.coles.com.au/wcsstore/Coles-CAS/images/3/0/1/3014566-th.jpg",
    "categories": ["winter"],
    "tags": ["personal-care", "hand-wash-sanitisers"],
    "locations": {
      "vic": {
        "price": 8.5,
        "promoText": " ",
        "packageSize": "1L",
        "packagePrice": "$0.85 per 100mL"
      }
    }
  },
  {
    "id": "thankyou-milk-hand-wash-lemon-myrtle-goats-milk",
    "brand": "Thankyou",
    "name": "Milk Hand Wash Lemon Myrtle & Goats Milk",
    "imageUrl": "https://shop.coles.com.au/wcsstore/Coles-CAS/images/3/0/1/3012200-th.jpg",
    "categories": ["winter"],
    "tags": ["personal-care", "hand-wash-sanitisers"],
    "locations": {
      "vic": {
        "price": 7.5,
        "promoText": " ",
        "packageSize": "500mL",
        "packagePrice": "$1.50 per 100mL"
      }
    }
  },
  {
    "id": "coles-antibacterial-hand-wash-sweet-orange",
    "brand": "Coles",
    "name": "Antibacterial Hand Wash Sweet Orange",
    "imageUrl": "https://shop.coles.com.au/wcsstore/Coles-CAS/images/3/2/3/3234551-th.jpg",
    "categories": ["winter"],
    "tags": ["personal-care", "hand-wash-sanitisers"],
    "locations": {
      "vic": {
        "price": 3,
        "promoText": " ",
        "packageSize": "1L",
        "packagePrice": "$0.30 per 100mL"
      }
    }
  },
  {
    "id": "koi-hand-sanitiser-no-alcohol",
    "brand": "KOi",
    "name": "Antibacterial Hand Sanitiser Spray",
    "imageUrl": "https://shop.coles.com.au/wcsstore/Coles-CAS/images/3/5/1/3519733-th.jpg",
    "categories": ["winter"],
    "tags": ["personal-care", "hand-wash-sanitisers"],
    "locations": {
      "vic": {
        "price": 5,
        "promoText": " ",
        "packageSize": "50mL",
        "packagePrice": "$10.00 per 100mL"
      }
    }
  },
  {
    "id": "only-good-hand-wash-nourish",
    "brand": "Only Good",
    "name": "Hand Wash Nourish",
    "imageUrl": "https://shop.coles.com.au/wcsstore/Coles-CAS/images/3/0/1/3011943-th.jpg",
    "categories": ["winter"],
    "tags": ["personal-care", "hand-wash-sanitisers"],
    "locations": {
      "vic": {
        "price": 6,
        "promoText": " ",
        "packageSize": "300mL",
        "packagePrice": "$2.00 per 100mL"
      }
    }
  },
  {
    "id": "organic-lemongrass-ginger-antibact-hand-wash",
    "brand": "Organic Care",
    "name": "Lemongrass & Ginger Anti-Bacterial Hand Wash",
    "imageUrl": "https://shop.coles.com.au/wcsstore/Coles-CAS/images/3/0/1/3012800-th.jpg",
    "categories": ["winter"],
    "tags": ["personal-care", "hand-wash-sanitisers"],
    "locations": {
      "vic": {
        "price": 3.5,
        "promoText": " ",
        "packageSize": "250mL",
        "packagePrice": "$1.40 per 100mL"
      }
    }
  },
  {
    "id": "thankyou-sweet-org-almd-hand-wash-refill",
    "brand": "Thankyou",
    "name": "Botanical Sweet Orange & Almond Hand Wash Refill",
    "imageUrl": "https://shop.coles.com.au/wcsstore/Coles-CAS/images/3/2/2/3227443-th.jpg",
    "categories": ["winter"],
    "tags": ["personal-care", "hand-wash-sanitisers"],
    "locations": {
      "vic": {
        "price": 12.5,
        "promoText": " ",
        "packageSize": "1L",
        "packagePrice": "$1.25 per 100mL"
      }
    }
  },
  {
    "id": "bosistos-desert-lime-eucalyptus-3519438p",
    "brand": "Bosisto's",
    "name": "Desert Lime & Eucalyptus Revitalising Hand Wash",
    "imageUrl": "https://shop.coles.com.au/wcsstore/Coles-CAS/images/3/5/1/3519438-th.jpg",
    "categories": ["winter"],
    "tags": ["personal-care", "hand-wash-sanitisers"],
    "locations": {
      "vic": {
        "price": 6,
        "promoText": " ",
        "packageSize": "300mL",
        "packagePrice": "$2.00 per 100mL"
      }
    }
  },
  {
    "id": "sukin-signature-cleansing-hand-wash-refill",
    "brand": "Sukin",
    "name": "Signature Cleansing Hand Wash",
    "imageUrl": "https://shop.coles.com.au/wcsstore/Coles-CAS/images/3/5/1/3516848-th.jpg",
    "categories": ["winter"],
    "tags": ["personal-care", "hand-wash-sanitisers"],
    "locations": {
      "vic": {
        "price": 17.95,
        "promoText": "Was $21.00 on Jan 2020 ",
        "packageSize": "1L",
        "packagePrice": "$17.95 per 1L"
      }
    }
  },
  {
    "id": "dettol-foam-lime-orange-pump",
    "brand": "Dettol",
    "name": "Lime & Orange Foam Hand wash Pump",
    "imageUrl": "https://shop.coles.com.au/wcsstore/Coles-CAS/images/3/5/2/3525500-th.jpg",
    "categories": ["winter"],
    "tags": ["personal-care", "hand-wash-sanitisers"],
    "locations": {
      "vic": {
        "price": 2.5,
        "promoText": " ",
        "packageSize": "250mL",
        "packagePrice": "$1.00 per 100mL"
      }
    }
  },
  {
    "id": "organic-soft-vanilla-shea-replen-hand-wash",
    "brand": "Organic Care",
    "name": "Soft Vanilla Shea Replen Hand Wash",
    "imageUrl": "https://shop.coles.com.au/wcsstore/Coles-CAS/images/3/0/1/3012844-th.jpg",
    "categories": ["winter"],
    "tags": ["personal-care", "hand-wash-sanitisers"],
    "locations": {
      "vic": {
        "price": 3.5,
        "promoText": " ",
        "packageSize": "250mL",
        "packagePrice": "$1.40 per 100mL"
      }
    }
  },
  {
    "id": "palmolive-foam-hand-wash-refill-cherry-blossom",
    "brand": "Palmolive",
    "name": "Cherry Blossom Foaming Hand Wash Refill",
    "imageUrl": "https://shop.coles.com.au/wcsstore/Coles-CAS/images/2/8/1/2814636-th.jpg",
    "categories": ["winter"],
    "tags": ["personal-care", "hand-wash-sanitisers"],
    "locations": {
      "vic": {
        "price": 5.5,
        "promoText": " ",
        "packageSize": "500mL",
        "packagePrice": "$1.10 per 100mL"
      }
    }
  },
  {
    "id": "bosistos-desert-lime-eucalyptus",
    "brand": "Bosisto's",
    "name": "Desert Lime & Eucalyptus Revitalising Hand Wash Refill",
    "imageUrl": "https://shop.coles.com.au/wcsstore/Coles-CAS/images/3/5/1/3519493-th.jpg",
    "categories": ["winter"],
    "tags": ["personal-care", "hand-wash-sanitisers"],
    "locations": {
      "vic": {
        "price": 12,
        "promoText": " ",
        "packageSize": "1L",
        "packagePrice": "$12.00 per 1L"
      }
    }
  },
  {
    "id": "bosistos-banksia-flower-lavender",
    "brand": "Bosisto's",
    "name": "Banksia Flower & Lavender Moisturising Hand Wash",
    "imageUrl": "https://shop.coles.com.au/wcsstore/Coles-CAS/images/3/5/1/3519449-th.jpg",
    "categories": ["winter"],
    "tags": ["personal-care", "hand-wash-sanitisers"],
    "locations": {
      "vic": {
        "price": 6,
        "promoText": " ",
        "packageSize": "300mL",
        "packagePrice": "$2.00 per 100mL"
      }
    }
  },
  {
    "id": "bosistos-banksia-flower-lavender-3519471p",
    "brand": "Bosisto's",
    "name": "Banksia Flower & Lavender Moisturising Hand Wash Refill",
    "imageUrl": "https://shop.coles.com.au/wcsstore/Coles-CAS/images/3/5/1/3519471-th.jpg",
    "categories": ["winter"],
    "tags": ["personal-care", "hand-wash-sanitisers"],
    "locations": {
      "vic": {
        "price": 12,
        "promoText": " ",
        "packageSize": "1L",
        "packagePrice": "$12.00 per 1L"
      }
    }
  },
  {
    "id": "dettol-healthy-touch-instant-hand-sanitizer-refresh",
    "brand": "Dettol",
    "name": "Healthy Touch Liquid Antibacterial Instant Hand Sanitiser",
    "imageUrl": "https://shop.coles.com.au/wcsstore/Coles-CAS/images/6/4/4/6445236-th.jpg",
    "categories": ["winter"],
    "tags": ["personal-care", "hand-wash-sanitisers"],
    "locations": {
      "vic": {
        "price": 3.5,
        "promoText": " ",
        "packageSize": "50mL",
        "packagePrice": "$0.70 per 10mL"
      }
    }
  },
  {
    "id": "dettol-instant-clip-hand-sanitiser",
    "brand": "Dettol",
    "name": "Instant Hand Sanitiser Clip",
    "imageUrl": "https://shop.coles.com.au/wcsstore/Coles-CAS/images/3/5/1/3517319-th.jpg",
    "categories": ["winter"],
    "tags": ["personal-care", "hand-wash-sanitisers"],
    "locations": {
      "vic": {
        "price": 4,
        "promoText": " ",
        "packageSize": "50mL",
        "packagePrice": "$8.00 per 100mL"
      }
    }
  },
  {
    "id": "ecostore-hand-wash-rose-geranium",
    "brand": "Ecostore",
    "name": "Rose & Geranium Hand Wash",
    "imageUrl": "https://shop.coles.com.au/wcsstore/Coles-CAS/images/3/5/1/3516983-th.jpg",
    "categories": ["winter"],
    "tags": ["personal-care", "hand-wash-sanitisers"],
    "locations": {
      "vic": {
        "price": 5.5,
        "promoText": " ",
        "packageSize": "250mL",
        "packagePrice": "$2.20 per 100mL"
      }
    }
  },
  {
    "id": "koi-hand-wash-jasmine-sandalwood",
    "brand": "KOi",
    "name": "Jasmine & Sandalwood Hand Wash",
    "imageUrl": "https://shop.coles.com.au/wcsstore/Coles-CAS/images/3/5/1/3519610-th.jpg",
    "categories": ["winter"],
    "tags": ["personal-care", "hand-wash-sanitisers"],
    "locations": {
      "vic": {
        "price": 7,
        "promoText": " ",
        "packageSize": "500mL",
        "packagePrice": "$1.40 per 100mL"
      }
    }
  },
  {
    "id": "koi-hand-wash-bergamot-magnolia",
    "brand": "KOi",
    "name": "Bergamot & Magnolia Hand Wash",
    "imageUrl": "https://shop.coles.com.au/wcsstore/Coles-CAS/images/3/5/1/3519584-th.jpg",
    "categories": ["winter"],
    "tags": ["personal-care", "hand-wash-sanitisers"],
    "locations": {
      "vic": {
        "price": 7,
        "promoText": " ",
        "packageSize": "500mL",
        "packagePrice": "$1.40 per 100mL"
      }
    }
  },
  {
    "id": "lifebuoy-hs-total",
    "brand": "Lifebuoy",
    "name": "Hs Total",
    "imageUrl": "https://shop.coles.com.au/wcsstore/ColesResponsiveStorefrontAssetStore/dist/ccfc54aed6e361b650bcf0582f7b576b/img/img_product-placeholder.png",
    "categories": ["winter"],
    "tags": ["personal-care", "hand-wash-sanitisers"],
    "locations": {
      "vic": {
        "price": 3.7,
        "promoText": " ",
        "packageSize": "50mL",
        "packagePrice": "$7.40 per 100mL"
      }
    }
  },
  {
    "id": "oc-anti-bacterial-orange-ginger-handwash",
    "brand": "OC",
    "name": "Anti Bacterial Orange & Ginger Handwash",
    "imageUrl": "https://shop.coles.com.au/wcsstore/Coles-CAS/images/3/7/9/3798502-th.jpg",
    "categories": ["winter"],
    "tags": ["personal-care", "hand-wash-sanitisers"],
    "locations": {
      "vic": {
        "price": 0,
        "promoText": " ",
        "packageSize": "400mL",
        "packagePrice": ""
      }
    }
  },
  {
    "id": "only-good-hand-wash-refresh",
    "brand": "Only Good",
    "name": "Hand Wash Refresh",
    "imageUrl": "https://shop.coles.com.au/wcsstore/Coles-CAS/images/3/0/1/3011987-th.jpg",
    "categories": ["winter"],
    "tags": ["personal-care", "hand-wash-sanitisers"],
    "locations": {
      "vic": {
        "price": 6,
        "promoText": " ",
        "packageSize": "300mL",
        "packagePrice": "$2.00 per 100mL"
      }
    }
  },
  {
    "id": "our-oure-planet-hand-sanitiser",
    "brand": "Our Pure Planet",
    "name": "Hand Sanitiser",
    "imageUrl": "https://shop.coles.com.au/wcsstore/Coles-CAS/images/3/8/0/3803170-th.jpg",
    "categories": ["winter"],
    "tags": ["personal-care", "hand-wash-sanitisers"],
    "locations": {
      "vic": {
        "price": 3.5,
        "promoText": " ",
        "packageSize": "50mL",
        "packagePrice": "$7.00 per 100mL"
      }
    }
  },
  {
    "id": "palmolive-decor-van-swt-almond-foaming-hand-wash",
    "brand": "Palmolive",
    "name": "Vanilla & Sweet Almond Foaming Hand Wash",
    "imageUrl": "https://shop.coles.com.au/wcsstore/Coles-CAS/images/3/2/2/3227115-th.jpg",
    "categories": ["winter"],
    "tags": ["personal-care", "hand-wash-sanitisers"],
    "locations": {
      "vic": {
        "price": 7,
        "promoText": " ",
        "packageSize": "400mL",
        "packagePrice": "$1.75 per 100mL"
      }
    }
  },
  {
    "id": "palmolive-foaming-pump-hand-wash-magnla-argan",
    "brand": "Palmolive",
    "name": "Magnolia + Argan Oil Foaming Hand Wash",
    "imageUrl": "https://shop.coles.com.au/wcsstore/Coles-CAS/images/3/5/1/3510091-th.jpg",
    "categories": ["winter"],
    "tags": ["personal-care", "hand-wash-sanitisers"],
    "locations": {
      "vic": {
        "price": 7,
        "promoText": " ",
        "packageSize": "400mL",
        "packagePrice": "$1.75 per 100mL"
      }
    }
  },
  {
    "id": "palmolive-luminous-oils-invigorating-hand-wash",
    "brand": "Palmolive",
    "name": "Luminous Oils Macadamia Oil With Peony Invigorating Hand Wash",
    "imageUrl": "https://shop.coles.com.au/wcsstore/Coles-CAS/images/3/5/1/3515266-th.jpg",
    "categories": ["winter"],
    "tags": ["personal-care", "hand-wash-sanitisers"],
    "locations": {
      "vic": {
        "price": 7,
        "promoText": " ",
        "packageSize": "500mL",
        "packagePrice": "$1.40 per 100mL"
      }
    }
  },
  {
    "id": "palmolive-elements-micellar-hand-wash",
    "brand": "Palmolive",
    "name": "Elements Micellar Hand Wash",
    "imageUrl": "https://shop.coles.com.au/wcsstore/Coles-CAS/images/3/7/2/3726104-th.jpg",
    "categories": ["winter"],
    "tags": ["personal-care", "hand-wash-sanitisers"],
    "locations": {
      "vic": {
        "price": 7.5,
        "promoText": " ",
        "packageSize": "500mL",
        "packagePrice": "$1.50 per 100mL"
      }
    }
  },
  {
    "id": "palmolive-elements-charcoal-hand-wash",
    "brand": "Palmolive",
    "name": "Elements Charcoal Hand Wash",
    "imageUrl": "https://shop.coles.com.au/wcsstore/Coles-CAS/images/3/7/2/3726068-th.jpg",
    "categories": ["winter"],
    "tags": ["personal-care", "hand-wash-sanitisers"],
    "locations": {
      "vic": {
        "price": 7.5,
        "promoText": " ",
        "packageSize": "500mL",
        "packagePrice": "$1.50 per 100mL"
      }
    }
  },
  {
    "id": "pears-hand-wash-pump",
    "brand": "Pears",
    "name": "Hand Wash Pump",
    "imageUrl": "https://shop.coles.com.au/wcsstore/Coles-CAS/images/3/2/4/3247553-th.jpg",
    "categories": ["winter"],
    "tags": ["personal-care", "hand-wash-sanitisers"],
    "locations": {
      "vic": {
        "price": 3.5,
        "promoText": " ",
        "packageSize": "250mL",
        "packagePrice": "$1.40 per 100mL"
      }
    }
  },
  {
    "id": "mission-corn-chips-white-corn",
    "brand": "Mission",
    "name": "Original White Corn Tortilla Strips",
    "imageUrl": "https://shop.coles.com.au/wcsstore/Coles-CAS/images/7/3/6/7368571-th.jpg",
    "categories": ["entertaining-at-home", "international-fods"],
    "tags": ["snacks-for-entertaining", "chips-for-entertaining"],
    "locations": {
      "vic": {
        "price": 3.1,
        "promoText": "Any 2 $5.50",
        "packageSize": "230g",
        "packagePrice": "$1.35 per 100G"
      }
    }
  },
  {
    "id": "kettle--potato-chips-sea-salt",
    "brand": "Kettle",
    "name": "Sea Salt Potato Chips",
    "imageUrl": "https://shop.coles.com.au/wcsstore/Coles-CAS/images/8/1/5/8156535-th.jpg",
    "categories": ["entertaining-at-home"],
    "tags": ["snacks-for-entertaining", "chips-for-entertaining"],
    "locations": {
      "vic": {
        "price": 4.65,
        "promoText": "Any 2 $7",
        "packageSize": "175g",
        "packagePrice": "$2.66 per 100G"
      }
    }
  },
  {
    "id": "ccs-tasty-cheese-corn-chips",
    "brand": "CC's",
    "name": "Tasty Cheese Corn Chips",
    "imageUrl": "https://shop.coles.com.au/wcsstore/Coles-CAS/images/1/7/9/1795365-th.jpg",
    "categories": ["entertaining-at-home"],
    "tags": ["snacks-for-entertaining", "chips-for-entertaining"],
    "locations": {
      "vic": {
        "price": 3.5,
        "promoText": " ",
        "packageSize": "175g",
        "packagePrice": "$2.00 per 100G"
      }
    }
  },
  {
    "id": "thins-potato-chips-original",
    "brand": "Thins",
    "name": "Original Potato Chips",
    "imageUrl": "https://shop.coles.com.au/wcsstore/Coles-CAS/images/6/8/3/6833891-th.jpg",
    "categories": ["entertaining-at-home"],
    "tags": ["snacks-for-entertaining", "chips-for-entertaining"],
    "locations": {
      "vic": {
        "price": 3.5,
        "promoText": "Any 2 $5",
        "packageSize": "175g",
        "packagePrice": "$2.00 per 100G"
      }
    }
  },
  {
    "id": "ccs-original-corn-chips",
    "brand": "CC's",
    "name": "Original Corn Chips",
    "imageUrl": "https://shop.coles.com.au/wcsstore/Coles-CAS/images/1/7/9/1795354-th.jpg",
    "categories": ["entertaining-at-home"],
    "tags": ["snacks-for-entertaining", "chips-for-entertaining"],
    "locations": {
      "vic": {
        "price": 3.5,
        "promoText": " ",
        "packageSize": "175g",
        "packagePrice": "$2.00 per 100G"
      }
    }
  },
  {
    "id": "natural-chip-company-chips-sea-salt-1260302p",
    "brand": "Natural Chip Co.",
    "name": "Sea Salt Potato Chips",
    "imageUrl": "https://shop.coles.com.au/wcsstore/Coles-CAS/images/1/2/6/1260302-th.jpg",
    "categories": ["entertaining-at-home"],
    "tags": ["snacks-for-entertaining", "chips-for-entertaining"],
    "locations": {
      "vic": {
        "price": 3.5,
        "promoText": "Any 2 $5",
        "packageSize": "175g",
        "packagePrice": "$2.00 per 100G"
      }
    }
  },
  {
    "id": "ccs-nacho-cheese-corn-chips",
    "brand": "CC's",
    "name": "Nacho Cheese Corn Chips",
    "imageUrl": "https://shop.coles.com.au/wcsstore/Coles-CAS/images/1/7/9/1795376-th.jpg",
    "categories": ["entertaining-at-home"],
    "tags": ["snacks-for-entertaining", "chips-for-entertaining"],
    "locations": {
      "vic": {
        "price": 3.5,
        "promoText": " ",
        "packageSize": "175g",
        "packagePrice": "$2.00 per 100G"
      }
    }
  },
  {
    "id": "doritos-cheese-supreme-corn-chips-2358333p",
    "brand": "Doritos",
    "name": "Cheese Supreme Corn Chips",
    "imageUrl": "https://shop.coles.com.au/wcsstore/Coles-CAS/images/2/3/5/2358333-th.jpg",
    "categories": ["entertaining-at-home"],
    "tags": ["snacks-for-entertaining", "chips-for-entertaining"],
    "locations": {
      "vic": {
        "price": 1.75,
        "promoText": "$1.75 ",
        "packageSize": "170g",
        "packagePrice": "$1.03 per 100G"
      }
    }
  },
  {
    "id": "mountain-dew-soft-drink-no-sugar",
    "brand": "Mountain Dew",
    "name": "Soft Drink No Sugar",
    "imageUrl": "https://shop.coles.com.au/wcsstore/Coles-CAS/images/3/7/5/3752556-th.jpg",
    "categories": ["entertaining-at-home", "drinks"],
    "tags": ["snacks-for-entertaining", "chips-for-entertaining"],
    "locations": {
      "vic": {
        "price": 1.7,
        "promoText": "$0.50 ",
        "packageSize": "1.25L",
        "packagePrice": "$1.36 per 1L"
      }
    }
  },
  {
    "id": "kettle-potato-chips-sea-salt-vinegar",
    "brand": "Kettle",
    "name": "Sea Salt & Vinegar Potato Chips",
    "imageUrl": "https://shop.coles.com.au/wcsstore/Coles-CAS/images/8/1/5/8156557-th.jpg",
    "categories": ["entertaining-at-home"],
    "tags": ["snacks-for-entertaining", "chips-for-entertaining"],
    "locations": {
      "vic": {
        "price": 4.65,
        "promoText": "Any 2 $7",
        "packageSize": "175g",
        "packagePrice": "$2.66 per 100G"
      }
    }
  },
  {
    "id": "doritos-original-corn-chips",
    "brand": "Doritos",
    "name": "Original Corn Chips",
    "imageUrl": "https://shop.coles.com.au/wcsstore/Coles-CAS/images/2/3/5/2358355-th.jpg",
    "categories": ["entertaining-at-home"],
    "tags": ["snacks-for-entertaining", "chips-for-entertaining"],
    "locations": {
      "vic": {
        "price": 1.75,
        "promoText": "$1.75 ",
        "packageSize": "170g",
        "packagePrice": "$1.03 per 100G"
      }
    }
  },
  {
    "id": "thins-potato-chips-salt-vinegar",
    "brand": "Thins",
    "name": "Salt & Vinegar Potato Chips",
    "imageUrl": "https://shop.coles.com.au/wcsstore/Coles-CAS/images/6/8/3/6833949-th.jpg",
    "categories": ["entertaining-at-home"],
    "tags": ["snacks-for-entertaining", "chips-for-entertaining"],
    "locations": {
      "vic": {
        "price": 3.5,
        "promoText": "Any 2 $5",
        "packageSize": "175g",
        "packagePrice": "$2.00 per 100G"
      }
    }
  },
  {
    "id": "red-rock-deli-sea-salt-balsamic-vinegar-potato-chips-1786171p",
    "brand": "Red Rock Deli",
    "name": "Sea Salt & Balsamic Vinegar Potato Chips",
    "imageUrl": "https://shop.coles.com.au/wcsstore/Coles-CAS/images/1/7/8/1786171-th.jpg",
    "categories": ["entertaining-at-home"],
    "tags": ["snacks-for-entertaining", "chips-for-entertaining"],
    "locations": {
      "vic": {
        "price": 4.65,
        "promoText": "Any 2 $7",
        "packageSize": "165g",
        "packagePrice": "$2.82 per 100G"
      }
    }
  },
  {
    "id": "red-rock-deli-sea-salt-potato-chips",
    "brand": "Red Rock Deli",
    "name": "Sea Salt Potato Chips",
    "imageUrl": "https://shop.coles.com.au/wcsstore/Coles-CAS/images/1/7/8/1786150-th.jpg",
    "categories": ["entertaining-at-home"],
    "tags": ["snacks-for-entertaining", "chips-for-entertaining"],
    "locations": {
      "vic": {
        "price": 4.65,
        "promoText": "Any 2 $7",
        "packageSize": "165g",
        "packagePrice": "$2.82 per 100G"
      }
    }
  },
  {
    "id": "tyrrells--lightly-salted-english-crisps",
    "brand": "Tyrrells",
    "name": "Lightly Salted English Crisps",
    "imageUrl": "https://shop.coles.com.au/wcsstore/Coles-CAS/images/2/6/6/2664431-th.jpg",
    "categories": ["entertaining-at-home"],
    "tags": ["snacks-for-entertaining", "chips-for-entertaining"],
    "locations": {
      "vic": {
        "price": 2.25,
        "promoText": "$2.25 ",
        "packageSize": "165g",
        "packagePrice": "$1.36 per 100G"
      }
    }
  },
  {
    "id": "red-rock-deli-lime-pepper-potato-chips",
    "brand": "Red Rock Deli",
    "name": "Lime & Pepper Potato Chips",
    "imageUrl": "https://shop.coles.com.au/wcsstore/Coles-CAS/images/1/7/8/1786193-th.jpg",
    "categories": ["entertaining-at-home"],
    "tags": ["snacks-for-entertaining", "chips-for-entertaining"],
    "locations": {
      "vic": {
        "price": 4.65,
        "promoText": "Any 2 $7",
        "packageSize": "165g",
        "packagePrice": "$2.82 per 100G"
      }
    }
  },
  {
    "id": "red-rock-deli-sweet-chilli-sour-cream-potato-chips",
    "brand": "Red Rock Deli",
    "name": "Sweet Chilli & Sour Cream Potato Chips",
    "imageUrl": "https://shop.coles.com.au/wcsstore/Coles-CAS/images/1/7/8/1786182-th.jpg",
    "categories": ["entertaining-at-home"],
    "tags": ["snacks-for-entertaining", "chips-for-entertaining"],
    "locations": {
      "vic": {
        "price": 4.65,
        "promoText": "Any 2 $7",
        "packageSize": "165g",
        "packagePrice": "$2.82 per 100G"
      }
    }
  },
  {
    "id": "smiths-crinkle-cut-original-potato-chips",
    "brand": "Smith's",
    "name": "Crinkle Cut Original Potato Chips",
    "imageUrl": "https://shop.coles.com.au/wcsstore/Coles-CAS/images/2/3/5/2358275-th.jpg",
    "categories": ["entertaining-at-home"],
    "tags": ["snacks-for-entertaining", "chips-for-entertaining"],
    "locations": {
      "vic": {
        "price": 3.5,
        "promoText": "Any 2 $5",
        "packageSize": "170g",
        "packagePrice": "$2.06 per 100G"
      }
    }
  },
  {
    "id": "kettle-honey-soy-chicken-potato-chips",
    "brand": "Kettle",
    "name": "Honey Soy Chicken Potato Chips",
    "imageUrl": "https://shop.coles.com.au/wcsstore/Coles-CAS/images/1/7/9/1795310-th.jpg",
    "categories": ["entertaining-at-home"],
    "tags": ["snacks-for-entertaining", "chips-for-entertaining"],
    "locations": {
      "vic": {
        "price": 4.65,
        "promoText": "Any 2 $7",
        "packageSize": "175g",
        "packagePrice": "$2.66 per 100G"
      }
    }
  },
  {
    "id": "doritos-nacho-cheese-corn-chips-2358344p",
    "brand": "Doritos",
    "name": "Nacho Cheese Corn Chips",
    "imageUrl": "https://shop.coles.com.au/wcsstore/Coles-CAS/images/2/3/5/2358344-th.jpg",
    "categories": ["entertaining-at-home"],
    "tags": ["snacks-for-entertaining", "chips-for-entertaining"],
    "locations": {
      "vic": {
        "price": 1.75,
        "promoText": "$1.75 ",
        "packageSize": "170g",
        "packagePrice": "$1.03 per 100G"
      }
    }
  },
  {
    "id": "red-rock-deli-honey-soy-chicken-potato-chips",
    "brand": "Red Rock Deli",
    "name": "Honey Soy Chicken Potato Chips",
    "imageUrl": "https://shop.coles.com.au/wcsstore/Coles-CAS/images/1/7/8/1786160-th.jpg",
    "categories": ["entertaining-at-home"],
    "tags": ["snacks-for-entertaining", "chips-for-entertaining"],
    "locations": {
      "vic": {
        "price": 4.65,
        "promoText": "Any 2 $7",
        "packageSize": "165g",
        "packagePrice": "$2.82 per 100G"
      }
    }
  },
  {
    "id": "thins-potato-chips-light-tangy",
    "brand": "Thins",
    "name": "Light & Tangy Potato Chips",
    "imageUrl": "https://shop.coles.com.au/wcsstore/Coles-CAS/images/6/8/3/6833927-th.jpg",
    "categories": ["entertaining-at-home"],
    "tags": ["snacks-for-entertaining", "chips-for-entertaining"],
    "locations": {
      "vic": {
        "price": 3.5,
        "promoText": "Any 2 $5",
        "packageSize": "175g",
        "packagePrice": "$2.00 per 100G"
      }
    }
  },
  {
    "id": "thins-sour-cream-chives-potato-chips",
    "brand": "Thins",
    "name": "Sour Cream & Chives Potato Chips",
    "imageUrl": "https://shop.coles.com.au/wcsstore/Coles-CAS/images/1/7/2/1721846-th.jpg",
    "categories": ["entertaining-at-home"],
    "tags": ["snacks-for-entertaining", "chips-for-entertaining"],
    "locations": {
      "vic": {
        "price": 3.5,
        "promoText": "Any 2 $5",
        "packageSize": "175g",
        "packagePrice": "$2.00 per 100G"
      }
    }
  },
  {
    "id": "kettle-natural-potato-chips-chilli",
    "brand": "Kettle",
    "name": "Chilli Potato Chips",
    "imageUrl": "https://shop.coles.com.au/wcsstore/Coles-CAS/images/9/1/3/9139724-th.jpg",
    "categories": ["entertaining-at-home"],
    "tags": ["snacks-for-entertaining", "chips-for-entertaining"],
    "locations": {
      "vic": {
        "price": 4.65,
        "promoText": "Any 2 $7",
        "packageSize": "175g",
        "packagePrice": "$2.66 per 100G"
      }
    }
  },
  {
    "id": "smiths-crinkle-cut-salt-vinegar-potato-chips",
    "brand": "Smith's",
    "name": "Crinkle Cut Salt & Vinegar Potato Chips",
    "imageUrl": "https://shop.coles.com.au/wcsstore/Coles-CAS/images/2/3/5/2358286-th.jpg",
    "categories": ["entertaining-at-home"],
    "tags": ["snacks-for-entertaining", "chips-for-entertaining"],
    "locations": {
      "vic": {
        "price": 3.5,
        "promoText": "Any 2 $5",
        "packageSize": "170g",
        "packagePrice": "$2.06 per 100G"
      }
    }
  },
  {
    "id": "tyrrells--cider-vinegar-seasalt-english-crisps",
    "brand": "Tyrrells",
    "name": "Sea Salt & Vinegar Hand Cooked Crisps",
    "imageUrl": "https://shop.coles.com.au/wcsstore/Coles-CAS/images/2/6/6/2664475-th.jpg",
    "categories": ["entertaining-at-home"],
    "tags": ["snacks-for-entertaining", "chips-for-entertaining"],
    "locations": {
      "vic": {
        "price": 2.25,
        "promoText": "$2.25 ",
        "packageSize": "165g",
        "packagePrice": "$1.36 per 100G"
      }
    }
  },
  {
    "id": "coles-corn-chips-original",
    "brand": "Coles",
    "name": "Original Corn Chips",
    "imageUrl": "https://shop.coles.com.au/wcsstore/Coles-CAS/images/6/9/9/6993038-th.jpg",
    "categories": ["entertaining-at-home"],
    "tags": ["snacks-for-entertaining", "chips-for-entertaining"],
    "locations": {
      "vic": {
        "price": 1.9,
        "promoText": " ",
        "packageSize": "200g",
        "packagePrice": "$0.95 per 100G"
      }
    }
  },
  {
    "id": "tyrrells--cheddar-cheese-chives-english-chips",
    "brand": "Tyrrells",
    "name": "Cheddar Cheese & Chives English Chips",
    "imageUrl": "https://shop.coles.com.au/wcsstore/Coles-CAS/images/2/6/6/2664442-th.jpg",
    "categories": ["entertaining-at-home"],
    "tags": ["snacks-for-entertaining", "chips-for-entertaining"],
    "locations": {
      "vic": {
        "price": 2.25,
        "promoText": "$2.25 ",
        "packageSize": "165g",
        "packagePrice": "$1.36 per 100G"
      }
    }
  },
  {
    "id": "smiths-potato-chips-thin-sliced-original",
    "brand": "Smith's",
    "name": "Original Thinly Cut Potato Chips",
    "imageUrl": "https://shop.coles.com.au/wcsstore/Coles-CAS/images/5/7/0/5706221-th.jpg",
    "categories": ["entertaining-at-home"],
    "tags": ["snacks-for-entertaining", "chips-for-entertaining"],
    "locations": {
      "vic": {
        "price": 2,
        "promoText": "Was $3.30 on May 2018 ",
        "packageSize": "175g",
        "packagePrice": "$1.14 per 100G"
      }
    }
  },
  {
    "id": "thins-potato-chips-chicken",
    "brand": "Thins",
    "name": "Chicken Potato Chips",
    "imageUrl": "https://shop.coles.com.au/wcsstore/Coles-CAS/images/6/8/3/6833950-th.jpg",
    "categories": ["entertaining-at-home"],
    "tags": ["snacks-for-entertaining", "chips-for-entertaining"],
    "locations": {
      "vic": {
        "price": 3.5,
        "promoText": "Any 2 $5",
        "packageSize": "175g",
        "packagePrice": "$2.00 per 100G"
      }
    }
  },
  {
    "id": "natural-chip-co-corn-chips-sea-salt",
    "brand": "Natural Chip Co.",
    "name": "Sea Salt Tortilla Strips",
    "imageUrl": "https://shop.coles.com.au/wcsstore/Coles-CAS/images/3/5/7/3574108-th.jpg",
    "categories": ["entertaining-at-home"],
    "tags": ["snacks-for-entertaining", "chips-for-entertaining"],
    "locations": {
      "vic": {
        "price": 3.5,
        "promoText": "Any 2 $6",
        "packageSize": "175g",
        "packagePrice": "$2.00 per 100G"
      }
    }
  },
  {
    "id": "calbee-harvest-snaps-baked-pea-crisps-salted",
    "brand": "Calbee Harvest Snaps",
    "name": "Baked Pea Crisps Salted",
    "imageUrl": "https://shop.coles.com.au/wcsstore/Coles-CAS/images/3/1/6/3169846-th.jpg",
    "categories": ["entertaining-at-home"],
    "tags": ["snacks-for-entertaining", "chips-for-entertaining"],
    "locations": {
      "vic": {
        "price": 3,
        "promoText": " ",
        "packageSize": "93g",
        "packagePrice": "$3.23 per 100G"
      }
    }
  },
  {
    "id": "smiths-crinkle-cut-bbq-potato-chips",
    "brand": "Smith's",
    "name": "Crinkle Cut BBQ Potato Chips",
    "imageUrl": "https://shop.coles.com.au/wcsstore/Coles-CAS/images/2/3/5/2358264-th.jpg",
    "categories": ["entertaining-at-home"],
    "tags": ["snacks-for-entertaining", "chips-for-entertaining"],
    "locations": {
      "vic": {
        "price": 3.5,
        "promoText": "Any 2 $5",
        "packageSize": "170g",
        "packagePrice": "$2.06 per 100G"
      }
    }
  },
  {
    "id": "smiths-potato-chips-salt-vinegar-60g",
    "brand": "Smith's",
    "name": "Salt & Vinegar Crinkle Potato Chips",
    "imageUrl": "https://shop.coles.com.au/wcsstore/Coles-CAS/images/2/8/7/2873169-th.jpg",
    "categories": ["entertaining-at-home"],
    "tags": ["snacks-for-entertaining", "chips-for-entertaining"],
    "locations": {
      "vic": {
        "price": 1.05,
        "promoText": "$1.05 ",
        "packageSize": "60g",
        "packagePrice": "$1.75 per 100G"
      }
    }
  },
  {
    "id": "smiths-crinkle-potato-chips-original-big-bag",
    "brand": "Smith's",
    "name": "Original Potato Crinkle Chips",
    "imageUrl": "https://shop.coles.com.au/wcsstore/Coles-CAS/images/3/5/7/3572157-th.jpg",
    "categories": ["entertaining-at-home"],
    "tags": ["snacks-for-entertaining", "chips-for-entertaining"],
    "locations": {
      "vic": {
        "price": 7,
        "promoText": " ",
        "packageSize": "380g",
        "packagePrice": "$1.84 per 100G"
      }
    }
  },
  {
    "id": "doritos-late-night-corn-chips-taco",
    "brand": "Doritos",
    "name": "Buffalo Wings",
    "imageUrl": "https://shop.coles.com.au/wcsstore/Coles-CAS/images/2/8/7/2872519-th.jpg",
    "categories": ["entertaining-at-home"],
    "tags": ["snacks-for-entertaining", "chips-for-entertaining"],
    "locations": {
      "vic": {
        "price": 1.75,
        "promoText": "$1.75 ",
        "packageSize": "150g",
        "packagePrice": "$1.17 per 100G"
      }
    }
  },
  {
    "id": "smiths-thin-cut-salt-vinegar-potato-chips",
    "brand": "Smith's",
    "name": "Salt & Vinegar Thinly Cut Potato Chips",
    "imageUrl": "https://shop.coles.com.au/wcsstore/Coles-CAS/images/5/7/0/5706254-th.jpg",
    "categories": ["entertaining-at-home"],
    "tags": ["snacks-for-entertaining", "chips-for-entertaining"],
    "locations": {
      "vic": {
        "price": 2,
        "promoText": "Was $3.30 on May 2018 ",
        "packageSize": "175g",
        "packagePrice": "$1.14 per 100G"
      }
    }
  },
  {
    "id": "smiths-crinkle-cut-chicken-potato-chips",
    "brand": "Smith's",
    "name": "Crinkle Cut Chicken Potato Chips",
    "imageUrl": "https://shop.coles.com.au/wcsstore/Coles-CAS/images/2/3/5/2358300-th.jpg",
    "categories": ["entertaining-at-home"],
    "tags": ["snacks-for-entertaining", "chips-for-entertaining"],
    "locations": {
      "vic": {
        "price": 3.5,
        "promoText": "Any 2 $5",
        "packageSize": "170g",
        "packagePrice": "$2.06 per 100G"
      }
    }
  },
  {
    "id": "smiths-crinkle-cut-cheese-onion-potato-chips",
    "brand": "Smith's",
    "name": "Crinkle Cut Cheese & Onion Potato Chips",
    "imageUrl": "https://shop.coles.com.au/wcsstore/Coles-CAS/images/2/3/5/2358297-th.jpg",
    "categories": ["entertaining-at-home"],
    "tags": ["snacks-for-entertaining", "chips-for-entertaining"],
    "locations": {
      "vic": {
        "price": 3.5,
        "promoText": "Any 2 $5",
        "packageSize": "170g",
        "packagePrice": "$2.06 per 100G"
      }
    }
  },
  {
    "id": "coles-sour-cream-onion-stacked-chips",
    "brand": "Coles",
    "name": "Sour Cream & Onion Stacked Chips",
    "imageUrl": "https://shop.coles.com.au/wcsstore/Coles-CAS/images/2/0/7/2072862-th.jpg",
    "categories": ["entertaining-at-home"],
    "tags": ["snacks-for-entertaining", "chips-for-entertaining"],
    "locations": {
      "vic": {
        "price": 1.75,
        "promoText": " ",
        "packageSize": "160g",
        "packagePrice": "$1.09 per 100G"
      }
    }
  },
  {
    "id": "french-fries-potato-chips-original-7117775p",
    "brand": "French Fries",
    "name": "Original Potato Chips",
    "imageUrl": "https://shop.coles.com.au/wcsstore/Coles-CAS/images/7/1/1/7117775-th.jpg",
    "categories": ["entertaining-at-home"],
    "tags": ["snacks-for-entertaining", "chips-for-entertaining"],
    "locations": {
      "vic": {
        "price": 3.5,
        "promoText": " ",
        "packageSize": "175g",
        "packagePrice": "$2.00 per 100G"
      }
    }
  },
  {
    "id": "kettle-sweet-chilli-sour-cream-potato-chips",
    "brand": "Kettle",
    "name": "Sweet Chilli & Sour Cream Potato Chips",
    "imageUrl": "https://shop.coles.com.au/wcsstore/Coles-CAS/images/2/6/7/2670081-th.jpg",
    "categories": ["entertaining-at-home"],
    "tags": ["snacks-for-entertaining", "chips-for-entertaining"],
    "locations": {
      "vic": {
        "price": 4.65,
        "promoText": "Any 2 $7",
        "packageSize": "175g",
        "packagePrice": "$2.66 per 100G"
      }
    }
  },
  {
    "id": "mission-corn-chips-cheesy-nachos",
    "brand": "Mission",
    "name": "Cheesy Nachos Tortilla Triangles Corn Chips",
    "imageUrl": "https://shop.coles.com.au/wcsstore/Coles-CAS/images/1/2/7/1277575-th.jpg",
    "categories": ["entertaining-at-home", "international-fods"],
    "tags": ["snacks-for-entertaining", "chips-for-entertaining"],
    "locations": {
      "vic": {
        "price": 3.1,
        "promoText": "Any 2 $5.50",
        "packageSize": "230g",
        "packagePrice": "$1.35 per 100G"
      }
    }
  },
  {
    "id": "natural-chip-company-chips-honey-soy-chicken-1260335p",
    "brand": "Natural Chip Co.",
    "name": "Honey Soy Chicken Potato Chips",
    "imageUrl": "https://shop.coles.com.au/wcsstore/Coles-CAS/images/1/2/6/1260335-th.jpg",
    "categories": ["entertaining-at-home"],
    "tags": ["snacks-for-entertaining", "chips-for-entertaining"],
    "locations": {
      "vic": {
        "price": 3.5,
        "promoText": "Any 2 $5",
        "packageSize": "175g",
        "packagePrice": "$2.00 per 100G"
      }
    }
  },
  {
    "id": "natural-chip-company-chips-sea-salt-vinegar",
    "brand": "Natural Chip Co.",
    "name": "Sea Salt & Vinegar Potato Chips",
    "imageUrl": "https://shop.coles.com.au/wcsstore/Coles-CAS/images/1/2/6/1260313-th.jpg",
    "categories": ["entertaining-at-home"],
    "tags": ["snacks-for-entertaining", "chips-for-entertaining"],
    "locations": {
      "vic": {
        "price": 3.5,
        "promoText": "Any 2 $5",
        "packageSize": "175g",
        "packagePrice": "$2.00 per 100G"
      }
    }
  },
  {
    "id": "natural-chip-co-corn-chips-sour-cream-chives",
    "brand": "The Natural Chip Co.",
    "name": "Sour Cream & Chives Tortilla Strips",
    "imageUrl": "https://shop.coles.com.au/wcsstore/Coles-CAS/images/3/5/7/3574119-th.jpg",
    "categories": ["entertaining-at-home"],
    "tags": ["snacks-for-entertaining", "chips-for-entertaining"],
    "locations": {
      "vic": {
        "price": 3.5,
        "promoText": "Any 2 $6",
        "packageSize": "175g",
        "packagePrice": "$2.00 per 100G"
      }
    }
  },
  {
    "id": "pringles-original-potato-chips",
    "brand": "Pringles",
    "name": "Original Salted Stacked Potato Chips",
    "imageUrl": "https://shop.coles.com.au/wcsstore/Coles-CAS/images/2/7/8/2784047-th.jpg",
    "categories": ["entertaining-at-home"],
    "tags": ["snacks-for-entertaining", "chips-for-entertaining"],
    "locations": {
      "vic": {
        "price": 4,
        "promoText": " ",
        "packageSize": "134g",
        "packagePrice": "$2.99 per 100G"
      }
    }
  },
  {
    "id": "mission-deli-style-white-strip-corn-chips",
    "brand": "Mission",
    "name": "Deli Style White Corn Strips",
    "imageUrl": "https://shop.coles.com.au/wcsstore/Coles-CAS/images/2/9/2/2921830-th.jpg",
    "categories": ["entertaining-at-home", "international-fods"],
    "tags": ["snacks-for-entertaining", "chips-for-entertaining"],
    "locations": {
      "vic": {
        "price": 5.5,
        "promoText": " ",
        "packageSize": "500g",
        "packagePrice": "$1.10 per 100G"
      }
    }
  },
  {
    "id": "smiths-thinly-cut-chips-potato-swt-chil-crm",
    "brand": "Smith's",
    "name": "Sweet Chilli & Sour Cream Thinly Cut Potato Chips",
    "imageUrl": "https://shop.coles.com.au/wcsstore/Coles-CAS/images/2/8/4/2845957-th.jpg",
    "categories": ["entertaining-at-home"],
    "tags": ["snacks-for-entertaining", "chips-for-entertaining"],
    "locations": {
      "vic": {
        "price": 2,
        "promoText": "Was $3.55 on May 2018 ",
        "packageSize": "175g",
        "packagePrice": "$1.14 per 100G"
      }
    }
  },
  {
    "id": "coles-potato-chips-crinkle-cut-original",
    "brand": "Coles",
    "name": "Original Crinkle Cut Potato Chips",
    "imageUrl": "https://shop.coles.com.au/wcsstore/Coles-CAS/images/6/9/8/6989493-th.jpg",
    "categories": ["entertaining-at-home"],
    "tags": ["snacks-for-entertaining", "chips-for-entertaining"],
    "locations": {
      "vic": {
        "price": 1.6,
        "promoText": " ",
        "packageSize": "175g",
        "packagePrice": "$0.91 per 100G"
      }
    }
  },
  {
    "id": "coles-original-stacked-chips",
    "brand": "Coles",
    "name": "Original Flavour Stacked Chips",
    "imageUrl": "https://shop.coles.com.au/wcsstore/Coles-CAS/images/2/0/7/2072873-th.jpg",
    "categories": ["entertaining-at-home"],
    "tags": ["snacks-for-entertaining", "chips-for-entertaining"],
    "locations": {
      "vic": {
        "price": 1.75,
        "promoText": " ",
        "packageSize": "160g",
        "packagePrice": "$1.09 per 100G"
      }
    }
  },
  {
    "id": "doritos-cheese-supreme-corn-chips-3568331p",
    "brand": "Doritos",
    "name": "Cheese Supreme Corn Chips",
    "imageUrl": "https://shop.coles.com.au/wcsstore/Coles-CAS/images/3/5/6/3568331-th.jpg",
    "categories": ["entertaining-at-home"],
    "tags": ["snacks-for-entertaining", "chips-for-entertaining"],
    "locations": {
      "vic": {
        "price": 7,
        "promoText": " ",
        "packageSize": "380g",
        "packagePrice": "$1.84 per 100G"
      }
    }
  },
  {
    "id": "kettle-natural-potato-chips",
    "brand": "Kettle",
    "name": "Roasted Garlic & Parmesan Potato Chips",
    "imageUrl": "https://shop.coles.com.au/wcsstore/Coles-CAS/images/3/0/8/3082012-th.jpg",
    "categories": ["entertaining-at-home"],
    "tags": ["snacks-for-entertaining", "chips-for-entertaining"],
    "locations": {
      "vic": {
        "price": 4.65,
        "promoText": "Any 2 $7",
        "packageSize": "175g",
        "packagePrice": "$2.66 per 100G"
      }
    }
  },
  {
    "id": "natural-chip-company-chips-sea-salt-cracked-pepper",
    "brand": "Natural Chip Co.",
    "name": "Sea Salt & Cracked Pepper Potato Chips",
    "imageUrl": "https://shop.coles.com.au/wcsstore/Coles-CAS/images/1/2/6/1260346-th.jpg",
    "categories": ["entertaining-at-home"],
    "tags": ["snacks-for-entertaining", "chips-for-entertaining"],
    "locations": {
      "vic": {
        "price": 3.5,
        "promoText": "Any 2 $5",
        "packageSize": "175g",
        "packagePrice": "$2.00 per 100G"
      }
    }
  },
  {
    "id": "pringles-sour-cream-onion-potato-chips",
    "brand": "Pringles",
    "name": "Sour Cream & Onion Potato Chips",
    "imageUrl": "https://shop.coles.com.au/wcsstore/Coles-CAS/images/2/7/8/2784058-th.jpg",
    "categories": ["entertaining-at-home"],
    "tags": ["snacks-for-entertaining", "chips-for-entertaining"],
    "locations": {
      "vic": {
        "price": 4,
        "promoText": " ",
        "packageSize": "134g",
        "packagePrice": "$2.99 per 100G"
      }
    }
  },
  {
    "id": "pringles-potato-chips-sour-cream-onion-2784138p",
    "brand": "Pringles",
    "name": "Sour Cream & Onion Stacked Potato Chips",
    "imageUrl": "https://shop.coles.com.au/wcsstore/Coles-CAS/images/2/7/8/2784138-th.jpg",
    "categories": ["entertaining-at-home"],
    "tags": ["snacks-for-entertaining", "chips-for-entertaining"],
    "locations": {
      "vic": {
        "price": 1.9,
        "promoText": " ",
        "packageSize": "53g",
        "packagePrice": "$3.58 per 100G"
      }
    }
  },
  {
    "id": "smiths-crinkle-chips-salt-vinegar",
    "brand": "Smith's",
    "name": "Salt & Vinegar Flavour Potato Chips",
    "imageUrl": "https://shop.coles.com.au/wcsstore/Coles-CAS/images/3/5/6/3568353-th.jpg",
    "categories": ["entertaining-at-home"],
    "tags": ["snacks-for-entertaining", "chips-for-entertaining"],
    "locations": {
      "vic": {
        "price": 7,
        "promoText": " ",
        "packageSize": "380g",
        "packagePrice": "$1.84 per 100G"
      }
    }
  },
  {
    "id": "calbee-harvest-snaps-baked-pea-crisp-salt-vngr",
    "brand": "Calbee Harvest Snaps",
    "name": "Baked Pea Crisp Salt & Vinegar",
    "imageUrl": "https://shop.coles.com.au/wcsstore/Coles-CAS/images/3/1/6/3169868-th.jpg",
    "categories": ["entertaining-at-home"],
    "tags": ["snacks-for-entertaining", "chips-for-entertaining"],
    "locations": {
      "vic": {
        "price": 3,
        "promoText": " ",
        "packageSize": "93g",
        "packagePrice": "$3.23 per 100G"
      }
    }
  },
  {
    "id": "coles-corn-chips-cheese-supreme",
    "brand": "Coles",
    "name": "Cheese Supreme Corn Chips",
    "imageUrl": "https://shop.coles.com.au/wcsstore/Coles-CAS/images/6/9/9/6992556-th.jpg",
    "categories": ["entertaining-at-home"],
    "tags": ["snacks-for-entertaining", "chips-for-entertaining"],
    "locations": {
      "vic": {
        "price": 1.9,
        "promoText": " ",
        "packageSize": "200g",
        "packagePrice": "$0.95 per 100G"
      }
    }
  },
  {
    "id": "coles-brand-potato-chips-crinkle-cut--salt-vinegar",
    "brand": "Coles",
    "name": "Salt & Vinegar Crinkle Cut Potato Chips",
    "imageUrl": "https://shop.coles.com.au/wcsstore/Coles-CAS/images/6/9/8/6989529-th.jpg",
    "categories": ["entertaining-at-home"],
    "tags": ["snacks-for-entertaining", "chips-for-entertaining"],
    "locations": {
      "vic": {
        "price": 1.6,
        "promoText": " ",
        "packageSize": "175g",
        "packagePrice": "$0.91 per 100G"
      }
    }
  },
  {
    "id": "majans-infusions-prawn-crackers",
    "brand": "Majans",
    "name": "Infuzions Prawn Crackers BBQ Ribs",
    "imageUrl": "https://shop.coles.com.au/wcsstore/Coles-CAS/images/3/0/8/3084583-th.jpg",
    "categories": ["entertaining-at-home"],
    "tags": ["snacks-for-entertaining", "chips-for-entertaining"],
    "locations": {
      "vic": {
        "price": 2,
        "promoText": "$1.50 ",
        "packageSize": "110g",
        "packagePrice": "$1.82 per 100G"
      }
    }
  },
  {
    "id": "pringles-potato-chips-original-2784127p",
    "brand": "Pringles",
    "name": "Original Salted Stacked Potato Chips",
    "imageUrl": "https://shop.coles.com.au/wcsstore/Coles-CAS/images/2/7/8/2784127-th.jpg",
    "categories": ["entertaining-at-home"],
    "tags": ["snacks-for-entertaining", "chips-for-entertaining"],
    "locations": {
      "vic": {
        "price": 1.9,
        "promoText": " ",
        "packageSize": "53g",
        "packagePrice": "$3.58 per 100G"
      }
    }
  },
  {
    "id": "red-rock-deli-honey-soy-chicken-party-bag",
    "brand": "Red Rock Deli",
    "name": "Honey Soy Chicken Party Bag Potato Chips",
    "imageUrl": "https://shop.coles.com.au/wcsstore/Coles-CAS/images/3/1/6/3168639-th.jpg",
    "categories": ["entertaining-at-home"],
    "tags": ["snacks-for-entertaining", "chips-for-entertaining"],
    "locations": {
      "vic": {
        "price": 7,
        "promoText": " ",
        "packageSize": "290g",
        "packagePrice": "$2.41 per 100G"
      }
    }
  },
  {
    "id": "smiths-thinly-cut-potato-chips-roast-chicken",
    "brand": "Smith's",
    "name": "Sticky BBQ Ribs Thinly Cut Potato Chips",
    "imageUrl": "https://shop.coles.com.au/wcsstore/Coles-CAS/images/3/3/3/3333644-th.jpg",
    "categories": ["entertaining-at-home"],
    "tags": ["snacks-for-entertaining", "chips-for-entertaining"],
    "locations": {
      "vic": {
        "price": 2,
        "promoText": " ",
        "packageSize": "175g",
        "packagePrice": "$1.14 per 100G"
      }
    }
  },
  {
    "id": "vege-chips-natural",
    "brand": "Vege",
    "name": "Original Natural Chips",
    "imageUrl": "https://shop.coles.com.au/wcsstore/Coles-CAS/images/5/3/7/5376218-th.jpg",
    "categories": ["entertaining-at-home", "healthy-living"],
    "tags": ["snacks-for-entertaining", "chips-for-entertaining"],
    "locations": {
      "vic": {
        "price": 3.8,
        "promoText": " ",
        "packageSize": "100g",
        "packagePrice": "$3.80 per 100G"
      }
    }
  },
  {
    "id": "vege-deli-lentils-crips",
    "brand": "Vege",
    "name": "Deli Crisps Lentil Lightly Salted Chips",
    "imageUrl": "https://shop.coles.com.au/wcsstore/Coles-CAS/images/2/4/9/2492198-th.jpg",
    "categories": ["entertaining-at-home", "healthy-living"],
    "tags": ["snacks-for-entertaining", "chips-for-entertaining"],
    "locations": {
      "vic": {
        "price": 5.5,
        "promoText": " ",
        "packageSize": "100g",
        "packagePrice": "$5.50 per 100G"
      }
    }
  },
  {
    "id": "vege-deli-crips-original-blend",
    "brand": "Vege",
    "name": "Deli Crisps Original Blend Chips",
    "imageUrl": "https://shop.coles.com.au/wcsstore/Coles-CAS/images/2/8/9/2898261-th.jpg",
    "categories": ["entertaining-at-home", "healthy-living"],
    "tags": ["snacks-for-entertaining", "chips-for-entertaining"],
    "locations": {
      "vic": {
        "price": 5.5,
        "promoText": " ",
        "packageSize": "100g",
        "packagePrice": "$5.50 per 100G"
      }
    }
  },
  {
    "id": "vege-deli-crips-purple-sweet-potato",
    "brand": "Vege",
    "name": "Deli Crisps Purple Sweet Potato Chips",
    "imageUrl": "https://shop.coles.com.au/wcsstore/Coles-CAS/images/2/8/9/2898283-th.jpg",
    "categories": ["entertaining-at-home", "healthy-living"],
    "tags": ["snacks-for-entertaining", "chips-for-entertaining"],
    "locations": {
      "vic": {
        "price": 5.5,
        "promoText": " ",
        "packageSize": "100g",
        "packagePrice": "$5.50 per 100G"
      }
    }
  },
  {
    "id": "coles-deli-style-honey-soy-chicken-potato-chips",
    "brand": "Coles",
    "name": "Deli Style Honey Soy Chicken Potato Chips",
    "imageUrl": "https://shop.coles.com.au/wcsstore/Coles-CAS/images/2/2/6/2267180-th.jpg",
    "categories": ["entertaining-at-home"],
    "tags": ["snacks-for-entertaining", "chips-for-entertaining"],
    "locations": {
      "vic": {
        "price": 2.5,
        "promoText": " ",
        "packageSize": "200g",
        "packagePrice": "$1.25 per 100G"
      }
    }
  },
  {
    "id": "pringles-barbeque-potato-chips",
    "brand": "Pringles",
    "name": "BBQ Stacked Potato Chips",
    "imageUrl": "https://shop.coles.com.au/wcsstore/Coles-CAS/images/2/7/8/2784070-th.jpg",
    "categories": ["entertaining-at-home"],
    "tags": ["snacks-for-entertaining", "chips-for-entertaining"],
    "locations": {
      "vic": {
        "price": 4,
        "promoText": " ",
        "packageSize": "134g",
        "packagePrice": "$2.99 per 100G"
      }
    }
  },
  {
    "id": "pringles-salt-vinegar-potato-chips",
    "brand": "Pringles",
    "name": "Salt & Vinegar Flavour Stacked Potato Chips",
    "imageUrl": "https://shop.coles.com.au/wcsstore/Coles-CAS/images/2/7/8/2784069-th.jpg",
    "categories": ["entertaining-at-home"],
    "tags": ["snacks-for-entertaining", "chips-for-entertaining"],
    "locations": {
      "vic": {
        "price": 4,
        "promoText": " ",
        "packageSize": "134g",
        "packagePrice": "$2.99 per 100G"
      }
    }
  },
  {
    "id": "coles-brand-potato-chips-crinkle-cut-chicken",
    "brand": "Coles",
    "name": "Chicken Crinkle Cut Chips",
    "imageUrl": "https://shop.coles.com.au/wcsstore/Coles-CAS/images/6/9/8/6989438-th.jpg",
    "categories": ["entertaining-at-home"],
    "tags": ["snacks-for-entertaining", "chips-for-entertaining"],
    "locations": {
      "vic": {
        "price": 1.6,
        "promoText": " ",
        "packageSize": "175g",
        "packagePrice": "$0.91 per 100G"
      }
    }
  },
  {
    "id": "majans-infusions-3084608p",
    "brand": "Infuzions",
    "name": "Veggie Straws Sour Cream & Herb Flavour",
    "imageUrl": "https://shop.coles.com.au/wcsstore/Coles-CAS/images/3/0/8/3084608-th.jpg",
    "categories": ["entertaining-at-home"],
    "tags": ["snacks-for-entertaining", "chips-for-entertaining"],
    "locations": {
      "vic": {
        "price": 2,
        "promoText": "$1.50 ",
        "packageSize": "110g",
        "packagePrice": "$1.82 per 100G"
      }
    }
  },
  {
    "id": "natural-chip-co-cheddar-caramelised-onion",
    "brand": "Natural Chip Co.",
    "name": "Chilli Lime Potato Chips",
    "imageUrl": "https://shop.coles.com.au/wcsstore/Coles-CAS/images/3/1/6/3168504-th.jpg",
    "categories": ["entertaining-at-home"],
    "tags": ["snacks-for-entertaining", "chips-for-entertaining"],
    "locations": {
      "vic": {
        "price": 3.5,
        "promoText": "Any 2 $5",
        "packageSize": "175g",
        "packagePrice": "$2.00 per 100G"
      }
    }
  },
  {
    "id": "smiths-potato-chips-thin-sliced-sour-cream-onion",
    "brand": "Smith's",
    "name": "Sour Cream & Onion Thinly Cut Potato Chips",
    "imageUrl": "https://shop.coles.com.au/wcsstore/Coles-CAS/images/5/7/0/5706276-th.jpg",
    "categories": ["entertaining-at-home"],
    "tags": ["snacks-for-entertaining", "chips-for-entertaining"],
    "locations": {
      "vic": {
        "price": 2,
        "promoText": "Was $3.30 on May 2018 ",
        "packageSize": "175g",
        "packagePrice": "$1.14 per 100G"
      }
    }
  },
  {
    "id": "vege-chips-bbq",
    "brand": "Vege",
    "name": "Original BBQ Chips",
    "imageUrl": "https://shop.coles.com.au/wcsstore/Coles-CAS/images/5/3/7/5376229-th.jpg",
    "categories": ["entertaining-at-home", "healthy-living"],
    "tags": ["snacks-for-entertaining", "chips-for-entertaining"],
    "locations": {
      "vic": {
        "price": 3.8,
        "promoText": " ",
        "packageSize": "100g",
        "packagePrice": "$3.80 per 100G"
      }
    }
  },
  {
    "id": "calbee-harvest-snaps-baked-pea-crisps-chilli",
    "brand": "Calbee Harvest Snaps",
    "name": "Baked Pea Crisps Chilli",
    "imageUrl": "https://shop.coles.com.au/wcsstore/Coles-CAS/images/3/1/6/3169857-th.jpg",
    "categories": ["entertaining-at-home"],
    "tags": ["snacks-for-entertaining", "chips-for-entertaining"],
    "locations": {
      "vic": {
        "price": 3,
        "promoText": " ",
        "packageSize": "93g",
        "packagePrice": "$3.23 per 100G"
      }
    }
  },
  {
    "id": "harvest-snaps-black-bean-sour-cream-chives",
    "brand": "Calbee Harvest Snaps",
    "name": "Sour Cream & Chives Black Bean Baked Crisps",
    "imageUrl": "https://shop.coles.com.au/wcsstore/Coles-CAS/images/3/4/3/3434120-th.jpg",
    "categories": ["entertaining-at-home"],
    "tags": ["snacks-for-entertaining", "chips-for-entertaining"],
    "locations": {
      "vic": {
        "price": 3,
        "promoText": " ",
        "packageSize": "85g",
        "packagePrice": "$3.53 per 100G"
      }
    }
  },
  {
    "id": "coles-deli-style-sea-salt-potato-chips",
    "brand": "Coles",
    "name": "Deli Style Natural Sea Salt Potato Chips",
    "imageUrl": "https://shop.coles.com.au/wcsstore/Coles-CAS/images/2/2/6/2267191-th.jpg",
    "categories": ["entertaining-at-home"],
    "tags": ["snacks-for-entertaining", "chips-for-entertaining"],
    "locations": {
      "vic": {
        "price": 2.5,
        "promoText": " ",
        "packageSize": "200g",
        "packagePrice": "$1.25 per 100G"
      }
    }
  },
  {
    "id": "pringles-southern-fried-chicken-flavour-potato-chips",
    "brand": "Pringles",
    "name": "Chicken Schnitty Flavour Potato Chips",
    "imageUrl": "https://shop.coles.com.au/wcsstore/Coles-CAS/images/2/7/8/2784080-th.jpg",
    "categories": ["entertaining-at-home"],
    "tags": ["snacks-for-entertaining", "chips-for-entertaining"],
    "locations": {
      "vic": {
        "price": 4,
        "promoText": " ",
        "packageSize": "134g",
        "packagePrice": "$2.99 per 100G"
      }
    }
  },
  {
    "id": "red-rock-deli-tortilla-chips-parmesan-onion",
    "brand": "Red Rock Deli",
    "name": "Parmesan & Caramelised Onion Tortilla Chips",
    "imageUrl": "https://shop.coles.com.au/wcsstore/Coles-CAS/images/3/3/1/3312950-th.jpg",
    "categories": ["entertaining-at-home"],
    "tags": ["snacks-for-entertaining", "chips-for-entertaining"],
    "locations": {
      "vic": {
        "price": 3,
        "promoText": "$1.65 ",
        "packageSize": "165g",
        "packagePrice": "$1.82 per 100G"
      }
    }
  },
  {
    "id": "kettle-popcorn-butter-salt-maple",
    "brand": "Kettle",
    "name": "Brown Butter & Salted Maple Popcorn",
    "imageUrl": "https://shop.coles.com.au/wcsstore/Coles-CAS/images/3/4/6/3466626-th.jpg",
    "categories": ["entertaining-at-home"],
    "tags": ["snacks-for-entertaining", "chips-for-entertaining"],
    "locations": {
      "vic": {
        "price": 0,
        "promoText": " ",
        "packageSize": "100g",
        "packagePrice": ""
      }
    }
  },
  {
    "id": "oreo-original-vanilla-cr%C3%A8me-biscuits-2710437p",
    "brand": "Oreo",
    "name": "Original Crme Biscuits",
    "imageUrl": "https://shop.coles.com.au/wcsstore/Coles-CAS/images/2/7/1/2710437-th.jpg",
    "categories": ["entertaining-at-home"],
    "tags": ["snacks-for-entertaining", "biscuit-cokies"],
    "locations": {
      "vic": {
        "price": 1.5,
        "promoText": "$0.50 ",
        "packageSize": "133g",
        "packagePrice": "$1.13 per 100G"
      }
    }
  },
  {
    "id": "coles-cookies-ultimate-40%25-chocolate-chip",
    "brand": "Coles",
    "name": "Ultimate 40% Chocolate Chip Cookies",
    "imageUrl": "https://shop.coles.com.au/wcsstore/Coles-CAS/images/4/9/5/4953000-th.jpg",
    "categories": ["entertaining-at-home"],
    "tags": ["snacks-for-entertaining", "biscuit-cokies"],
    "locations": {
      "vic": {
        "price": 3.5,
        "promoText": " ",
        "packageSize": "400g",
        "packagePrice": "$0.88 per 100G"
      }
    }
  },
  {
    "id": "kraft-mini-original-oreo-cookies",
    "brand": "Oreo",
    "name": "Original Mini Biscuit Multipack",
    "imageUrl": "https://shop.coles.com.au/wcsstore/Coles-CAS/images/1/8/4/1843854-th.jpg",
    "categories": ["entertaining-at-home"],
    "tags": ["snacks-for-entertaining", "biscuit-cokies"],
    "locations": {
      "vic": {
        "price": 3.95,
        "promoText": " ",
        "packageSize": "230g",
        "packagePrice": "$1.72 per 100G"
      }
    }
  },
  {
    "id": "cadbury-chocolate-fingers-milk-biscuits",
    "brand": "Cadbury",
    "name": "Chocolate Fingers Milk Biscuits",
    "imageUrl": "https://shop.coles.com.au/wcsstore/Coles-CAS/images/3/0/2/3029905-th.jpg",
    "categories": ["entertaining-at-home"],
    "tags": ["snacks-for-entertaining", "biscuit-cokies"],
    "locations": {
      "vic": {
        "price": 3,
        "promoText": "Any 2 $4",
        "packageSize": "114g",
        "packagePrice": "$2.63 per 100G"
      }
    }
  },
  {
    "id": "belvita-chocolate-breakfast-biscuit",
    "brand": "Belvita",
    "name": "Chocolate Breakfast Biscuit6 Pack",
    "imageUrl": "https://shop.coles.com.au/wcsstore/Coles-CAS/images/1/8/4/1843763-th.jpg",
    "categories": ["entertaining-at-home"],
    "tags": ["snacks-for-entertaining", "biscuit-cokies"],
    "locations": {
      "vic": {
        "price": 4,
        "promoText": " ",
        "packageSize": "300g",
        "packagePrice": "$1.33 per 100G"
      }
    }
  },
  {
    "id": "belvita-biscuits-breakfast-milk-cereals-6-pack",
    "brand": "Belvita",
    "name": "Milk and Cereals Breakfast Biscuits 6 Pack",
    "imageUrl": "https://shop.coles.com.au/wcsstore/Coles-CAS/images/9/1/0/9109880-th.jpg",
    "categories": ["entertaining-at-home"],
    "tags": ["snacks-for-entertaining", "biscuit-cokies"],
    "locations": {
      "vic": {
        "price": 4,
        "promoText": " ",
        "packageSize": "300g",
        "packagePrice": "$1.33 per 100G"
      }
    }
  },
  {
    "id": "mcvities-biscuits-digestive-milk-chocolate",
    "brand": "McVitie's",
    "name": "Digestives Milk Chocolate Wheat Biscuits",
    "imageUrl": "https://shop.coles.com.au/wcsstore/Coles-CAS/images/6/1/0/6109035-th.jpg",
    "categories": ["entertaining-at-home"],
    "tags": ["snacks-for-entertaining", "biscuit-cokies"],
    "locations": {
      "vic": {
        "price": 1.97,
        "promoText": "$1.98 ",
        "packageSize": "300g",
        "packagePrice": "$0.66 per 100G"
      }
    }
  },
  {
    "id": "arnotts-chocolate-biscuits-tim-tams-double-coat-chocolate",
    "brand": "Arnott's",
    "name": "Double Coat Chocolate Tim Tam",
    "imageUrl": "https://shop.coles.com.au/wcsstore/Coles-CAS/images/7/0/2/7029292-th.jpg",
    "categories": ["entertaining-at-home"],
    "tags": ["snacks-for-entertaining", "biscuit-cokies"],
    "locations": {
      "vic": {
        "price": 1.82,
        "promoText": "$1.83 ",
        "packageSize": "200g",
        "packagePrice": "$0.91 per 100G"
      }
    }
  },
  {
    "id": "mcvities-biscuits-digestive-original",
    "brand": "McVitie's",
    "name": "Original Digestive Biscuits",
    "imageUrl": "https://shop.coles.com.au/wcsstore/Coles-CAS/images/6/1/0/6108010-th.jpg",
    "categories": ["entertaining-at-home"],
    "tags": ["snacks-for-entertaining", "biscuit-cokies"],
    "locations": {
      "vic": {
        "price": 1.97,
        "promoText": "$1.98 ",
        "packageSize": "400g",
        "packagePrice": "$0.49 per 100G"
      }
    }
  },
  {
    "id": "arnotts-tim-tams-messina-biscuits-choc-mint",
    "brand": "Arnott's",
    "name": "Tim Tam Chocolate Mint Biscuits",
    "imageUrl": "https://shop.coles.com.au/wcsstore/Coles-CAS/images/2/8/6/2869977-th.jpg",
    "categories": ["entertaining-at-home"],
    "tags": ["snacks-for-entertaining", "biscuit-cokies"],
    "locations": {
      "vic": {
        "price": 1.82,
        "promoText": "$1.83 ",
        "packageSize": "160g",
        "packagePrice": "$1.14 per 100G"
      }
    }
  },
  {
    "id": "arnotts-chocolate-biscuits-tim-tams-chewy-caramel",
    "brand": "Arnott's",
    "name": "Chewy Caramel Tim Tam",
    "imageUrl": "https://shop.coles.com.au/wcsstore/Coles-CAS/images/8/6/5/8655375-th.jpg",
    "categories": ["entertaining-at-home"],
    "tags": ["snacks-for-entertaining", "biscuit-cokies"],
    "locations": {
      "vic": {
        "price": 1.82,
        "promoText": "$1.83 ",
        "packageSize": "175g",
        "packagePrice": "$1.04 per 100G"
      }
    }
  },
  {
    "id": "arnotts-chocolate-biscuits-tim-tams-classic-dark-chocolate",
    "brand": "Arnott's",
    "name": "Classic Dark Chocolate Tim Tam",
    "imageUrl": "https://shop.coles.com.au/wcsstore/Coles-CAS/images/6/0/2/6025536-th.jpg",
    "categories": ["entertaining-at-home"],
    "tags": ["snacks-for-entertaining", "biscuit-cokies"],
    "locations": {
      "vic": {
        "price": 1.82,
        "promoText": "$1.83 ",
        "packageSize": "200g",
        "packagePrice": "$0.91 per 100G"
      }
    }
  },
  {
    "id": "mcvities-biscuits-digestive-dark-chocolate",
    "brand": "McVitie's",
    "name": "Dark Chocolate Digestive Biscuits",
    "imageUrl": "https://shop.coles.com.au/wcsstore/Coles-CAS/images/6/1/0/6109057-th.jpg",
    "categories": ["entertaining-at-home"],
    "tags": ["snacks-for-entertaining", "biscuit-cokies"],
    "locations": {
      "vic": {
        "price": 1.97,
        "promoText": "$1.98 ",
        "packageSize": "300g",
        "packagePrice": "$0.66 per 100G"
      }
    }
  },
  {
    "id": "arnotts-biscuits-assorted-creams",
    "brand": "Arnott's",
    "name": "Assorted Creams Biscuits",
    "imageUrl": "https://shop.coles.com.au/wcsstore/Coles-CAS/images/3/2/8/328874-th.jpg",
    "categories": ["entertaining-at-home"],
    "tags": ["snacks-for-entertaining", "biscuit-cokies"],
    "locations": {
      "vic": {
        "price": 4,
        "promoText": "$1.50 ",
        "packageSize": "500g",
        "packagePrice": "$0.80 per 100G"
      }
    }
  },
  {
    "id": "arnotts-biscuits-scotch-finger-chocolate-coated",
    "brand": "Arnott's",
    "name": "Chocolate Coated Scotch Finger Biscuits",
    "imageUrl": "https://shop.coles.com.au/wcsstore/Coles-CAS/images/5/5/1/5514923-th.jpg",
    "categories": ["entertaining-at-home"],
    "tags": ["snacks-for-entertaining", "biscuit-cokies"],
    "locations": {
      "vic": {
        "price": 3.65,
        "promoText": "Any 2 $5",
        "packageSize": "250g",
        "packagePrice": "$1.46 per 100G"
      }
    }
  },
  {
    "id": "arnotts-biscuits-teddy-bear-chocolate-coated",
    "brand": "Arnott's",
    "name": "Chocolate Coated Teddy Bear Biscuits",
    "imageUrl": "https://shop.coles.com.au/wcsstore/Coles-CAS/images/3/2/9/329582-th.jpg",
    "categories": ["entertaining-at-home"],
    "tags": ["snacks-for-entertaining", "biscuit-cokies"],
    "locations": {
      "vic": {
        "price": 3.65,
        "promoText": "Any 2 $5",
        "packageSize": "200g",
        "packagePrice": "$1.83 per 100G"
      }
    }
  },
  {
    "id": "arnotts-chocolate-biscuits-mint-slice",
    "brand": "Arnott's",
    "name": "Mint Slice Chocolate Biscuits",
    "imageUrl": "https://shop.coles.com.au/wcsstore/Coles-CAS/images/3/2/9/329571-th.jpg",
    "categories": ["entertaining-at-home"],
    "tags": ["snacks-for-entertaining", "biscuit-cokies"],
    "locations": {
      "vic": {
        "price": 3.65,
        "promoText": "Any 2 $5",
        "packageSize": "200g",
        "packagePrice": "$1.83 per 100G"
      }
    }
  },
  {
    "id": "arnotts-biscuits-scotch-finger",
    "brand": "Arnott's",
    "name": "Scotch Finger Biscuits",
    "imageUrl": "https://shop.coles.com.au/wcsstore/Coles-CAS/images/3/2/9/329174-th.jpg",
    "categories": ["entertaining-at-home"],
    "tags": ["snacks-for-entertaining", "biscuit-cokies"],
    "locations": {
      "vic": {
        "price": 3,
        "promoText": "Any 2 $4",
        "packageSize": "250g",
        "packagePrice": "$1.20 per 100G"
      }
    }
  },
  {
    "id": "arnotts-chocolate-biscuits-tim-tams-original-value-pack",
    "brand": "Arnott's",
    "name": "Original Chocolate Tim Tam Value Pack",
    "imageUrl": "https://shop.coles.com.au/wcsstore/Coles-CAS/images/1/2/1/1213404-th.jpg",
    "categories": ["entertaining-at-home"],
    "tags": ["snacks-for-entertaining", "biscuit-cokies"],
    "locations": {
      "vic": {
        "price": 3.6,
        "promoText": "Was $4.50 on Oct 2017 ",
        "packageSize": "330g",
        "packagePrice": "$1.09 per 100G"
      }
    }
  },
  {
    "id": "arnotts-chocolate-biscuits-tim-tam-white",
    "brand": "Arnott's",
    "name": "Tim Tam White Chocolate Biscuits",
    "imageUrl": "https://shop.coles.com.au/wcsstore/Coles-CAS/images/7/2/4/7243805-th.jpg",
    "categories": ["entertaining-at-home"],
    "tags": ["snacks-for-entertaining", "biscuit-cokies"],
    "locations": {
      "vic": {
        "price": 1.82,
        "promoText": "$1.83 ",
        "packageSize": "165g",
        "packagePrice": "$1.10 per 100G"
      }
    }
  },
  {
    "id": "arnotts-chocolate-biscuits-caramel-crowns",
    "brand": "Arnott's",
    "name": "Caramel Crowns Chocolate Biscuits",
    "imageUrl": "https://shop.coles.com.au/wcsstore/Coles-CAS/images/2/5/0/25078-th.jpg",
    "categories": ["entertaining-at-home"],
    "tags": ["snacks-for-entertaining", "biscuit-cokies"],
    "locations": {
      "vic": {
        "price": 3.65,
        "promoText": "Any 2 $5",
        "packageSize": "200g",
        "packagePrice": "$1.83 per 100G"
      }
    }
  },
  {
    "id": "coles-biscuits-scotch-fingers",
    "brand": "Coles",
    "name": "Scotch Finger Biscuits",
    "imageUrl": "https://shop.coles.com.au/wcsstore/Coles-CAS/images/1/4/0/1404071-th.jpg",
    "categories": ["entertaining-at-home"],
    "tags": ["snacks-for-entertaining", "biscuit-cokies"],
    "locations": {
      "vic": {
        "price": 0.9,
        "promoText": " ",
        "packageSize": "250g",
        "packagePrice": "$0.36 per 100G"
      }
    }
  },
  {
    "id": "arnotts-biscuits-teevee-snacks-original-chocolate",
    "brand": "Arnott's",
    "name": "Original Chocolate TeeVee Snacks",
    "imageUrl": "https://shop.coles.com.au/wcsstore/Coles-CAS/images/9/5/0/9503532-th.jpg",
    "categories": ["entertaining-at-home"],
    "tags": ["snacks-for-entertaining", "biscuit-cokies"],
    "locations": {
      "vic": {
        "price": 3.65,
        "promoText": "Any 2 $5",
        "packageSize": "175g",
        "packagePrice": "$2.09 per 100G"
      }
    }
  },
  {
    "id": "arnotts-biscuits-marie",
    "brand": "Arnott's",
    "name": "Marie Biscuits",
    "imageUrl": "https://shop.coles.com.au/wcsstore/Coles-CAS/images/3/2/9/329006-th.jpg",
    "categories": ["entertaining-at-home"],
    "tags": ["snacks-for-entertaining", "biscuit-cokies"],
    "locations": {
      "vic": {
        "price": 2.3,
        "promoText": " ",
        "packageSize": "250g",
        "packagePrice": "$0.92 per 100G"
      }
    }
  },
  {
    "id": "arnotts-biscuits-monte-carlo",
    "brand": "Arnott's",
    "name": "Monte Carlo Biscuits",
    "imageUrl": "https://shop.coles.com.au/wcsstore/Coles-CAS/images/3/2/9/329072-th.jpg",
    "categories": ["entertaining-at-home"],
    "tags": ["snacks-for-entertaining", "biscuit-cokies"],
    "locations": {
      "vic": {
        "price": 3,
        "promoText": " ",
        "packageSize": "250g",
        "packagePrice": "$1.20 per 100G"
      }
    }
  },
  {
    "id": "arnotts-biscuits-teevee-snacks-malt-sticks-chocolate",
    "brand": "Arnott's",
    "name": "Chocolate Malt Sticks TeeVee Snacks",
    "imageUrl": "https://shop.coles.com.au/wcsstore/Coles-CAS/images/9/5/0/9503543-th.jpg",
    "categories": ["entertaining-at-home"],
    "tags": ["snacks-for-entertaining", "biscuit-cokies"],
    "locations": {
      "vic": {
        "price": 3.65,
        "promoText": "Any 2 $5",
        "packageSize": "175g",
        "packagePrice": "$2.09 per 100G"
      }
    }
  },
  {
    "id": "arnotts-chocolate-biscuits-royals-milk-chocolate",
    "brand": "Arnott's",
    "name": "Milk Chocolate Royals",
    "imageUrl": "https://shop.coles.com.au/wcsstore/Coles-CAS/images/3/5/8/358718-th.jpg",
    "categories": ["entertaining-at-home"],
    "tags": ["snacks-for-entertaining", "biscuit-cokies"],
    "locations": {
      "vic": {
        "price": 3.65,
        "promoText": "Any 2 $5",
        "packageSize": "200g",
        "packagePrice": "$1.83 per 100G"
      }
    }
  },
  {
    "id": "arnotts-chocolate-biscuits-mint-slice-value-pack",
    "brand": "Arnott's",
    "name": "Mint Slice Chocolate Biscuits Value Pack",
    "imageUrl": "https://shop.coles.com.au/wcsstore/Coles-CAS/images/1/2/1/1213415-th.jpg",
    "categories": ["entertaining-at-home"],
    "tags": ["snacks-for-entertaining", "biscuit-cokies"],
    "locations": {
      "vic": {
        "price": 3.6,
        "promoText": "Was $4.50 on Oct 2017 ",
        "packageSize": "337g",
        "packagePrice": "$1.07 per 100G"
      }
    }
  },
  {
    "id": "arnotts-biscuits-arrowroot-milk",
    "brand": "Arnott's",
    "name": "Arrowroot Milk Biscuits",
    "imageUrl": "https://shop.coles.com.au/wcsstore/Coles-CAS/images/3/2/9/329028-th.jpg",
    "categories": ["entertaining-at-home"],
    "tags": ["snacks-for-entertaining", "biscuit-cokies"],
    "locations": {
      "vic": {
        "price": 2.3,
        "promoText": " ",
        "packageSize": "250g",
        "packagePrice": "$0.92 per 100G"
      }
    }
  },
  {
    "id": "arnotts-biscuits-family-assorted",
    "brand": "Arnott's",
    "name": "Family Assorted Biscuits",
    "imageUrl": "https://shop.coles.com.au/wcsstore/Coles-CAS/images/3/2/8/328910-th.jpg",
    "categories": ["entertaining-at-home"],
    "tags": ["snacks-for-entertaining", "biscuit-cokies"],
    "locations": {
      "vic": {
        "price": 4,
        "promoText": "Was $4.70 on Jan 2020 ",
        "packageSize": "500g",
        "packagePrice": "$0.80 per 100G"
      }
    }
  },
  {
    "id": "arnotts-biscuits-kingston",
    "brand": "Arnott's",
    "name": "Kingston Biscuits",
    "imageUrl": "https://shop.coles.com.au/wcsstore/Coles-CAS/images/3/2/9/329560-th.jpg",
    "categories": ["entertaining-at-home"],
    "tags": ["snacks-for-entertaining", "biscuit-cokies"],
    "locations": {
      "vic": {
        "price": 3,
        "promoText": " ",
        "packageSize": "200g",
        "packagePrice": "$1.50 per 100G"
      }
    }
  },
  {
    "id": "arnotts-biscuits-tiny-teddy-half-coated-chocolate",
    "brand": "Arnott's",
    "name": "Half Coated Chocolate Tiny Teddy Biscuits",
    "imageUrl": "https://shop.coles.com.au/wcsstore/Coles-CAS/images/6/0/2/6027746-th.jpg",
    "categories": ["entertaining-at-home"],
    "tags": ["snacks-for-entertaining", "biscuit-cokies"],
    "locations": {
      "vic": {
        "price": 3,
        "promoText": "Any 2 $4",
        "packageSize": "200g",
        "packagePrice": "$1.50 per 100G"
      }
    }
  },
  {
    "id": "arnotts-biscuits-teddy-bear",
    "brand": "Arnott's",
    "name": "Teddy Bear Biscuits",
    "imageUrl": "https://shop.coles.com.au/wcsstore/Coles-CAS/images/3/2/9/329243-th.jpg",
    "categories": ["entertaining-at-home"],
    "tags": ["snacks-for-entertaining", "biscuit-cokies"],
    "locations": {
      "vic": {
        "price": 3,
        "promoText": "Any 2 $4",
        "packageSize": "250g",
        "packagePrice": "$1.20 per 100G"
      }
    }
  },
  {
    "id": "arnotts-biscuits-venetian",
    "brand": "Arnott's",
    "name": "Venetian Biscuits",
    "imageUrl": "https://shop.coles.com.au/wcsstore/Coles-CAS/images/3/2/9/329403-th.jpg",
    "categories": ["entertaining-at-home"],
    "tags": ["snacks-for-entertaining", "biscuit-cokies"],
    "locations": {
      "vic": {
        "price": 3,
        "promoText": "Any 2 $4",
        "packageSize": "200g",
        "packagePrice": "$1.50 per 100G"
      }
    }
  },
  {
    "id": "arnotts-chocolate-biscuits-monte",
    "brand": "Arnott's",
    "name": "Monte Chocolate Biscuits",
    "imageUrl": "https://shop.coles.com.au/wcsstore/Coles-CAS/images/2/3/5/235060-th.jpg",
    "categories": ["entertaining-at-home"],
    "tags": ["snacks-for-entertaining", "biscuit-cokies"],
    "locations": {
      "vic": {
        "price": 3.65,
        "promoText": "Any 2 $5",
        "packageSize": "200g",
        "packagePrice": "$1.83 per 100G"
      }
    }
  },
  {
    "id": "arnotts-biscuits-chocolate-ripple",
    "brand": "Arnott's",
    "name": "Chocolate Ripple Biscuits",
    "imageUrl": "https://shop.coles.com.au/wcsstore/Coles-CAS/images/3/2/9/329709-th.jpg",
    "categories": ["entertaining-at-home"],
    "tags": ["snacks-for-entertaining", "biscuit-cokies"],
    "locations": {
      "vic": {
        "price": 3,
        "promoText": "Any 2 $4",
        "packageSize": "250g",
        "packagePrice": "$1.20 per 100G"
      }
    }
  },
  {
    "id": "arnotts-biscuits-shortbread-cream",
    "brand": "Arnott's",
    "name": "Shortbread Cream Biscuits",
    "imageUrl": "https://shop.coles.com.au/wcsstore/Coles-CAS/images/3/2/9/329196-th.jpg",
    "categories": ["entertaining-at-home"],
    "tags": ["snacks-for-entertaining", "biscuit-cokies"],
    "locations": {
      "vic": {
        "price": 3,
        "promoText": " ",
        "packageSize": "250g",
        "packagePrice": "$1.20 per 100G"
      }
    }
  },
  {
    "id": "arnotts-biscuits-classic-assorted",
    "brand": "Arnott's",
    "name": "Classic Assorted Biscuits",
    "imageUrl": "https://shop.coles.com.au/wcsstore/Coles-CAS/images/3/2/9/329061-th.jpg",
    "categories": ["entertaining-at-home"],
    "tags": ["snacks-for-entertaining", "biscuit-cokies"],
    "locations": {
      "vic": {
        "price": 4.5,
        "promoText": " ",
        "packageSize": "500g",
        "packagePrice": "$0.90 per 100G"
      }
    }
  },
  {
    "id": "arnotts-biscuits-raspberry-shortcake",
    "brand": "Arnott's",
    "name": "Raspberry Shortcake Biscuits",
    "imageUrl": "https://shop.coles.com.au/wcsstore/Coles-CAS/images/3/2/9/329775-th.jpg",
    "categories": ["entertaining-at-home"],
    "tags": ["snacks-for-entertaining", "biscuit-cokies"],
    "locations": {
      "vic": {
        "price": 3,
        "promoText": " ",
        "packageSize": "250g",
        "packagePrice": "$1.20 per 100G"
      }
    }
  },
  {
    "id": "arnotts-biscuits-malt-o-milk",
    "brand": "Arnott's",
    "name": "Malt-O-Milk Biscuits",
    "imageUrl": "https://shop.coles.com.au/wcsstore/Coles-CAS/images/3/2/9/329447-th.jpg",
    "categories": ["entertaining-at-home"],
    "tags": ["snacks-for-entertaining", "biscuit-cokies"],
    "locations": {
      "vic": {
        "price": 3,
        "promoText": " ",
        "packageSize": "250g",
        "packagePrice": "$1.20 per 100G"
      }
    }
  },
  {
    "id": "arnotts-biscuits-hundreds-thousands",
    "brand": "Arnott's",
    "name": "Hundreds & Thousands Biscuits",
    "imageUrl": "https://shop.coles.com.au/wcsstore/Coles-CAS/images/3/2/9/329389-th.jpg",
    "categories": ["entertaining-at-home"],
    "tags": ["snacks-for-entertaining", "biscuit-cokies"],
    "locations": {
      "vic": {
        "price": 3.05,
        "promoText": "Any 2 $4",
        "packageSize": "200g",
        "packagePrice": "$1.53 per 100G"
      }
    }
  },
  {
    "id": "arnotts-biscuits-butternut-snap",
    "brand": "Arnott's",
    "name": "Butternut Snap Biscuits",
    "imageUrl": "https://shop.coles.com.au/wcsstore/Coles-CAS/images/3/2/8/328885-th.jpg",
    "categories": ["entertaining-at-home"],
    "tags": ["snacks-for-entertaining", "biscuit-cokies"],
    "locations": {
      "vic": {
        "price": 3,
        "promoText": "Any 2 $4",
        "packageSize": "250g",
        "packagePrice": "$1.20 per 100G"
      }
    }
  },
  {
    "id": "coles-chocolate-biscuits-honeycomb-whirls",
    "brand": "Coles",
    "name": "Honeycomb Whirls Chocolate Biscuits",
    "imageUrl": "https://shop.coles.com.au/wcsstore/Coles-CAS/images/7/3/7/7377186-th.jpg",
    "categories": ["entertaining-at-home"],
    "tags": ["snacks-for-entertaining", "biscuit-cokies"],
    "locations": {
      "vic": {
        "price": 1.65,
        "promoText": " ",
        "packageSize": "200g",
        "packagePrice": "$0.83 per 100G"
      }
    }
  },
  {
    "id": "arnotts-biscuits-granita",
    "brand": "Arnott's",
    "name": "Granita Biscuits",
    "imageUrl": "https://shop.coles.com.au/wcsstore/Coles-CAS/images/3/2/8/328932-th.jpg",
    "categories": ["entertaining-at-home"],
    "tags": ["snacks-for-entertaining", "biscuit-cokies"],
    "locations": {
      "vic": {
        "price": 3,
        "promoText": "Any 2 $4",
        "packageSize": "250g",
        "packagePrice": "$1.20 per 100G"
      }
    }
  },
  {
    "id": "arnotts-biscuits-nice",
    "brand": "Arnott's",
    "name": "Nice Biscuits",
    "imageUrl": "https://shop.coles.com.au/wcsstore/Coles-CAS/images/3/2/8/328987-th.jpg",
    "categories": ["entertaining-at-home"],
    "tags": ["snacks-for-entertaining", "biscuit-cokies"],
    "locations": {
      "vic": {
        "price": 2.3,
        "promoText": " ",
        "packageSize": "250g",
        "packagePrice": "$0.92 per 100G"
      }
    }
  },
  {
    "id": "belvita-breakfast-strawberry-sandwich-biscuits",
    "brand": "Belvita",
    "name": "Breakfast Strawberry Sandwich Biscuits",
    "imageUrl": "https://shop.coles.com.au/wcsstore/Coles-CAS/images/2/7/6/2762929-th.jpg",
    "categories": ["entertaining-at-home"],
    "tags": ["snacks-for-entertaining", "biscuit-cokies"],
    "locations": {
      "vic": {
        "price": 4.5,
        "promoText": " ",
        "packageSize": "253g",
        "packagePrice": "$1.78 per 100G"
      }
    }
  },
  {
    "id": "coles-chocolate-biscuits-mint-supremes",
    "brand": "Coles",
    "name": "Chocolate Mint Supremes Biscuits",
    "imageUrl": "https://shop.coles.com.au/wcsstore/Coles-CAS/images/7/2/9/7294963-th.jpg",
    "categories": ["entertaining-at-home"],
    "tags": ["snacks-for-entertaining", "biscuit-cokies"],
    "locations": {
      "vic": {
        "price": 1.65,
        "promoText": " ",
        "packageSize": "200g",
        "packagePrice": "$0.83 per 100G"
      }
    }
  },
  {
    "id": "kookas-cookies-chocolate-jam",
    "brand": "Kooka's",
    "name": "Chocolate Jam Cookies",
    "imageUrl": "https://shop.coles.com.au/wcsstore/Coles-CAS/images/6/8/7/6871890-th.jpg",
    "categories": ["entertaining-at-home"],
    "tags": ["snacks-for-entertaining", "biscuit-cokies"],
    "locations": {
      "vic": {
        "price": 4.25,
        "promoText": " ",
        "packageSize": "500g",
        "packagePrice": "$0.85 per 100G"
      }
    }
  },
  {
    "id": "arnotts-chocolate-biscuits-gaiety",
    "brand": "Arnott's",
    "name": "Gaiety Chocolate Biscuits",
    "imageUrl": "https://shop.coles.com.au/wcsstore/Coles-CAS/images/3/2/9/329618-th.jpg",
    "categories": ["entertaining-at-home"],
    "tags": ["snacks-for-entertaining", "biscuit-cokies"],
    "locations": {
      "vic": {
        "price": 3.65,
        "promoText": "Any 2 $5",
        "packageSize": "160g",
        "packagePrice": "$2.28 per 100G"
      }
    }
  },
  {
    "id": "arnotts-twisted-faves-choc-chip-scotch-finger",
    "brand": "Arnott's",
    "name": "Twisted Faves Choc Chip Scotch Finger",
    "imageUrl": "https://shop.coles.com.au/wcsstore/Coles-CAS/images/2/4/7/2471653-th.jpg",
    "categories": ["entertaining-at-home"],
    "tags": ["snacks-for-entertaining", "biscuit-cokies"],
    "locations": {
      "vic": {
        "price": 3,
        "promoText": "Any 2 $4",
        "packageSize": "232g",
        "packagePrice": "$1.29 per 100G"
      }
    }
  },
  {
    "id": "lotus-biscuit-caramelised-original",
    "brand": "Lotus",
    "name": "Biscoff Caramelised Biscuit 8 pack",
    "imageUrl": "https://shop.coles.com.au/wcsstore/Coles-CAS/images/1/4/0/1405700-th.jpg",
    "categories": ["entertaining-at-home"],
    "tags": ["snacks-for-entertaining", "biscuit-cokies"],
    "locations": {
      "vic": {
        "price": 1.8,
        "promoText": " ",
        "packageSize": "124g",
        "packagePrice": "$1.45 per 100G"
      }
    }
  },
  {
    "id": "arnotts-wafers-tina",
    "brand": "Arnott's",
    "name": "Tina Wafers",
    "imageUrl": "https://shop.coles.com.au/wcsstore/Coles-CAS/images/5/7/2/5725259-th.jpg",
    "categories": ["entertaining-at-home"],
    "tags": ["snacks-for-entertaining", "biscuit-cokies"],
    "locations": {
      "vic": {
        "price": 3.05,
        "promoText": "Any 2 $4",
        "packageSize": "250g",
        "packagePrice": "$1.22 per 100G"
      }
    }
  },
  {
    "id": "arnotts-biscuits-milk-coffee",
    "brand": "Arnott's",
    "name": "Milk Coffee Biscuits",
    "imageUrl": "https://shop.coles.com.au/wcsstore/Coles-CAS/images/3/2/9/329017-th.jpg",
    "categories": ["entertaining-at-home"],
    "tags": ["snacks-for-entertaining", "biscuit-cokies"],
    "locations": {
      "vic": {
        "price": 2.3,
        "promoText": " ",
        "packageSize": "250g",
        "packagePrice": "$0.92 per 100G"
      }
    }
  },
  {
    "id": "arnotts-biscuits-triple-wafer",
    "brand": "Arnott's",
    "name": "Triple Wafer Biscuits",
    "imageUrl": "https://shop.coles.com.au/wcsstore/Coles-CAS/images/3/2/9/329345-th.jpg",
    "categories": ["entertaining-at-home"],
    "tags": ["snacks-for-entertaining", "biscuit-cokies"],
    "locations": {
      "vic": {
        "price": 3.05,
        "promoText": "Any 2 $4",
        "packageSize": "200g",
        "packagePrice": "$1.53 per 100G"
      }
    }
  },
  {
    "id": "arnotts-biscuits-lattice",
    "brand": "Arnott's",
    "name": "Lattice Biscuits",
    "imageUrl": "https://shop.coles.com.au/wcsstore/Coles-CAS/images/3/2/9/329797-th.jpg",
    "categories": ["entertaining-at-home"],
    "tags": ["snacks-for-entertaining", "biscuit-cokies"],
    "locations": {
      "vic": {
        "price": 3,
        "promoText": "Any 2 $4",
        "packageSize": "200g",
        "packagePrice": "$1.50 per 100G"
      }
    }
  },
  {
    "id": "arnotts-biscuits-iced-vovo",
    "brand": "Arnott's",
    "name": "Iced VoVo Biscuits",
    "imageUrl": "https://shop.coles.com.au/wcsstore/Coles-CAS/images/1/5/5/155732-th.jpg",
    "categories": ["entertaining-at-home"],
    "tags": ["snacks-for-entertaining", "biscuit-cokies"],
    "locations": {
      "vic": {
        "price": 3,
        "promoText": "Any 2 $4",
        "packageSize": "210g",
        "packagePrice": "$1.43 per 100G"
      }
    }
  },
  {
    "id": "coles-chocolate-biscuits-fingers",
    "brand": "Coles",
    "name": "Chocolate Fingers Biscuits",
    "imageUrl": "https://shop.coles.com.au/wcsstore/Coles-CAS/images/7/3/7/7378418-th.jpg",
    "categories": ["entertaining-at-home"],
    "tags": ["snacks-for-entertaining", "biscuit-cokies"],
    "locations": {
      "vic": {
        "price": 1.65,
        "promoText": " ",
        "packageSize": "200g",
        "packagePrice": "$0.83 per 100G"
      }
    }
  },
  {
    "id": "coles-smart-buy-biscuits-chocolate-chip",
    "brand": "Coles",
    "name": "Choc Chip Cookies",
    "imageUrl": "https://shop.coles.com.au/wcsstore/Coles-CAS/images/6/8/2/6823480-th.jpg",
    "categories": ["entertaining-at-home"],
    "tags": ["snacks-for-entertaining", "biscuit-cokies"],
    "locations": {
      "vic": {
        "price": 2,
        "promoText": " ",
        "packageSize": "500g",
        "packagePrice": "$0.40 per 100G"
      }
    }
  },
  {
    "id": "kraft-cookies-oreo-wafer-chocolate",
    "brand": "Oreo",
    "name": "Milk Chocolate Wafer Sticks",
    "imageUrl": "https://shop.coles.com.au/wcsstore/Coles-CAS/images/1/0/2/1020900-th.jpg",
    "categories": ["entertaining-at-home"],
    "tags": ["snacks-for-entertaining", "biscuit-cokies"],
    "locations": {
      "vic": {
        "price": 1.8,
        "promoText": "$0.60 ",
        "packageSize": "128g",
        "packagePrice": "$1.41 per 100G"
      }
    }
  },
  {
    "id": "oreo-chocolate-coated-biscuit",
    "brand": "Oreo",
    "name": "Chocolate Coated Biscuit",
    "imageUrl": "https://shop.coles.com.au/wcsstore/Coles-CAS/images/2/9/9/2994061-th.jpg",
    "categories": ["entertaining-at-home"],
    "tags": ["snacks-for-entertaining", "biscuit-cokies"],
    "locations": {
      "vic": {
        "price": 3.8,
        "promoText": " ",
        "packageSize": "204g",
        "packagePrice": "$1.86 per 100G"
      }
    }
  },
  {
    "id": "paradise-cookies-cottage-chocolate-chip",
    "brand": "Paradise",
    "name": "Cottage Chocolate Chip Cookies",
    "imageUrl": "https://shop.coles.com.au/wcsstore/Coles-CAS/images/5/1/1/5111122-th.jpg",
    "categories": ["entertaining-at-home"],
    "tags": ["snacks-for-entertaining", "biscuit-cokies"],
    "locations": {
      "vic": {
        "price": 2.1,
        "promoText": "$0.50 ",
        "packageSize": "250g",
        "packagePrice": "$0.84 per 100G"
      }
    }
  },
  {
    "id": "arnotts-biscuits-orange-slice",
    "brand": "Arnott's",
    "name": "Orange Slice Biscuits",
    "imageUrl": "https://shop.coles.com.au/wcsstore/Coles-CAS/images/3/2/9/329119-th.jpg",
    "categories": ["entertaining-at-home"],
    "tags": ["snacks-for-entertaining", "biscuit-cokies"],
    "locations": {
      "vic": {
        "price": 3,
        "promoText": " ",
        "packageSize": "250g",
        "packagePrice": "$1.20 per 100G"
      }
    }
  },
  {
    "id": "arnotts-biscuits-tic-toc",
    "brand": "Arnott's",
    "name": "Tic Toc Biscuits",
    "imageUrl": "https://shop.coles.com.au/wcsstore/Coles-CAS/images/3/2/9/329549-th.jpg",
    "categories": ["entertaining-at-home"],
    "tags": ["snacks-for-entertaining", "biscuit-cokies"],
    "locations": {
      "vic": {
        "price": 3.05,
        "promoText": "Any 2 $4",
        "packageSize": "250g",
        "packagePrice": "$1.22 per 100G"
      }
    }
  },
  {
    "id": "cadbury-cookie-crunchie-choc",
    "brand": "Cadbury",
    "name": "Soft Biscuit Choc Centre",
    "imageUrl": "https://shop.coles.com.au/wcsstore/Coles-CAS/images/2/9/9/2994232-th.jpg",
    "categories": ["entertaining-at-home"],
    "tags": ["snacks-for-entertaining", "biscuit-cokies"],
    "locations": {
      "vic": {
        "price": 3.5,
        "promoText": " ",
        "packageSize": "156g",
        "packagePrice": "$2.24 per 100G"
      }
    }
  },
  {
    "id": "coles-chocolate-biscuits-chocolate-caramel-deluxe",
    "brand": "Coles",
    "name": "Chocolate Caramel Deluxe Biscuits",
    "imageUrl": "https://shop.coles.com.au/wcsstore/Coles-CAS/images/7/3/7/7378291-th.jpg",
    "categories": ["entertaining-at-home"],
    "tags": ["snacks-for-entertaining", "biscuit-cokies"],
    "locations": {
      "vic": {
        "price": 1.65,
        "promoText": " ",
        "packageSize": "200g",
        "packagePrice": "$0.83 per 100G"
      }
    }
  },
  {
    "id": "unibic-biscuits-anzac",
    "brand": "Unibic",
    "name": "Anzac Biscuits",
    "imageUrl": "https://shop.coles.com.au/wcsstore/Coles-CAS/images/7/9/7/7977230-th.jpg",
    "categories": ["entertaining-at-home"],
    "tags": ["snacks-for-entertaining", "biscuit-cokies"],
    "locations": {
      "vic": {
        "price": 3,
        "promoText": " ",
        "packageSize": "300g",
        "packagePrice": "$1.00 per 100G"
      }
    }
  },
  {
    "id": "arnotts-biscuits-lemon-crisp",
    "brand": "Arnott's",
    "name": "Lemon Crisp Biscuits",
    "imageUrl": "https://shop.coles.com.au/wcsstore/Coles-CAS/images/3/2/9/329414-th.jpg",
    "categories": ["entertaining-at-home"],
    "tags": ["snacks-for-entertaining", "biscuit-cokies"],
    "locations": {
      "vic": {
        "price": 3,
        "promoText": " ",
        "packageSize": "250g",
        "packagePrice": "$1.20 per 100G"
      }
    }
  },
  {
    "id": "arnotts-biscuits-full-o-fruit",
    "brand": "Arnott's",
    "name": "Full O' Fruit Biscuits",
    "imageUrl": "https://shop.coles.com.au/wcsstore/Coles-CAS/images/3/4/4/344349-th.jpg",
    "categories": ["entertaining-at-home"],
    "tags": ["snacks-for-entertaining", "biscuit-cokies"],
    "locations": {
      "vic": {
        "price": 3.7,
        "promoText": " ",
        "packageSize": "250g",
        "packagePrice": "$1.48 per 100G"
      }
    }
  },
  {
    "id": "belvita-biscuits-breakfast-honey-nut-6-pack",
    "brand": "Belvita",
    "name": "Honey and Nut Breakfast Biscuits 6 Pack",
    "imageUrl": "https://shop.coles.com.au/wcsstore/Coles-CAS/images/1/0/2/1020783-th.jpg",
    "categories": ["entertaining-at-home"],
    "tags": ["snacks-for-entertaining", "biscuit-cokies"],
    "locations": {
      "vic": {
        "price": 4,
        "promoText": " ",
        "packageSize": "300g",
        "packagePrice": "$1.33 per 100G"
      }
    }
  },
  {
    "id": "cadbury-breakaway-milk-chocolate-biscuit",
    "brand": "Cadbury",
    "name": "Breakaway Milk Chocolate Biscuit",
    "imageUrl": "https://shop.coles.com.au/wcsstore/Coles-CAS/images/2/2/3/2239312-th.jpg",
    "categories": ["entertaining-at-home"],
    "tags": ["snacks-for-entertaining", "biscuit-cokies"],
    "locations": {
      "vic": {
        "price": 3.5,
        "promoText": " ",
        "packageSize": "180g",
        "packagePrice": "$1.94 per 100G"
      }
    }
  },
  {
    "id": "cadbury-choc-chip-cookies",
    "brand": "Cadbury",
    "name": "Soft Biscuit Classic Choc Chip",
    "imageUrl": "https://shop.coles.com.au/wcsstore/Coles-CAS/images/2/9/9/2994276-th.jpg",
    "categories": ["entertaining-at-home"],
    "tags": ["snacks-for-entertaining", "biscuit-cokies"],
    "locations": {
      "vic": {
        "price": 3.5,
        "promoText": " ",
        "packageSize": "156g",
        "packagePrice": "$2.24 per 100G"
      }
    }
  },
  {
    "id": "coles-biscuits-100s-1000s-mini",
    "brand": "Coles",
    "name": "100's & 1000's Mini Biscuits",
    "imageUrl": "https://shop.coles.com.au/wcsstore/Coles-CAS/images/7/5/1/7512907-th.jpg",
    "categories": ["entertaining-at-home"],
    "tags": ["snacks-for-entertaining", "biscuit-cokies"],
    "locations": {
      "vic": {
        "price": 2.2,
        "promoText": " ",
        "packageSize": "200g",
        "packagePrice": "$1.10 per 100G"
      }
    }
  },
  {
    "id": "coles-cream-wafers-chocolate",
    "brand": "Coles",
    "name": "Chocolate Cream Wafers",
    "imageUrl": "https://shop.coles.com.au/wcsstore/Coles-CAS/images/1/3/8/1389794-th.jpg",
    "categories": ["entertaining-at-home"],
    "tags": ["snacks-for-entertaining", "biscuit-cokies"],
    "locations": {
      "vic": {
        "price": 0.55,
        "promoText": " ",
        "packageSize": "125g",
        "packagePrice": "$0.44 per 100G"
      }
    }
  },
  {
    "id": "coles-milk-digestive-biscuits",
    "brand": "Coles",
    "name": "Milk Digestive Biscuits",
    "imageUrl": "https://shop.coles.com.au/wcsstore/Coles-CAS/images/1/4/1/1417700-th.jpg",
    "categories": ["entertaining-at-home"],
    "tags": ["snacks-for-entertaining", "biscuit-cokies"],
    "locations": {
      "vic": {
        "price": 1.65,
        "promoText": " ",
        "packageSize": "200g",
        "packagePrice": "$0.83 per 100G"
      }
    }
  },
  {
    "id": "arnotts-biscuits-wagon-wheels-mini-chocolate",
    "brand": "Arnott's",
    "name": "Mini Chocolate Wagon Wheels",
    "imageUrl": "https://shop.coles.com.au/wcsstore/Coles-CAS/images/8/7/0/8707049-th.jpg",
    "categories": ["entertaining-at-home"],
    "tags": ["snacks-for-entertaining", "biscuit-cokies"],
    "locations": {
      "vic": {
        "price": 2.5,
        "promoText": "Was $3.65 on Sep 2018 ",
        "packageSize": "190g",
        "packagePrice": "$1.32 per 100G"
      }
    }
  },
  {
    "id": "arnotts-biscuits-shredded-wheatmeal",
    "brand": "Arnott's",
    "name": "Shredded Wheatmeal Biscuits",
    "imageUrl": "https://shop.coles.com.au/wcsstore/Coles-CAS/images/3/2/9/329276-th.jpg",
    "categories": ["entertaining-at-home"],
    "tags": ["snacks-for-entertaining", "biscuit-cokies"],
    "locations": {
      "vic": {
        "price": 2.3,
        "promoText": " ",
        "packageSize": "250g",
        "packagePrice": "$0.92 per 100G"
      }
    }
  },
  {
    "id": "belvita-breakfast-minis-biscuits-honey-choc-chip",
    "brand": "Belvita",
    "name": "Minis Honey & Choc Chip Breakfast Biscuits 6 pack",
    "imageUrl": "https://shop.coles.com.au/wcsstore/Coles-CAS/images/3/4/3/3434674-th.jpg",
    "categories": ["entertaining-at-home"],
    "tags": ["snacks-for-entertaining", "biscuit-cokies"],
    "locations": {
      "vic": {
        "price": 5,
        "promoText": " ",
        "packageSize": "210g",
        "packagePrice": "$2.38 per 100G"
      }
    }
  },
  {
    "id": "cadbury-choc-biscuit-freddo",
    "brand": "Cadbury",
    "name": "Freddo Delicious Biscuits Dipped In Milk Chocolate",
    "imageUrl": "https://shop.coles.com.au/wcsstore/Coles-CAS/images/3/2/6/3265792-th.jpg",
    "categories": ["entertaining-at-home"],
    "tags": ["snacks-for-entertaining", "biscuit-cokies"],
    "locations": {
      "vic": {
        "price": 3,
        "promoText": "Any 2 $4",
        "packageSize": "167g",
        "packagePrice": "$1.80 per 100G"
      }
    }
  },
  {
    "id": "coles-cream-wafers-vanilla",
    "brand": "Coles",
    "name": "Vanilla Cream Wafers",
    "imageUrl": "https://shop.coles.com.au/wcsstore/Coles-CAS/images/1/3/8/1389783-th.jpg",
    "categories": ["entertaining-at-home"],
    "tags": ["snacks-for-entertaining", "biscuit-cokies"],
    "locations": {
      "vic": {
        "price": 0.55,
        "promoText": " ",
        "packageSize": "125g",
        "packagePrice": "$0.44 per 100G"
      }
    }
  },
  {
    "id": "coles-biscuits-shortbread-fingers-1406044p",
    "brand": "Coles",
    "name": "Shortbread Finger Biscuits With Butter",
    "imageUrl": "https://shop.coles.com.au/wcsstore/Coles-CAS/images/1/4/0/1406044-th.jpg",
    "categories": ["entertaining-at-home"],
    "tags": ["snacks-for-entertaining", "biscuit-cokies"],
    "locations": {
      "vic": {
        "price": 2,
        "promoText": " ",
        "packageSize": "200g",
        "packagePrice": "$1.00 per 100G"
      }
    }
  },
  {
    "id": "go-ahead-biscuits-crispy-slice-sultana-forest-fruit",
    "brand": "Go Ahead",
    "name": "Sultana & Forest Fruit Crispy Slice",
    "imageUrl": "https://shop.coles.com.au/wcsstore/Coles-CAS/images/1/4/0/1405959-th.jpg",
    "categories": ["entertaining-at-home"],
    "tags": ["snacks-for-entertaining", "biscuit-cokies"],
    "locations": {
      "vic": {
        "price": 3.95,
        "promoText": " ",
        "packageSize": "218g",
        "packagePrice": "$1.81 per 100G"
      }
    }
  },
  {
    "id": "go-ahead-biscuits-crispy-slice-sultana-apple",
    "brand": "Go Ahead",
    "name": "Sultana & Apple Crispy Slice",
    "imageUrl": "https://shop.coles.com.au/wcsstore/Coles-CAS/images/1/4/0/1405948-th.jpg",
    "categories": ["entertaining-at-home"],
    "tags": ["snacks-for-entertaining", "biscuit-cokies"],
    "locations": {
      "vic": {
        "price": 3.95,
        "promoText": " ",
        "packageSize": "218g",
        "packagePrice": "$1.81 per 100G"
      }
    }
  },
  {
    "id": "mcvities-digestives-thins-biscuit-milk-chocolate",
    "brand": "McVities",
    "name": "Thins Milk Chocolate Biscuits",
    "imageUrl": "https://shop.coles.com.au/wcsstore/Coles-CAS/images/3/3/1/3313782-th.jpg",
    "categories": ["entertaining-at-home"],
    "tags": ["snacks-for-entertaining", "biscuit-cokies"],
    "locations": {
      "vic": {
        "price": 3.5,
        "promoText": " ",
        "packageSize": "150g",
        "packagePrice": "$2.33 per 100G"
      }
    }
  },
  {
    "id": "kraft-original-oreo-cookies-grab-go-pack",
    "brand": "Oreo",
    "name": "Original Grab N Go Cookies",
    "imageUrl": "https://shop.coles.com.au/wcsstore/Coles-CAS/images/1/8/4/1843832-th.jpg",
    "categories": ["entertaining-at-home"],
    "tags": ["snacks-for-entertaining", "biscuit-cokies"],
    "locations": {
      "vic": {
        "price": 3.95,
        "promoText": " ",
        "packageSize": "256g",
        "packagePrice": "$1.54 per 100G"
      }
    }
  },
  {
    "id": "ritz-sandwich-crackers-choc",
    "brand": "Ritz",
    "name": "Sweet N Salty Choc Flavoured Sandwich Crackers",
    "imageUrl": "https://shop.coles.com.au/wcsstore/Coles-CAS/images/3/5/8/3589284-th.jpg",
    "categories": ["entertaining-at-home"],
    "tags": ["snacks-for-entertaining", "biscuit-cokies"],
    "locations": {
      "vic": {
        "price": 1.5,
        "promoText": " ",
        "packageSize": "118g",
        "packagePrice": "$1.27 per 100G"
      }
    }
  },
  {
    "id": "fantastic-rice-snacks-delites-sweet-chilli-sour-cream",
    "brand": "Fantastic",
    "name": "Delites Sweet Chilli & Sour Cream Rice Snacks",
    "imageUrl": "https://shop.coles.com.au/wcsstore/Coles-CAS/images/6/3/6/6369003-th.jpg",
    "categories": ["entertaining-at-home"],
    "tags": ["snacks-for-entertaining", "crackers-for-entertaining"],
    "locations": {
      "vic": {
        "price": 2,
        "promoText": " ",
        "packageSize": "100g",
        "packagePrice": "$2.00 per 100G"
      }
    }
  },
  {
    "id": "fantastic-rice-snacks-delites-rice-snacks-sour-cream-chives",
    "brand": "Fantastic",
    "name": "Delites Sour Cream & Chives",
    "imageUrl": "https://shop.coles.com.au/wcsstore/Coles-CAS/images/6/3/6/6369014-th.jpg",
    "categories": ["entertaining-at-home"],
    "tags": ["snacks-for-entertaining", "crackers-for-entertaining"],
    "locations": {
      "vic": {
        "price": 2,
        "promoText": " ",
        "packageSize": "100g",
        "packagePrice": "$2.00 per 100G"
      }
    }
  },
  {
    "id": "fantastic-rice-snacks-delites-sea-salt-balsamic-vinegar",
    "brand": "Fantastic",
    "name": "Delites Sea Salt & Balsamic Vinegar Rice Snacks",
    "imageUrl": "https://shop.coles.com.au/wcsstore/Coles-CAS/images/6/3/6/6368930-th.jpg",
    "categories": ["entertaining-at-home"],
    "tags": ["snacks-for-entertaining", "crackers-for-entertaining"],
    "locations": {
      "vic": {
        "price": 2,
        "promoText": " ",
        "packageSize": "100g",
        "packagePrice": "$2.00 per 100G"
      }
    }
  },
  {
    "id": "arnotts-original-bbq-shapes",
    "brand": "Arnott's",
    "name": "Original BBQ Shapes",
    "imageUrl": "https://shop.coles.com.au/wcsstore/Coles-CAS/images/2/7/3/2734446-th.jpg",
    "categories": ["entertaining-at-home"],
    "tags": ["snacks-for-entertaining", "crackers-for-entertaining"],
    "locations": {
      "vic": {
        "price": 1.6,
        "promoText": "$1.60 ",
        "packageSize": "175g",
        "packagePrice": "$0.91 per 100G"
      }
    }
  },
  {
    "id": "arnotts-biscuits-shapes-chicken-crimpy",
    "brand": "Arnott's",
    "name": "Chicken Crimpy Shapes",
    "imageUrl": "https://shop.coles.com.au/wcsstore/Coles-CAS/images/8/6/3/8638285-th.jpg",
    "categories": ["entertaining-at-home"],
    "tags": ["snacks-for-entertaining", "crackers-for-entertaining"],
    "locations": {
      "vic": {
        "price": 1.6,
        "promoText": "$1.60 ",
        "packageSize": "175g",
        "packagePrice": "$0.91 per 100G"
      }
    }
  },
  {
    "id": "nabisco-sour-cream-onion-ritz-snackz-crackers",
    "brand": "Ritz",
    "name": "Snackz Sour Cream and Onion Crackers",
    "imageUrl": "https://shop.coles.com.au/wcsstore/Coles-CAS/images/1/7/4/1743204-th.jpg",
    "categories": ["entertaining-at-home"],
    "tags": ["snacks-for-entertaining", "crackers-for-entertaining"],
    "locations": {
      "vic": {
        "price": 1,
        "promoText": "$1.00 ",
        "packageSize": "100g",
        "packagePrice": "$1.00 per 100G"
      }
    }
  },
  {
    "id": "arnotts-hot-dog-shapes",
    "brand": "Arnott's",
    "name": "Original Pizza Shapes",
    "imageUrl": "https://shop.coles.com.au/wcsstore/Coles-CAS/images/2/7/3/2734457-th.jpg",
    "categories": ["entertaining-at-home"],
    "tags": ["snacks-for-entertaining", "crackers-for-entertaining"],
    "locations": {
      "vic": {
        "price": 1.6,
        "promoText": "$1.60 ",
        "packageSize": "190g",
        "packagePrice": "$0.84 per 100G"
      }
    }
  },
  {
    "id": "nabisco-water-crackers-captains-table",
    "brand": "Captain's Table",
    "name": "Classic Water Crackers",
    "imageUrl": "https://shop.coles.com.au/wcsstore/Coles-CAS/images/8/8/4/8842022-th.jpg",
    "categories": ["entertaining-at-home"],
    "tags": ["snacks-for-entertaining", "crackers-for-entertaining"],
    "locations": {
      "vic": {
        "price": 1.8,
        "promoText": " ",
        "packageSize": "125g",
        "packagePrice": "$1.44 per 100G"
      }
    }
  },
  {
    "id": "arnotts-crispbread-salada-original",
    "brand": "Arnott's",
    "name": "Original Salada",
    "imageUrl": "https://shop.coles.com.au/wcsstore/Coles-CAS/images/3/2/9/329800-th.jpg",
    "categories": ["entertaining-at-home"],
    "tags": ["snacks-for-entertaining", "crackers-for-entertaining"],
    "locations": {
      "vic": {
        "price": 3.2,
        "promoText": " ",
        "packageSize": "250g",
        "packagePrice": "$1.28 per 100G"
      }
    }
  },
  {
    "id": "arnotts-crispbread-cruskits-original",
    "brand": "Arnott's",
    "name": "Original Cruskits",
    "imageUrl": "https://shop.coles.com.au/wcsstore/Coles-CAS/images/3/5/8/358682-th.jpg",
    "categories": ["entertaining-at-home"],
    "tags": ["snacks-for-entertaining", "crackers-for-entertaining"],
    "locations": {
      "vic": {
        "price": 1.75,
        "promoText": " ",
        "packageSize": "125g",
        "packagePrice": "$1.40 per 100G"
      }
    }
  },
  {
    "id": "arnotts-crackers-cheds",
    "brand": "Arnott's",
    "name": "Cheds Crackers",
    "imageUrl": "https://shop.coles.com.au/wcsstore/Coles-CAS/images/3/2/9/329888-th.jpg",
    "categories": ["entertaining-at-home"],
    "tags": ["snacks-for-entertaining", "crackers-for-entertaining"],
    "locations": {
      "vic": {
        "price": 4,
        "promoText": " ",
        "packageSize": "250g",
        "packagePrice": "$1.60 per 100G"
      }
    }
  },
  {
    "id": "arnotts-crackers-savoy-original",
    "brand": "Arnott's",
    "name": "Original Savoy Crackers",
    "imageUrl": "https://shop.coles.com.au/wcsstore/Coles-CAS/images/8/6/3/8638456-th.jpg",
    "categories": ["entertaining-at-home"],
    "tags": ["snacks-for-entertaining", "crackers-for-entertaining"],
    "locations": {
      "vic": {
        "price": 3.2,
        "promoText": " ",
        "packageSize": "225g",
        "packagePrice": "$1.42 per 100G"
      }
    }
  },
  {
    "id": "real-foods-corn-thins-original",
    "brand": "Real Foods",
    "name": "Original Corn Thins",
    "imageUrl": "https://shop.coles.com.au/wcsstore/Coles-CAS/images/7/1/1/7112308-th.jpg",
    "categories": ["entertaining-at-home"],
    "tags": ["snacks-for-entertaining", "crackers-for-entertaining"],
    "locations": {
      "vic": {
        "price": 2,
        "promoText": " ",
        "packageSize": "150g",
        "packagePrice": "$1.33 per 100G"
      }
    }
  },
  {
    "id": "sakata-rice-crackers-plain",
    "brand": "Sakata",
    "name": "Plain Rice Crackers",
    "imageUrl": "https://shop.coles.com.au/wcsstore/Coles-CAS/images/6/8/7/6878175-th.jpg",
    "categories": ["entertaining-at-home"],
    "tags": ["snacks-for-entertaining", "crackers-for-entertaining"],
    "locations": {
      "vic": {
        "price": 1.6,
        "promoText": "$0.40 ",
        "packageSize": "100g",
        "packagePrice": "$1.60 per 100G"
      }
    }
  },
  {
    "id": "real-foods-corn-thins-multigrain",
    "brand": "Real Foods",
    "name": "Multigrain Corn Thins",
    "imageUrl": "https://shop.coles.com.au/wcsstore/Coles-CAS/images/8/0/0/8000070-th.jpg",
    "categories": ["entertaining-at-home"],
    "tags": ["snacks-for-entertaining", "crackers-for-entertaining"],
    "locations": {
      "vic": {
        "price": 2,
        "promoText": " ",
        "packageSize": "150g",
        "packagePrice": "$1.33 per 100G"
      }
    }
  },
  {
    "id": "arnotts-crispbread-vita-weat-9-grains",
    "brand": "Arnott's",
    "name": "9 Grains Vita-Weat",
    "imageUrl": "https://shop.coles.com.au/wcsstore/Coles-CAS/images/7/4/3/7439782-th.jpg",
    "categories": ["entertaining-at-home", "dairy-eggs-meals"],
    "tags": ["snacks-for-entertaining", "crackers-for-entertaining"],
    "locations": {
      "vic": {
        "price": 3.3,
        "promoText": " ",
        "packageSize": "250g",
        "packagePrice": "$1.32 per 100G"
      }
    }
  },
  {
    "id": "sakata-rice-crackers-seaweed",
    "brand": "Sakata",
    "name": "Seaweed Rice Crackers",
    "imageUrl": "https://shop.coles.com.au/wcsstore/Coles-CAS/images/6/9/8/6982406-th.jpg",
    "categories": ["entertaining-at-home"],
    "tags": ["snacks-for-entertaining", "crackers-for-entertaining"],
    "locations": {
      "vic": {
        "price": 1.6,
        "promoText": "$0.40 ",
        "packageSize": "90g",
        "packagePrice": "$1.78 per 100G"
      }
    }
  },
  {
    "id": "arnotts-biscuits-shapes-cheddar",
    "brand": "Arnott's",
    "name": "Cheddar Shapes",
    "imageUrl": "https://shop.coles.com.au/wcsstore/Coles-CAS/images/8/6/3/8638263-th.jpg",
    "categories": ["entertaining-at-home"],
    "tags": ["snacks-for-entertaining", "crackers-for-entertaining"],
    "locations": {
      "vic": {
        "price": 1.6,
        "promoText": "$1.60 ",
        "packageSize": "175g",
        "packagePrice": "$0.91 per 100G"
      }
    }
  },
  {
    "id": "peckish-rice-crackers-original",
    "brand": "Peckish",
    "name": "Original Rice Crackers",
    "imageUrl": "https://shop.coles.com.au/wcsstore/Coles-CAS/images/9/9/9/9999336-th.jpg",
    "categories": ["entertaining-at-home"],
    "tags": ["snacks-for-entertaining", "crackers-for-entertaining"],
    "locations": {
      "vic": {
        "price": 2.2,
        "promoText": " ",
        "packageSize": "100g",
        "packagePrice": "$2.20 per 100G"
      }
    }
  },
  {
    "id": "arnotts-crispbread-vita-weat-original",
    "brand": "Arnott's",
    "name": "Original Vita-Weat",
    "imageUrl": "https://shop.coles.com.au/wcsstore/Coles-CAS/images/1/1/7/117256-th.jpg",
    "categories": ["entertaining-at-home"],
    "tags": ["snacks-for-entertaining", "crackers-for-entertaining"],
    "locations": {
      "vic": {
        "price": 3.3,
        "promoText": " ",
        "packageSize": "250g",
        "packagePrice": "$1.32 per 100G"
      }
    }
  },
  {
    "id": "sakata-rice-crackers-wholegrain-original",
    "brand": "Sakata",
    "name": "Wholegrain Original Rice Crackers",
    "imageUrl": "https://shop.coles.com.au/wcsstore/Coles-CAS/images/5/9/2/5924925-th.jpg",
    "categories": ["entertaining-at-home"],
    "tags": ["snacks-for-entertaining", "crackers-for-entertaining"],
    "locations": {
      "vic": {
        "price": 1.6,
        "promoText": "$0.40 ",
        "packageSize": "90g",
        "packagePrice": "$1.78 per 100G"
      }
    }
  },
  {
    "id": "arnotts-crispbread-cruskits-light",
    "brand": "Arnott's",
    "name": "Light Cruskits",
    "imageUrl": "https://shop.coles.com.au/wcsstore/Coles-CAS/images/9/6/1/9611783-th.jpg",
    "categories": ["entertaining-at-home"],
    "tags": ["snacks-for-entertaining", "crackers-for-entertaining"],
    "locations": {
      "vic": {
        "price": 1.75,
        "promoText": " ",
        "packageSize": "125g",
        "packagePrice": "$1.40 per 100G"
      }
    }
  },
  {
    "id": "arnotts-crispbread-salada-wholemeal",
    "brand": "Arnott's",
    "name": "Wholemeal Salada",
    "imageUrl": "https://shop.coles.com.au/wcsstore/Coles-CAS/images/3/2/9/329844-th.jpg",
    "categories": ["entertaining-at-home"],
    "tags": ["snacks-for-entertaining", "crackers-for-entertaining"],
    "locations": {
      "vic": {
        "price": 3.2,
        "promoText": " ",
        "packageSize": "250g",
        "packagePrice": "$1.28 per 100G"
      }
    }
  },
  {
    "id": "ritz-crackers-original",
    "brand": "Ritz",
    "name": "Original Crackers",
    "imageUrl": "https://shop.coles.com.au/wcsstore/Coles-CAS/images/3/1/5/3151487-th.jpg",
    "categories": ["entertaining-at-home"],
    "tags": ["snacks-for-entertaining", "crackers-for-entertaining"],
    "locations": {
      "vic": {
        "price": 3,
        "promoText": " ",
        "packageSize": "300g",
        "packagePrice": "$1.00 per 100G"
      }
    }
  },
  {
    "id": "arnotts-biscuits-shapes-savoury",
    "brand": "Arnott's",
    "name": "Savoury Shapes",
    "imageUrl": "https://shop.coles.com.au/wcsstore/Coles-CAS/images/8/6/3/8638300-th.jpg",
    "categories": ["entertaining-at-home"],
    "tags": ["snacks-for-entertaining", "crackers-for-entertaining"],
    "locations": {
      "vic": {
        "price": 1.6,
        "promoText": "$1.60 ",
        "packageSize": "185g",
        "packagePrice": "$0.86 per 100G"
      }
    }
  },
  {
    "id": "arnotts-shapes-crackers-vegemite-cheese",
    "brand": "Arnott's",
    "name": "Shapes Vegemite & Cheese Crackers",
    "imageUrl": "https://shop.coles.com.au/wcsstore/Coles-CAS/images/3/4/1/3410960-th.jpg",
    "categories": ["entertaining-at-home"],
    "tags": ["snacks-for-entertaining", "crackers-for-entertaining"],
    "locations": {
      "vic": {
        "price": 1.6,
        "promoText": "$1.60 ",
        "packageSize": "165g",
        "packagePrice": "$0.97 per 100G"
      }
    }
  },
  {
    "id": "coles-crackers-rice-plain",
    "brand": "Coles",
    "name": "Plain Rice Crackers",
    "imageUrl": "https://shop.coles.com.au/wcsstore/Coles-CAS/images/5/4/6/5460198-th.jpg",
    "categories": ["entertaining-at-home"],
    "tags": ["snacks-for-entertaining", "crackers-for-entertaining"],
    "locations": {
      "vic": {
        "price": 0.9,
        "promoText": " ",
        "packageSize": "100g",
        "packagePrice": "$0.90 per 100G"
      }
    }
  },
  {
    "id": "sunrice-rice-cakes-thin-original-gluten-free",
    "brand": "Sunrice",
    "name": "Thin Original Gluten Free Rice Cakes",
    "imageUrl": "https://shop.coles.com.au/wcsstore/Coles-CAS/images/8/6/5/8657392-th.jpg",
    "categories": ["entertaining-at-home"],
    "tags": ["snacks-for-entertaining", "crackers-for-entertaining"],
    "locations": {
      "vic": {
        "price": 2,
        "promoText": " ",
        "packageSize": "150g",
        "packagePrice": "$1.33 per 100G"
      }
    }
  },
  {
    "id": "coles-simply-less-rice-cakes-natural-thin",
    "brand": "Coles",
    "name": "Original Rice Cakes",
    "imageUrl": "https://shop.coles.com.au/wcsstore/Coles-CAS/images/6/0/3/6033363-th.jpg",
    "categories": ["entertaining-at-home"],
    "tags": ["snacks-for-entertaining", "crackers-for-entertaining"],
    "locations": {
      "vic": {
        "price": 1.65,
        "promoText": " ",
        "packageSize": "150g",
        "packagePrice": "$1.10 per 100G"
      }
    }
  },
  {
    "id": "coles-rice-crackers-seaweed",
    "brand": "Coles",
    "name": "Seaweed Rice Crackers",
    "imageUrl": "https://shop.coles.com.au/wcsstore/Coles-CAS/images/5/4/6/5460212-th.jpg",
    "categories": ["entertaining-at-home"],
    "tags": ["snacks-for-entertaining", "crackers-for-entertaining"],
    "locations": {
      "vic": {
        "price": 0.9,
        "promoText": " ",
        "packageSize": "100g",
        "packagePrice": "$0.90 per 100G"
      }
    }
  },
  {
    "id": "arnotts-crispbread-cruskits-rye",
    "brand": "Arnott's",
    "name": "Rye Cruskits",
    "imageUrl": "https://shop.coles.com.au/wcsstore/Coles-CAS/images/9/6/1/9611772-th.jpg",
    "categories": ["entertaining-at-home"],
    "tags": ["snacks-for-entertaining", "crackers-for-entertaining"],
    "locations": {
      "vic": {
        "price": 1.75,
        "promoText": " ",
        "packageSize": "125g",
        "packagePrice": "$1.40 per 100G"
      }
    }
  },
  {
    "id": "peckish-rice-crackers-cheese",
    "brand": "Peckish",
    "name": "Cheese Rice Crackers",
    "imageUrl": "https://shop.coles.com.au/wcsstore/Coles-CAS/images/9/9/9/9999325-th.jpg",
    "categories": ["entertaining-at-home"],
    "tags": ["snacks-for-entertaining", "crackers-for-entertaining"],
    "locations": {
      "vic": {
        "price": 2.2,
        "promoText": " ",
        "packageSize": "100g",
        "packagePrice": "$2.20 per 100G"
      }
    }
  },
  {
    "id": "peckish--herb-garlic-rice-crackers",
    "brand": "Peckish",
    "name": "Garden Veg Rice Crackers",
    "imageUrl": "https://shop.coles.com.au/wcsstore/Coles-CAS/images/2/4/7/2470560-th.jpg",
    "categories": ["entertaining-at-home"],
    "tags": ["snacks-for-entertaining", "crackers-for-entertaining"],
    "locations": {
      "vic": {
        "price": 2.5,
        "promoText": " ",
        "packageSize": "100g",
        "packagePrice": "$2.50 per 100G"
      }
    }
  },
  {
    "id": "sakata-rice-crackers-classic-bbq",
    "brand": "Sakata",
    "name": "Classic BBQ Rice Crackers",
    "imageUrl": "https://shop.coles.com.au/wcsstore/Coles-CAS/images/9/6/1/9610430-th.jpg",
    "categories": ["entertaining-at-home"],
    "tags": ["snacks-for-entertaining", "crackers-for-entertaining"],
    "locations": {
      "vic": {
        "price": 1.6,
        "promoText": "$0.40 ",
        "packageSize": "100g",
        "packagePrice": "$1.60 per 100G"
      }
    }
  },
  {
    "id": "arnotts-crackers-vita-weat-multigrain",
    "brand": "Arnott's",
    "name": "Multigrain Vita-Weat Crackers",
    "imageUrl": "https://shop.coles.com.au/wcsstore/Coles-CAS/images/7/4/4/7449946-th.jpg",
    "categories": ["entertaining-at-home"],
    "tags": ["snacks-for-entertaining", "crackers-for-entertaining"],
    "locations": {
      "vic": {
        "price": 1.5,
        "promoText": "$0.50 ",
        "packageSize": "140g",
        "packagePrice": "$1.07 per 100G"
      }
    }
  },
  {
    "id": "coles-crackers-rice-cheese",
    "brand": "Coles",
    "name": "Cheese Rice Crackers",
    "imageUrl": "https://shop.coles.com.au/wcsstore/Coles-CAS/images/5/4/6/5460041-th.jpg",
    "categories": ["entertaining-at-home"],
    "tags": ["snacks-for-entertaining", "crackers-for-entertaining"],
    "locations": {
      "vic": {
        "price": 0.9,
        "promoText": " ",
        "packageSize": "100g",
        "packagePrice": "$0.90 per 100G"
      }
    }
  },
  {
    "id": "coles-rice-crackers-seed-grain",
    "brand": "Coles",
    "name": "Seeds & Grains Brown Rice Crackers",
    "imageUrl": "https://shop.coles.com.au/wcsstore/Coles-CAS/images/2/1/4/2146652-th.jpg",
    "categories": ["entertaining-at-home"],
    "tags": ["snacks-for-entertaining", "crackers-for-entertaining"],
    "locations": {
      "vic": {
        "price": 1.35,
        "promoText": "Was $1.40 on Jul 2018 ",
        "packageSize": "100g",
        "packagePrice": "$1.35 per 100G"
      }
    }
  },
  {
    "id": "nabisco-tasty-cheese-ritz-snackz-crackers",
    "brand": "Ritz Snackz",
    "name": "Tasty Cheddar Cheese Crackers",
    "imageUrl": "https://shop.coles.com.au/wcsstore/Coles-CAS/images/1/7/4/1743215-th.jpg",
    "categories": ["entertaining-at-home"],
    "tags": ["snacks-for-entertaining", "crackers-for-entertaining"],
    "locations": {
      "vic": {
        "price": 1,
        "promoText": "$1.00 ",
        "packageSize": "100g",
        "packagePrice": "$1.00 per 100G"
      }
    }
  },
  {
    "id": "arnotts-crackers-country-cheese",
    "brand": "Arnott's",
    "name": "Country Cheese Crackers",
    "imageUrl": "https://shop.coles.com.au/wcsstore/Coles-CAS/images/3/8/6/386393-th.jpg",
    "categories": ["entertaining-at-home"],
    "tags": ["snacks-for-entertaining", "crackers-for-entertaining"],
    "locations": {
      "vic": {
        "price": 4,
        "promoText": " ",
        "packageSize": "250g",
        "packagePrice": "$1.60 per 100G"
      }
    }
  },
  {
    "id": "arnotts-biscuits-shapes-cheese-bacon",
    "brand": "Arnott's",
    "name": "Cheese & Bacon Shapes",
    "imageUrl": "https://shop.coles.com.au/wcsstore/Coles-CAS/images/8/6/3/8638241-th.jpg",
    "categories": ["entertaining-at-home"],
    "tags": ["snacks-for-entertaining", "crackers-for-entertaining"],
    "locations": {
      "vic": {
        "price": 1.6,
        "promoText": "$1.60 ",
        "packageSize": "180g",
        "packagePrice": "$0.89 per 100G"
      }
    }
  },
  {
    "id": "arnotts-crackers-sesame-wheat",
    "brand": "Arnott's",
    "name": "Sesame Wheat Crackers",
    "imageUrl": "https://shop.coles.com.au/wcsstore/Coles-CAS/images/3/2/9/329185-th.jpg",
    "categories": ["entertaining-at-home"],
    "tags": ["snacks-for-entertaining", "crackers-for-entertaining"],
    "locations": {
      "vic": {
        "price": 4,
        "promoText": " ",
        "packageSize": "250g",
        "packagePrice": "$1.60 per 100G"
      }
    }
  },
  {
    "id": "ryvita-crispbread-original",
    "brand": "Ryvita",
    "name": "Original Crispbread",
    "imageUrl": "https://shop.coles.com.au/wcsstore/Coles-CAS/images/9/7/0/9702459-th.jpg",
    "categories": ["entertaining-at-home"],
    "tags": ["snacks-for-entertaining", "crackers-for-entertaining"],
    "locations": {
      "vic": {
        "price": 2.85,
        "promoText": " ",
        "packageSize": "250g",
        "packagePrice": "$1.14 per 100G"
      }
    }
  },
  {
    "id": "avocado-hass",
    "brand": "Coles",
    "name": "Hass Avocados",
    "imageUrl": "https://shop.coles.com.au/wcsstore/Coles-CAS/images/5/9/0/5900530-th.jpg",
    "categories": ["entertaining-at-home", "fruit-vegetables"],
    "tags": ["snacks-for-entertaining", "crackers-for-entertaining"],
    "locations": {
      "vic": {
        "price": 2.5,
        "promoText": " ",
        "packageSize": "",
        "packagePrice": "$2.50 per 1Ea"
      }
    }
  },
  {
    "id": "arnotts-biscuits-shapes-nacho-cheese",
    "brand": "Arnott's",
    "name": "Nacho Cheese Shapes",
    "imageUrl": "https://shop.coles.com.au/wcsstore/Coles-CAS/images/5/5/9/5591888-th.jpg",
    "categories": ["entertaining-at-home"],
    "tags": ["snacks-for-entertaining", "crackers-for-entertaining"],
    "locations": {
      "vic": {
        "price": 1.6,
        "promoText": "$1.60 ",
        "packageSize": "160g",
        "packagePrice": "$1.00 per 100G"
      }
    }
  },
  {
    "id": "arnotts-crispbread-vita-weat-sesame",
    "brand": "Arnott's",
    "name": "Sesame Vita-Weat",
    "imageUrl": "https://shop.coles.com.au/wcsstore/Coles-CAS/images/3/5/8/358897-th.jpg",
    "categories": ["entertaining-at-home"],
    "tags": ["snacks-for-entertaining", "crackers-for-entertaining"],
    "locations": {
      "vic": {
        "price": 3.3,
        "promoText": " ",
        "packageSize": "250g",
        "packagePrice": "$1.32 per 100G"
      }
    }
  },
  {
    "id": "coles-crackers-water-cracked-pepper",
    "brand": "Coles",
    "name": "Cracked Pepper Water Crackers",
    "imageUrl": "https://shop.coles.com.au/wcsstore/Coles-CAS/images/5/3/8/5389898-th.jpg",
    "categories": ["entertaining-at-home"],
    "tags": ["snacks-for-entertaining", "crackers-for-entertaining"],
    "locations": {
      "vic": {
        "price": 0.95,
        "promoText": " ",
        "packageSize": "125g",
        "packagePrice": "$0.76 per 100G"
      }
    }
  },
  {
    "id": "coles-crackers-rosemary",
    "brand": "Coles",
    "name": "Rosemary Crackers",
    "imageUrl": "https://shop.coles.com.au/wcsstore/Coles-CAS/images/1/2/7/1275707-th.jpg",
    "categories": ["entertaining-at-home"],
    "tags": ["snacks-for-entertaining", "crackers-for-entertaining"],
    "locations": {
      "vic": {
        "price": 1.8,
        "promoText": " ",
        "packageSize": "170g",
        "packagePrice": "$1.06 per 100G"
      }
    }
  },
  {
    "id": "coles-wafer-crackers",
    "brand": "Coles",
    "name": "Wafer Thin Original Crackers",
    "imageUrl": "https://shop.coles.com.au/wcsstore/Coles-CAS/images/2/3/3/2335848-th.jpg",
    "categories": ["entertaining-at-home"],
    "tags": ["snacks-for-entertaining", "crackers-for-entertaining"],
    "locations": {
      "vic": {
        "price": 2,
        "promoText": " ",
        "packageSize": "100g",
        "packagePrice": "$2.00 per 100G"
      }
    }
  },
  {
    "id": "always-fresh-grissini-bread-sticks-rosemary-sea-salt",
    "brand": "Always Fresh",
    "name": "Grissini Rosemary & Sea Salt Italian Bread Sticks",
    "imageUrl": "https://shop.coles.com.au/wcsstore/Coles-CAS/images/5/0/8/5085827-th.jpg",
    "categories": ["entertaining-at-home"],
    "tags": ["snacks-for-entertaining", "crackers-for-entertaining"],
    "locations": {
      "vic": {
        "price": 3.45,
        "promoText": " ",
        "packageSize": "125g",
        "packagePrice": "$2.76 per 100G"
      }
    }
  },
  {
    "id": "arnotts-crispbread-cruskits-corn",
    "brand": "Arnott's",
    "name": "Corn Cruskits",
    "imageUrl": "https://shop.coles.com.au/wcsstore/Coles-CAS/images/9/0/7/9079462-th.jpg",
    "categories": ["entertaining-at-home"],
    "tags": ["snacks-for-entertaining", "crackers-for-entertaining"],
    "locations": {
      "vic": {
        "price": 1.75,
        "promoText": " ",
        "packageSize": "125g",
        "packagePrice": "$1.40 per 100G"
      }
    }
  },
  {
    "id": "kurrajong-kitchen-crispbread-lavosh-original",
    "brand": "Kurrajong Kitchen",
    "name": "Lavosh Original",
    "imageUrl": "https://shop.coles.com.au/wcsstore/Coles-CAS/images/1/0/2/1024401-th.jpg",
    "categories": ["entertaining-at-home"],
    "tags": ["snacks-for-entertaining", "crackers-for-entertaining"],
    "locations": {
      "vic": {
        "price": 3.9,
        "promoText": " ",
        "packageSize": "145g",
        "packagePrice": "$2.69 per 100G"
      }
    }
  },
  {
    "id": "sunbites-cheddar-chives-crackers-snack",
    "brand": "Sunbites",
    "name": "Cheddar & Chives Snack Crackers With Quinoa",
    "imageUrl": "https://shop.coles.com.au/wcsstore/Coles-CAS/images/2/9/7/2976831-th.jpg",
    "categories": ["entertaining-at-home"],
    "tags": ["snacks-for-entertaining", "crackers-for-entertaining"],
    "locations": {
      "vic": {
        "price": 3,
        "promoText": " ",
        "packageSize": "110g",
        "packagePrice": "$2.73 per 100G"
      }
    }
  },
  {
    "id": "sunrice-rice-cakes-thin-sea-salt-balsamic-vinegar-gluten-free",
    "brand": "Sunrice",
    "name": "Thin Sea Salt & Balsamic Vinegar Gluten Free Rice Cakes",
    "imageUrl": "https://shop.coles.com.au/wcsstore/Coles-CAS/images/5/9/2/5925768-th.jpg",
    "categories": ["entertaining-at-home"],
    "tags": ["snacks-for-entertaining", "crackers-for-entertaining"],
    "locations": {
      "vic": {
        "price": 2.7,
        "promoText": " ",
        "packageSize": "195g",
        "packagePrice": "$1.38 per 100G"
      }
    }
  },
  {
    "id": "sunrice-rice-cakes-thin-sour-cream-chives-gluten-free",
    "brand": "Sunrice",
    "name": "Thin Sour Cream & Chives Gluten Free Rice Cakes",
    "imageUrl": "https://shop.coles.com.au/wcsstore/Coles-CAS/images/4/2/4/4247708-th.jpg",
    "categories": ["entertaining-at-home"],
    "tags": ["snacks-for-entertaining", "crackers-for-entertaining"],
    "locations": {
      "vic": {
        "price": 2.7,
        "promoText": " ",
        "packageSize": "195g",
        "packagePrice": "$1.38 per 100G"
      }
    }
  },
  {
    "id": "sunrice-original-thick-rice-cakes",
    "brand": "Sunrice",
    "name": "Original Thick Rice Cakes",
    "imageUrl": "https://shop.coles.com.au/wcsstore/Coles-CAS/images/2/3/5/2350229-th.jpg",
    "categories": ["entertaining-at-home"],
    "tags": ["snacks-for-entertaining", "crackers-for-entertaining"],
    "locations": {
      "vic": {
        "price": 2,
        "promoText": " ",
        "packageSize": "150g",
        "packagePrice": "$1.33 per 100G"
      }
    }
  },
  {
    "id": "arnotts-crackers-clix",
    "brand": "Arnott's",
    "name": "Clix Crackers",
    "imageUrl": "https://shop.coles.com.au/wcsstore/Coles-CAS/images/3/2/9/329833-th.jpg",
    "categories": ["entertaining-at-home"],
    "tags": ["snacks-for-entertaining", "crackers-for-entertaining"],
    "locations": {
      "vic": {
        "price": 3.2,
        "promoText": " ",
        "packageSize": "250g",
        "packagePrice": "$1.28 per 100G"
      }
    }
  },
  {
    "id": "coles-crackers-water-original",
    "brand": "Coles",
    "name": "Original Water Crackers",
    "imageUrl": "https://shop.coles.com.au/wcsstore/Coles-CAS/images/5/3/8/5389901-th.jpg",
    "categories": ["entertaining-at-home"],
    "tags": ["snacks-for-entertaining", "crackers-for-entertaining"],
    "locations": {
      "vic": {
        "price": 0.95,
        "promoText": " ",
        "packageSize": "125g",
        "packagePrice": "$0.76 per 100G"
      }
    }
  },
  {
    "id": "kettle-flat-bread-crackers-sea-salt",
    "brand": "Kettle",
    "name": "Sea Salt Flat Bread Crackers",
    "imageUrl": "https://shop.coles.com.au/wcsstore/Coles-CAS/images/3/4/9/3496445-th.jpg",
    "categories": ["entertaining-at-home"],
    "tags": ["snacks-for-entertaining", "crackers-for-entertaining"],
    "locations": {
      "vic": {
        "price": 3.5,
        "promoText": "$1.00 ",
        "packageSize": "150g",
        "packagePrice": "$2.33 per 100G"
      }
    }
  },
  {
    "id": "ryvita-crispbread-multi-grain",
    "brand": "Ryvita",
    "name": "Multigrain Rye Crispbread",
    "imageUrl": "https://shop.coles.com.au/wcsstore/Coles-CAS/images/9/7/0/9702619-th.jpg",
    "categories": ["entertaining-at-home"],
    "tags": ["snacks-for-entertaining", "crackers-for-entertaining"],
    "locations": {
      "vic": {
        "price": 2.85,
        "promoText": " ",
        "packageSize": "250g",
        "packagePrice": "$1.14 per 100G"
      }
    }
  },
  {
    "id": "water-thins-crispbread-natural-mini",
    "brand": "Waterthins",
    "name": "Natural Fine Wafer Crackers",
    "imageUrl": "https://shop.coles.com.au/wcsstore/Coles-CAS/images/9/2/0/9207267-th.jpg",
    "categories": ["entertaining-at-home"],
    "tags": ["snacks-for-entertaining", "crackers-for-entertaining"],
    "locations": {
      "vic": {
        "price": 3.2,
        "promoText": " ",
        "packageSize": "150g",
        "packagePrice": "$2.13 per 100G"
      }
    }
  },
  {
    "id": "arnotts-crispbread-salada-light-original",
    "brand": "Arnott's",
    "name": "Light Original Salada",
    "imageUrl": "https://shop.coles.com.au/wcsstore/Coles-CAS/images/7/4/1/7411932-th.jpg",
    "categories": ["entertaining-at-home"],
    "tags": ["snacks-for-entertaining", "crackers-for-entertaining"],
    "locations": {
      "vic": {
        "price": 3.2,
        "promoText": " ",
        "packageSize": "250g",
        "packagePrice": "$1.28 per 100G"
      }
    }
  },
  {
    "id": "arnotts-crackers-sao",
    "brand": "Arnott's",
    "name": "Sao Crackers",
    "imageUrl": "https://shop.coles.com.au/wcsstore/Coles-CAS/images/3/2/9/329152-th.jpg",
    "categories": ["entertaining-at-home"],
    "tags": ["snacks-for-entertaining", "crackers-for-entertaining"],
    "locations": {
      "vic": {
        "price": 3.2,
        "promoText": " ",
        "packageSize": "250g",
        "packagePrice": "$1.28 per 100G"
      }
    }
  },
  {
    "id": "arnotts-chips-cracker-bals-vinegar-salt",
    "brand": "Arnott's",
    "name": "Balsamic Vinegar & Sea Salt Cracker Chips",
    "imageUrl": "https://shop.coles.com.au/wcsstore/Coles-CAS/images/3/4/4/3449401-th.jpg",
    "categories": ["entertaining-at-home"],
    "tags": ["snacks-for-entertaining", "crackers-for-entertaining"],
    "locations": {
      "vic": {
        "price": 3,
        "promoText": "$1.50 ",
        "packageSize": "150g",
        "packagePrice": "$2.00 per 100G"
      }
    }
  },
  {
    "id": "nabisco-water-crackers-captains-table-cracked-pepper",
    "brand": "Captain's Table",
    "name": "Cracked Pepper Water Crackers",
    "imageUrl": "https://shop.coles.com.au/wcsstore/Coles-CAS/images/8/8/4/8841405-th.jpg",
    "categories": ["entertaining-at-home"],
    "tags": ["snacks-for-entertaining", "crackers-for-entertaining"],
    "locations": {
      "vic": {
        "price": 1.8,
        "promoText": " ",
        "packageSize": "125g",
        "packagePrice": "$1.44 per 100G"
      }
    }
  },
  {
    "id": "coles-rice-crackers-brown-rice",
    "brand": "Coles",
    "name": "Brown Rice Crackers",
    "imageUrl": "https://shop.coles.com.au/wcsstore/Coles-CAS/images/2/1/4/2146641-th.jpg",
    "categories": ["entertaining-at-home"],
    "tags": ["snacks-for-entertaining", "crackers-for-entertaining"],
    "locations": {
      "vic": {
        "price": 1.35,
        "promoText": "Was $1.40 on Jul 2018 ",
        "packageSize": "100g",
        "packagePrice": "$1.35 per 100G"
      }
    }
  },
  {
    "id": "olinas-artisan-crackers-fig-olive",
    "brand": "Olina's",
    "name": "Fig & Black Olive Artisan Crackers",
    "imageUrl": "https://shop.coles.com.au/wcsstore/Coles-CAS/images/3/4/9/3491099-th.jpg",
    "categories": ["entertaining-at-home"],
    "tags": ["snacks-for-entertaining", "crackers-for-entertaining"],
    "locations": {
      "vic": {
        "price": 4,
        "promoText": " ",
        "packageSize": "100g",
        "packagePrice": "$4.00 per 100G"
      }
    }
  },
  {
    "id": "olinas-artisan-crackers-date-apricot",
    "brand": "Olina's",
    "name": "Date & Apricot Artisan Crackers",
    "imageUrl": "https://shop.coles.com.au/wcsstore/Coles-CAS/images/3/4/9/3491088-th.jpg",
    "categories": ["entertaining-at-home"],
    "tags": ["snacks-for-entertaining", "crackers-for-entertaining"],
    "locations": {
      "vic": {
        "price": 4,
        "promoText": " ",
        "packageSize": "100g",
        "packagePrice": "$4.00 per 100G"
      }
    }
  },
  {
    "id": "pureharvest--rice-cakes-organic",
    "brand": "Pureharvest",
    "name": "Organic Rice Cakes",
    "imageUrl": "https://shop.coles.com.au/wcsstore/Coles-CAS/images/5/7/4/5748403-th.jpg",
    "categories": ["entertaining-at-home", "healthy-living"],
    "tags": ["snacks-for-entertaining", "crackers-for-entertaining"],
    "locations": {
      "vic": {
        "price": 1.7,
        "promoText": " ",
        "packageSize": "150g",
        "packagePrice": "$1.13 per 100G"
      }
    }
  },
  {
    "id": "always-fresh-grissini-bread-sticks-sesame-sea-salt",
    "brand": "Always Fresh",
    "name": "Grissini Sesame Sea Salt",
    "imageUrl": "https://shop.coles.com.au/wcsstore/Coles-CAS/images/5/0/8/5085805-th.jpg",
    "categories": ["entertaining-at-home"],
    "tags": ["snacks-for-entertaining", "crackers-for-entertaining"],
    "locations": {
      "vic": {
        "price": 3.45,
        "promoText": " ",
        "packageSize": "125g",
        "packagePrice": "$2.76 per 100G"
      }
    }
  },
  {
    "id": "arnotts-chips-cracker-honey-soy-chicken",
    "brand": "Arnott's",
    "name": "Honey Soy Chicken Cracker Chips",
    "imageUrl": "https://shop.coles.com.au/wcsstore/Coles-CAS/images/3/4/4/3449398-th.jpg",
    "categories": ["entertaining-at-home"],
    "tags": ["snacks-for-entertaining", "crackers-for-entertaining"],
    "locations": {
      "vic": {
        "price": 3,
        "promoText": "$1.50 ",
        "packageSize": "150g",
        "packagePrice": "$2.00 per 100G"
      }
    }
  },
  {
    "id": "fantastic-delites-honey-soy-chicken-rice-snacks",
    "brand": "Fantastic",
    "name": "Delites Honey Soy Chicken Rice Snacks",
    "imageUrl": "https://shop.coles.com.au/wcsstore/Coles-CAS/images/2/4/6/2469618-th.jpg",
    "categories": ["entertaining-at-home"],
    "tags": ["snacks-for-entertaining", "crackers-for-entertaining"],
    "locations": {
      "vic": {
        "price": 2,
        "promoText": " ",
        "packageSize": "100g",
        "packagePrice": "$2.00 per 100G"
      }
    }
  },
  {
    "id": "peckish-rice-crackers-sour-cream-chives",
    "brand": "Peckish",
    "name": "Sour Cream & Chives Rice Crackers",
    "imageUrl": "https://shop.coles.com.au/wcsstore/Coles-CAS/images/9/9/9/9999358-th.jpg",
    "categories": ["entertaining-at-home"],
    "tags": ["snacks-for-entertaining", "crackers-for-entertaining"],
    "locations": {
      "vic": {
        "price": 2.2,
        "promoText": " ",
        "packageSize": "100g",
        "packagePrice": "$2.20 per 100G"
      }
    }
  },
  {
    "id": "peckish-rice-crackers-salt-vinegar",
    "brand": "Peckish",
    "name": "Sea Salt & Vinegar Rice Crackers",
    "imageUrl": "https://shop.coles.com.au/wcsstore/Coles-CAS/images/9/9/9/9999347-th.jpg",
    "categories": ["entertaining-at-home"],
    "tags": ["snacks-for-entertaining", "crackers-for-entertaining"],
    "locations": {
      "vic": {
        "price": 2.2,
        "promoText": " ",
        "packageSize": "100g",
        "packagePrice": "$2.20 per 100G"
      }
    }
  },
  {
    "id": "sakata-rice-crackers-sour-cream-chives",
    "brand": "Sakata",
    "name": "Chicken Rice Crackers",
    "imageUrl": "https://shop.coles.com.au/wcsstore/Coles-CAS/images/9/6/1/9610634-th.jpg",
    "categories": ["entertaining-at-home"],
    "tags": ["snacks-for-entertaining", "crackers-for-entertaining"],
    "locations": {
      "vic": {
        "price": 1.6,
        "promoText": "$0.40 ",
        "packageSize": "100g",
        "packagePrice": "$1.60 per 100G"
      }
    }
  },
  {
    "id": "peckish-rice-crackers-tangy-bbq",
    "brand": "Peckish",
    "name": "Tangy BBQ Rice Crackers",
    "imageUrl": "https://shop.coles.com.au/wcsstore/Coles-CAS/images/1/5/7/1574173-th.jpg",
    "categories": ["entertaining-at-home"],
    "tags": ["snacks-for-entertaining", "crackers-for-entertaining"],
    "locations": {
      "vic": {
        "price": 2.2,
        "promoText": " ",
        "packageSize": "100g",
        "packagePrice": "$2.20 per 100G"
      }
    }
  },
  {
    "id": "coles-simply-less-crispbread",
    "brand": "Coles",
    "name": "Crispbread Original",
    "imageUrl": "https://shop.coles.com.au/wcsstore/Coles-CAS/images/9/8/8/9889495-th.jpg",
    "categories": ["entertaining-at-home"],
    "tags": ["snacks-for-entertaining", "crackers-for-entertaining"],
    "locations": {
      "vic": {
        "price": 2,
        "promoText": " ",
        "packageSize": "125g",
        "packagePrice": "$1.60 per 100G"
      }
    }
  },
  {
    "id": "sakata-rice-crackers-extra-tasty-cheddar-cheese",
    "brand": "Sakata",
    "name": "Extra Tasty Cheddar Cheese Rice Crackers",
    "imageUrl": "https://shop.coles.com.au/wcsstore/Coles-CAS/images/9/6/1/9610408-th.jpg",
    "categories": ["entertaining-at-home"],
    "tags": ["snacks-for-entertaining", "crackers-for-entertaining"],
    "locations": {
      "vic": {
        "price": 1.6,
        "promoText": "$0.40 ",
        "packageSize": "100g",
        "packagePrice": "$1.60 per 100G"
      }
    }
  },
  {
    "id": "always-fresh-mini-toasts-value-pack",
    "brand": "Always Fresh",
    "name": "Mini Toasts Value Pack",
    "imageUrl": "https://shop.coles.com.au/wcsstore/Coles-CAS/images/2/4/6/2469695-th.jpg",
    "categories": ["entertaining-at-home"],
    "tags": ["snacks-for-entertaining", "crackers-for-entertaining"],
    "locations": {
      "vic": {
        "price": 2,
        "promoText": " ",
        "packageSize": "90g",
        "packagePrice": "$2.22 per 100G"
      }
    }
  },
  {
    "id": "arnotts-chips-cracker-sea-salt",
    "brand": "Arnott's",
    "name": "Sea Salt Cracker Chips",
    "imageUrl": "https://shop.coles.com.au/wcsstore/Coles-CAS/images/3/4/4/3449423-th.jpg",
    "categories": ["entertaining-at-home"],
    "tags": ["snacks-for-entertaining", "crackers-for-entertaining"],
    "locations": {
      "vic": {
        "price": 3,
        "promoText": "$1.50 ",
        "packageSize": "150g",
        "packagePrice": "$2.00 per 100G"
      }
    }
  },
  {
    "id": "coles-snack-bites-pizza",
    "brand": "Coles",
    "name": "Chicken Snack Bites",
    "imageUrl": "https://shop.coles.com.au/wcsstore/Coles-CAS/images/2/0/9/2099574-th.jpg",
    "categories": ["entertaining-at-home"],
    "tags": ["snacks-for-entertaining", "crackers-for-entertaining"],
    "locations": {
      "vic": {
        "price": 1.4,
        "promoText": " ",
        "packageSize": "200g",
        "packagePrice": "$0.70 per 100G"
      }
    }
  },
  {
    "id": "coles-cracker-squares",
    "brand": "Coles",
    "name": "Cracker Squares",
    "imageUrl": "https://shop.coles.com.au/wcsstore/Coles-CAS/images/2/4/7/2471835-th.jpg",
    "categories": ["entertaining-at-home"],
    "tags": ["snacks-for-entertaining", "crackers-for-entertaining"],
    "locations": {
      "vic": {
        "price": 0.95,
        "promoText": " ",
        "packageSize": "250g",
        "packagePrice": "$0.38 per 100G"
      }
    }
  },
  {
    "id": "coles-assorted-crackers-selection",
    "brand": "Coles",
    "name": "Assorted Crackers",
    "imageUrl": "https://shop.coles.com.au/wcsstore/Coles-CAS/images/3/4/6/3468337-th.jpg",
    "categories": ["entertaining-at-home"],
    "tags": ["snacks-for-entertaining", "crackers-for-entertaining"],
    "locations": {
      "vic": {
        "price": 4,
        "promoText": " ",
        "packageSize": "250g",
        "packagePrice": "$1.60 per 100G"
      }
    }
  },
  {
    "id": "waterthins-cheese-twists-classic-cheddar",
    "brand": "Waterthins",
    "name": "Classic Cheddar Cheese Twists  Biscuits",
    "imageUrl": "https://shop.coles.com.au/wcsstore/Coles-CAS/images/9/4/8/9482330-th.jpg",
    "categories": ["entertaining-at-home"],
    "tags": ["snacks-for-entertaining", "crackers-for-entertaining"],
    "locations": {
      "vic": {
        "price": 4,
        "promoText": " ",
        "packageSize": "110g",
        "packagePrice": "$3.64 per 100G"
      }
    }
  },
  {
    "id": "the-natural-cracker-co-crackers-seasalt-vinegar",
    "brand": "The Natural Cracker Co",
    "name": "Sea salt & Vinegar Crispy Crackers",
    "imageUrl": "https://shop.coles.com.au/wcsstore/Coles-CAS/images/3/4/4/3449842-th.jpg",
    "categories": ["entertaining-at-home"],
    "tags": ["snacks-for-entertaining", "crackers-for-entertaining"],
    "locations": {
      "vic": {
        "price": 3.5,
        "promoText": " ",
        "packageSize": "160g",
        "packagePrice": "$2.19 per 100G"
      }
    }
  },
  {
    "id": "coles-crackers-checkers",
    "brand": "Coles",
    "name": "Checkers Crackers",
    "imageUrl": "https://shop.coles.com.au/wcsstore/Coles-CAS/images/7/4/6/7468929-th.jpg",
    "categories": ["entertaining-at-home"],
    "tags": ["snacks-for-entertaining", "crackers-for-entertaining"],
    "locations": {
      "vic": {
        "price": 1.5,
        "promoText": " ",
        "packageSize": "250g",
        "packagePrice": "$0.60 per 100G"
      }
    }
  },
  {
    "id": "parkers-pretzels-baked-twist",
    "brand": "Parker's",
    "name": "Baked Twists Pretzels",
    "imageUrl": "https://shop.coles.com.au/wcsstore/Coles-CAS/images/6/1/3/6133970-th.jpg",
    "categories": ["entertaining-at-home"],
    "tags": ["snacks-for-entertaining", "popcorn-pretzels"],
    "locations": {
      "vic": {
        "price": 3.55,
        "promoText": " ",
        "packageSize": "200g",
        "packagePrice": "$1.78 per 100G"
      }
    }
  },
  {
    "id": "parkers-pretzels-baked-minis",
    "brand": "Parker's",
    "name": "Baked Mini Pretzels",
    "imageUrl": "https://shop.coles.com.au/wcsstore/Coles-CAS/images/5/2/3/5238054-th.jpg",
    "categories": ["entertaining-at-home"],
    "tags": ["snacks-for-entertaining", "popcorn-pretzels"],
    "locations": {
      "vic": {
        "price": 3.55,
        "promoText": " ",
        "packageSize": "225g",
        "packagePrice": "$1.58 per 100G"
      }
    }
  },
  {
    "id": "coles--microwave-salted-popcorn",
    "brand": "Coles",
    "name": "Lightly Salted Microwave Popcorn",
    "imageUrl": "https://shop.coles.com.au/wcsstore/Coles-CAS/images/2/6/6/2663075-th.jpg",
    "categories": ["entertaining-at-home"],
    "tags": ["snacks-for-entertaining", "popcorn-pretzels"],
    "locations": {
      "vic": {
        "price": 0.95,
        "promoText": " ",
        "packageSize": "80g",
        "packagePrice": "$1.19 per 100G"
      }
    }
  },
  {
    "id": "greens-poppin-popcorn-butter-microwave",
    "brand": "Poppin",
    "name": "Butter Microwave Popcorn",
    "imageUrl": "https://shop.coles.com.au/wcsstore/Coles-CAS/images/8/9/9/8997153-th.jpg",
    "categories": ["entertaining-at-home"],
    "tags": ["snacks-for-entertaining", "popcorn-pretzels"],
    "locations": {
      "vic": {
        "price": 5.55,
        "promoText": " ",
        "packageSize": "400g",
        "packagePrice": "$1.39 per 100G"
      }
    }
  },
  {
    "id": "coles-popcorn-microwave-butter",
    "brand": "Coles",
    "name": "Butter Flavour Microwave Popcorn",
    "imageUrl": "https://shop.coles.com.au/wcsstore/Coles-CAS/images/5/2/0/5207844-th.jpg",
    "categories": ["entertaining-at-home"],
    "tags": ["snacks-for-entertaining", "popcorn-pretzels"],
    "locations": {
      "vic": {
        "price": 0.95,
        "promoText": " ",
        "packageSize": "100g",
        "packagePrice": "$0.95 per 100G"
      }
    }
  },
  {
    "id": "greens-popcorn-poppin-microwave-triple-butter-flavour-explosion",
    "brand": "Poppin",
    "name": "Explosion Triple Butter Popcorn",
    "imageUrl": "https://shop.coles.com.au/wcsstore/Coles-CAS/images/5/7/2/5720743-th.jpg",
    "categories": ["entertaining-at-home"],
    "tags": ["snacks-for-entertaining", "popcorn-pretzels"],
    "locations": {
      "vic": {
        "price": 1.75,
        "promoText": " ",
        "packageSize": "100g",
        "packagePrice": "$1.75 per 100G"
      }
    }
  },
  {
    "id": "greens-popcorn-poppin-microwave-butter-flavour",
    "brand": "Poppin",
    "name": "Butter Microwave Popcorn",
    "imageUrl": "https://shop.coles.com.au/wcsstore/Coles-CAS/images/1/5/3/153941-th.jpg",
    "categories": ["entertaining-at-home"],
    "tags": ["snacks-for-entertaining", "popcorn-pretzels"],
    "locations": {
      "vic": {
        "price": 1.75,
        "promoText": " ",
        "packageSize": "100g",
        "packagePrice": "$1.75 per 100G"
      }
    }
  },
  {
    "id": "poppin-microwave-popcorn-triple-butter",
    "brand": "Poppin",
    "name": "Triple Butter Microwave Popcorn",
    "imageUrl": "https://shop.coles.com.au/wcsstore/Coles-CAS/images/8/2/1/8213796-th.jpg",
    "categories": ["entertaining-at-home"],
    "tags": ["snacks-for-entertaining", "popcorn-pretzels"],
    "locations": {
      "vic": {
        "price": 5.55,
        "promoText": " ",
        "packageSize": "400g",
        "packagePrice": "$1.39 per 100G"
      }
    }
  },
  {
    "id": "coles-pretzel-twists",
    "brand": "Coles",
    "name": "Salted Pretzel Twists",
    "imageUrl": "https://shop.coles.com.au/wcsstore/Coles-CAS/images/2/0/6/2062290-th.jpg",
    "categories": ["entertaining-at-home"],
    "tags": ["snacks-for-entertaining", "popcorn-pretzels"],
    "locations": {
      "vic": {
        "price": 2.6,
        "promoText": " ",
        "packageSize": "200g",
        "packagePrice": "$1.30 per 100G"
      }
    }
  },
  {
    "id": "jonnys-popcorn-delights-caramel-3531546p",
    "brand": "Jonny's",
    "name": "Caramel Popcorn Delights",
    "imageUrl": "https://shop.coles.com.au/wcsstore/Coles-CAS/images/3/5/3/3531546-th.jpg",
    "categories": ["entertaining-at-home"],
    "tags": ["snacks-for-entertaining", "popcorn-pretzels"],
    "locations": {
      "vic": {
        "price": 2.8,
        "promoText": " ",
        "packageSize": "142g",
        "packagePrice": "$1.97 per 100G"
      }
    }
  },
  {
    "id": "nobbys-nuts-peanuts-salted",
    "brand": "Nobby's",
    "name": "Salted Peanuts",
    "imageUrl": "https://shop.coles.com.au/wcsstore/Coles-CAS/images/1/6/9/169828-th.jpg",
    "categories": ["entertaining-at-home"],
    "tags": ["snacks-for-entertaining", "nuts-for-entertaining"],
    "locations": {
      "vic": {
        "price": 3,
        "promoText": "$0.50 ",
        "packageSize": "375g",
        "packagePrice": "$8.00 per 1Kg"
      }
    }
  },
  {
    "id": "nobbys-nuts-mixed-salted",
    "brand": "Nobby's",
    "name": "Salted Mixed Nuts",
    "imageUrl": "https://shop.coles.com.au/wcsstore/Coles-CAS/images/3/1/0/310289-th.jpg",
    "categories": ["entertaining-at-home"],
    "tags": ["snacks-for-entertaining", "nuts-for-entertaining"],
    "locations": {
      "vic": {
        "price": 6.65,
        "promoText": " ",
        "packageSize": "375g",
        "packagePrice": "$17.73 per 1Kg"
      }
    }
  },
  {
    "id": "nobbys-nuts-cashews-salted",
    "brand": "Nobby's",
    "name": "Salted Cashews",
    "imageUrl": "https://shop.coles.com.au/wcsstore/Coles-CAS/images/8/3/3/8331872-th.jpg",
    "categories": ["entertaining-at-home"],
    "tags": ["snacks-for-entertaining", "nuts-for-entertaining"],
    "locations": {
      "vic": {
        "price": 9.55,
        "promoText": " ",
        "packageSize": "300g",
        "packagePrice": "$31.83 per 1Kg"
      }
    }
  },
  {
    "id": "majans-bhuja-original-mix",
    "brand": "Majans Bhuja",
    "name": "Original Mix",
    "imageUrl": "https://shop.coles.com.au/wcsstore/Coles-CAS/images/2/5/2/2523327-th.jpg",
    "categories": ["entertaining-at-home"],
    "tags": ["snacks-for-entertaining", "nuts-for-entertaining"],
    "locations": {
      "vic": {
        "price": 3.85,
        "promoText": "Any 2 $5",
        "packageSize": "200g",
        "packagePrice": "$19.25 per 1Kg"
      }
    }
  },
  {
    "id": "coles-unsalted-peanuts",
    "brand": "Coles",
    "name": "Australian Peanuts Unsalted",
    "imageUrl": "https://shop.coles.com.au/wcsstore/Coles-CAS/images/2/5/1/2518746-th.jpg",
    "categories": ["entertaining-at-home"],
    "tags": ["snacks-for-entertaining", "nuts-for-entertaining"],
    "locations": {
      "vic": {
        "price": 3,
        "promoText": " ",
        "packageSize": "375g",
        "packagePrice": "$8.00 per 1Kg"
      }
    }
  },
  {
    "id": "coles-salted-peanuts",
    "brand": "Coles",
    "name": "Salted Peanuts",
    "imageUrl": "https://shop.coles.com.au/wcsstore/Coles-CAS/images/2/5/1/2518735-th.jpg",
    "categories": ["entertaining-at-home"],
    "tags": ["snacks-for-entertaining", "nuts-for-entertaining"],
    "locations": {
      "vic": {
        "price": 3,
        "promoText": " ",
        "packageSize": "375g",
        "packagePrice": "$8.00 per 1Kg"
      }
    }
  },
  {
    "id": "coles-unsalted-mixed-nuts",
    "brand": "Coles",
    "name": "Unsalted Mixed Nuts",
    "imageUrl": "https://shop.coles.com.au/wcsstore/Coles-CAS/images/2/5/2/2522302-th.jpg",
    "categories": ["entertaining-at-home"],
    "tags": ["snacks-for-entertaining", "nuts-for-entertaining"],
    "locations": {
      "vic": {
        "price": 5.35,
        "promoText": " ",
        "packageSize": "375g",
        "packagePrice": "$14.27 per 1Kg"
      }
    }
  },
  {
    "id": "coles-unsalted-cashews",
    "brand": "Coles",
    "name": "Jumbo Unsalted Cashews",
    "imageUrl": "https://shop.coles.com.au/wcsstore/Coles-CAS/images/2/5/2/2522368-th.jpg",
    "categories": ["entertaining-at-home"],
    "tags": ["snacks-for-entertaining", "nuts-for-entertaining"],
    "locations": {
      "vic": {
        "price": 5.5,
        "promoText": " ",
        "packageSize": "200g",
        "packagePrice": "$27.50 per 1Kg"
      }
    }
  },
  {
    "id": "majans-bhuja-cracker-mix",
    "brand": "Majans Bhuja",
    "name": "Cracker Mix",
    "imageUrl": "https://shop.coles.com.au/wcsstore/Coles-CAS/images/2/5/2/2523338-th.jpg",
    "categories": ["entertaining-at-home"],
    "tags": ["snacks-for-entertaining", "nuts-for-entertaining"],
    "locations": {
      "vic": {
        "price": 3.85,
        "promoText": "Any 2 $5",
        "packageSize": "200g",
        "packagePrice": "$19.25 per 1Kg"
      }
    }
  },
  {
    "id": "coles-salted-mixed-nuts",
    "brand": "Coles",
    "name": "Salted Mixed Nuts",
    "imageUrl": "https://shop.coles.com.au/wcsstore/Coles-CAS/images/2/5/2/2522299-th.jpg",
    "categories": ["entertaining-at-home"],
    "tags": ["snacks-for-entertaining", "nuts-for-entertaining"],
    "locations": {
      "vic": {
        "price": 5.35,
        "promoText": " ",
        "packageSize": "375g",
        "packagePrice": "$14.27 per 1Kg"
      }
    }
  },
  {
    "id": "coles-salted-cashews",
    "brand": "Coles",
    "name": "Jumbo Salted Cashews",
    "imageUrl": "https://shop.coles.com.au/wcsstore/Coles-CAS/images/2/5/2/2522357-th.jpg",
    "categories": ["entertaining-at-home"],
    "tags": ["snacks-for-entertaining", "nuts-for-entertaining"],
    "locations": {
      "vic": {
        "price": 5.5,
        "promoText": " ",
        "packageSize": "200g",
        "packagePrice": "$27.50 per 1Kg"
      }
    }
  },
  {
    "id": "majans-bhuja-ancient-grain-nut-twists",
    "brand": "Majans Bhuja",
    "name": "Gluten Free Ancient Grain Twists With Chia And Quinoa",
    "imageUrl": "https://shop.coles.com.au/wcsstore/Coles-CAS/images/2/5/2/2523371-th.jpg",
    "categories": ["entertaining-at-home"],
    "tags": ["snacks-for-entertaining", "nuts-for-entertaining"],
    "locations": {
      "vic": {
        "price": 3.85,
        "promoText": "Any 2 $5",
        "packageSize": "140g",
        "packagePrice": "$27.50 per 1Kg"
      }
    }
  },
  {
    "id": "coles-salted-mixed-nuts-2536012p",
    "brand": "Coles",
    "name": "Salted Mixed Nuts",
    "imageUrl": "https://shop.coles.com.au/wcsstore/Coles-CAS/images/2/5/3/2536012-th.jpg",
    "categories": ["entertaining-at-home"],
    "tags": ["snacks-for-entertaining", "nuts-for-entertaining"],
    "locations": {
      "vic": {
        "price": 3,
        "promoText": " ",
        "packageSize": "375g",
        "packagePrice": "$8.00 per 1Kg"
      }
    }
  },
  {
    "id": "majans-bhuja-nut-mix",
    "brand": "Majans Bhuja",
    "name": "Nut Mix",
    "imageUrl": "https://shop.coles.com.au/wcsstore/Coles-CAS/images/9/2/7/9272940-th.jpg",
    "categories": ["entertaining-at-home"],
    "tags": ["snacks-for-entertaining", "nuts-for-entertaining"],
    "locations": {
      "vic": {
        "price": 3.85,
        "promoText": "Any 2 $5",
        "packageSize": "150g",
        "packagePrice": "$25.67 per 1Kg"
      }
    }
  },
  {
    "id": "majans-bhuja-beernut-mix",
    "brand": "Majans Bhuja",
    "name": "Gluten Free Beer Mix",
    "imageUrl": "https://shop.coles.com.au/wcsstore/Coles-CAS/images/2/5/2/2523291-th.jpg",
    "categories": ["entertaining-at-home"],
    "tags": ["snacks-for-entertaining", "nuts-for-entertaining"],
    "locations": {
      "vic": {
        "price": 3.85,
        "promoText": "Any 2 $5",
        "packageSize": "160g",
        "packagePrice": "$24.06 per 1Kg"
      }
    }
  },
  {
    "id": "nobbys-nuts-beernuts",
    "brand": "Nobby's",
    "name": "Beernuts",
    "imageUrl": "https://shop.coles.com.au/wcsstore/Coles-CAS/images/1/8/4/184253-th.jpg",
    "categories": ["entertaining-at-home"],
    "tags": ["snacks-for-entertaining", "nuts-for-entertaining"],
    "locations": {
      "vic": {
        "price": 3,
        "promoText": "$0.50 ",
        "packageSize": "375g",
        "packagePrice": "$8.00 per 1Kg"
      }
    }
  },
  {
    "id": "red-rock-deli--nuts-honey-salt",
    "brand": "Red Rock Deli",
    "name": "Nuts Sweet Honey & Sea Salt",
    "imageUrl": "https://shop.coles.com.au/wcsstore/Coles-CAS/images/2/9/6/2962451-th.jpg",
    "categories": ["entertaining-at-home"],
    "tags": ["snacks-for-entertaining", "nuts-for-entertaining"],
    "locations": {
      "vic": {
        "price": 4,
        "promoText": "Any 2 $7",
        "packageSize": "130g",
        "packagePrice": "$30.77 per 1Kg"
      }
    }
  },
  {
    "id": "picky-picky-peanuts-sweet-chilli-lime-flavoured",
    "brand": "Picky Picky Peanuts",
    "name": "Sweet Chilli & Lime Flavoured",
    "imageUrl": "https://shop.coles.com.au/wcsstore/Coles-CAS/images/3/5/7/3571143-th.jpg",
    "categories": ["entertaining-at-home"],
    "tags": ["snacks-for-entertaining", "nuts-for-entertaining"],
    "locations": {
      "vic": {
        "price": 2.25,
        "promoText": "$2.25 ",
        "packageSize": "200g",
        "packagePrice": "$1.13 per 100G"
      }
    }
  },
  {
    "id": "picky-picky-peanuts-savoury-honey-roasted",
    "brand": "Picky Picky Peanuts",
    "name": "Sea Salt & Pepper",
    "imageUrl": "https://shop.coles.com.au/wcsstore/Coles-CAS/images/3/5/7/3571121-th.jpg",
    "categories": ["entertaining-at-home"],
    "tags": ["snacks-for-entertaining", "nuts-for-entertaining"],
    "locations": {
      "vic": {
        "price": 2.25,
        "promoText": "$2.25 ",
        "packageSize": "200g",
        "packagePrice": "$11.25 per 1Kg"
      }
    }
  },
  {
    "id": "red-rock-deli-glazed-nut-apple-cinnamon-crumble",
    "brand": "Red Rock Deli",
    "name": "Cinnamon & Apple Crumble Glazed Mix",
    "imageUrl": "https://shop.coles.com.au/wcsstore/Coles-CAS/images/3/5/9/3593180-th.jpg",
    "categories": ["entertaining-at-home"],
    "tags": ["snacks-for-entertaining", "nuts-for-entertaining"],
    "locations": {
      "vic": {
        "price": 4,
        "promoText": "Any 2 $7",
        "packageSize": "100g",
        "packagePrice": "$4.00 per 100G"
      }
    }
  },
  {
    "id": "red-rock-deli-mixed-nuts-balsamic-vinegar-chilli",
    "brand": "Red Rock Deli",
    "name": "Balsamic Vinegar & Chilli Roasted Mixed Nuts",
    "imageUrl": "https://shop.coles.com.au/wcsstore/Coles-CAS/images/3/5/7/3572190-th.jpg",
    "categories": ["entertaining-at-home"],
    "tags": ["snacks-for-entertaining", "nuts-for-entertaining"],
    "locations": {
      "vic": {
        "price": 4,
        "promoText": "Any 2 $7",
        "packageSize": "100g",
        "packagePrice": "$4.00 per 100G"
      }
    }
  },
  {
    "id": "red-rock-deli-nuts-garlic-lemon",
    "brand": "Red Rock Deli",
    "name": "Caramelised Garlic & Lemon Roasted Mixed Nuts",
    "imageUrl": "https://shop.coles.com.au/wcsstore/Coles-CAS/images/3/5/7/3572180-th.jpg",
    "categories": ["entertaining-at-home"],
    "tags": ["snacks-for-entertaining", "nuts-for-entertaining"],
    "locations": {
      "vic": {
        "price": 4,
        "promoText": "Any 2 $7",
        "packageSize": "100g",
        "packagePrice": "$4.00 per 100G"
      }
    }
  },
  {
    "id": "majans-bhuja-pea-mix",
    "brand": "Majans Bhuja",
    "name": "Pea Mix",
    "imageUrl": "https://shop.coles.com.au/wcsstore/Coles-CAS/images/3/4/3/3434834-th.jpg",
    "categories": ["entertaining-at-home"],
    "tags": ["snacks-for-entertaining", "nuts-for-entertaining"],
    "locations": {
      "vic": {
        "price": 3.85,
        "promoText": " ",
        "packageSize": "130g",
        "packagePrice": "$2.96 per 100G"
      }
    }
  },
  {
    "id": "nobbys-loaded-nacho-cheese-peanuts",
    "brand": "Nobby's",
    "name": "Loaded Nacho Cheese Snack Mix",
    "imageUrl": "https://shop.coles.com.au/wcsstore/Coles-CAS/images/3/4/3/3433015-th.jpg",
    "categories": ["entertaining-at-home"],
    "tags": ["snacks-for-entertaining", "nuts-for-entertaining"],
    "locations": {
      "vic": {
        "price": 0,
        "promoText": " ",
        "packageSize": "110g",
        "packagePrice": ""
      }
    }
  },
  {
    "id": "picky-picky-peanuts-vegemite-aussie-nuts",
    "brand": "Picky Picky Peanuts",
    "name": "Arnott's BBQ Shapes",
    "imageUrl": "https://shop.coles.com.au/wcsstore/Coles-CAS/images/3/5/7/3571154-th.jpg",
    "categories": ["entertaining-at-home"],
    "tags": ["snacks-for-entertaining", "nuts-for-entertaining"],
    "locations": {
      "vic": {
        "price": 2.25,
        "promoText": "$2.25 ",
        "packageSize": "200g",
        "packagePrice": "$11.25 per 1Kg"
      }
    }
  },
  {
    "id": "red-rock-deli-glazed-nuts-vanilla-cranberry-honey",
    "brand": "Red Rock Deli",
    "name": "Honey Vanilla & Cranberries Glazed Mix",
    "imageUrl": "https://shop.coles.com.au/wcsstore/Coles-CAS/images/3/5/7/3572204-th.jpg",
    "categories": ["entertaining-at-home"],
    "tags": ["snacks-for-entertaining", "nuts-for-entertaining"],
    "locations": {
      "vic": {
        "price": 4,
        "promoText": "Any 2 $7",
        "packageSize": "100g",
        "packagePrice": "$4.00 per 100G"
      }
    }
  },
  {
    "id": "obela-classic-smooth-hommus",
    "brand": "Obela",
    "name": "Classic Smooth Hommus",
    "imageUrl": "https://shop.coles.com.au/wcsstore/Coles-CAS/images/2/0/0/2008750-th.jpg",
    "categories": ["entertaining-at-home", "dairy-eggs-meals"],
    "tags": ["chese-board-selections", "bread-crackers-dip"],
    "locations": {
      "vic": {
        "price": 4,
        "promoText": " ",
        "packageSize": "220g",
        "packagePrice": "$1.82 per 100G"
      }
    }
  },
  {
    "id": "obela-dip-hommus-roasted-pine-nut",
    "brand": "Obela",
    "name": "Roasted Pine Nut Hommus Dip",
    "imageUrl": "https://shop.coles.com.au/wcsstore/Coles-CAS/images/1/3/8/1389615-th.jpg",
    "categories": ["entertaining-at-home", "dairy-eggs-meals"],
    "tags": ["chese-board-selections", "bread-crackers-dip"],
    "locations": {
      "vic": {
        "price": 4.5,
        "promoText": "Any 2 $7",
        "packageSize": "220g",
        "packagePrice": "$2.05 per 100G"
      }
    }
  },
  {
    "id": "obela-hommus-garn-zesty-jalapeno-dip",
    "brand": "Obela",
    "name": "Zesty Jalapeno Hommus Dip",
    "imageUrl": "https://shop.coles.com.au/wcsstore/Coles-CAS/images/1/6/5/1652460-th.jpg",
    "categories": ["entertaining-at-home", "dairy-eggs-meals"],
    "tags": ["chese-board-selections", "bread-crackers-dip"],
    "locations": {
      "vic": {
        "price": 4.5,
        "promoText": "Any 2 $7",
        "packageSize": "220g",
        "packagePrice": "$2.05 per 100G"
      }
    }
  },
  {
    "id": "red-rock-deli-dips-capsicum-basil",
    "brand": "Red Rock Deli",
    "name": "Roasted Red Capsicum Pecorino Cashews & Basil Dip",
    "imageUrl": "https://shop.coles.com.au/wcsstore/Coles-CAS/images/8/7/0/8704947-th.jpg",
    "categories": ["entertaining-at-home", "dairy-eggs-meals"],
    "tags": ["chese-board-selections", "bread-crackers-dip"],
    "locations": {
      "vic": {
        "price": 4.5,
        "promoText": " ",
        "packageSize": "150g",
        "packagePrice": "$3.00 per 100G"
      }
    }
  },
  {
    "id": "kraft-philadelphia-dip-sweet-chilli-pourover",
    "brand": "Philadelphia",
    "name": "Sweet Chilli Philly Pourover Dip",
    "imageUrl": "https://shop.coles.com.au/wcsstore/Coles-CAS/images/9/8/3/9834926-th.jpg",
    "categories": ["entertaining-at-home", "dairy-eggs-meals"],
    "tags": ["chese-board-selections", "bread-crackers-dip"],
    "locations": {
      "vic": {
        "price": 3.5,
        "promoText": "$0.80 ",
        "packageSize": "250g",
        "packagePrice": "$1.40 per 100G"
      }
    }
  },
  {
    "id": "yumis-dip-hommus-middle-eastern-classic",
    "brand": "Yumi's",
    "name": "Gluten Free Traditional Middle Eastern Hommus Dip",
    "imageUrl": "https://shop.coles.com.au/wcsstore/Coles-CAS/images/8/6/7/8670914-th.jpg",
    "categories": ["entertaining-at-home", "dairy-eggs-meals"],
    "tags": ["chese-board-selections", "bread-crackers-dip"],
    "locations": {
      "vic": {
        "price": 3,
        "promoText": "$1.00 ",
        "packageSize": "200g",
        "packagePrice": "$1.50 per 100G"
      }
    }
  },
  {
    "id": "yumis-dip-traditional-hommus",
    "brand": "Yumi's",
    "name": "Gluten Free Traditional Middle Eastern Hommus Dip",
    "imageUrl": "https://shop.coles.com.au/wcsstore/Coles-CAS/images/7/1/0/7106189-th.jpg",
    "categories": ["entertaining-at-home", "dairy-eggs-meals"],
    "tags": ["chese-board-selections", "bread-crackers-dip"],
    "locations": {
      "vic": {
        "price": 7,
        "promoText": " ",
        "packageSize": "1kg",
        "packagePrice": "$0.70 per 100G"
      }
    }
  },
  {
    "id": "coles-dip-hommus",
    "brand": "Coles",
    "name": "Dip Hommus",
    "imageUrl": "https://shop.coles.com.au/wcsstore/Coles-CAS/images/6/5/3/6530721-th.jpg",
    "categories": ["entertaining-at-home", "dairy-eggs-meals"],
    "tags": ["chese-board-selections", "bread-crackers-dip"],
    "locations": {
      "vic": {
        "price": 2,
        "promoText": " ",
        "packageSize": "200g",
        "packagePrice": "$1.00 per 100G"
      }
    }
  },
  {
    "id": "black-swan-dip-hommus-9580680p",
    "brand": "Black Swan",
    "name": "Hommus Dip",
    "imageUrl": "https://shop.coles.com.au/wcsstore/Coles-CAS/images/9/5/8/9580680-th.jpg",
    "categories": ["entertaining-at-home", "dairy-eggs-meals"],
    "tags": ["chese-board-selections", "bread-crackers-dip"],
    "locations": {
      "vic": {
        "price": 3.5,
        "promoText": "Any 2 $6",
        "packageSize": "200g",
        "packagePrice": "$1.75 per 100G"
      }
    }
  },
  {
    "id": "coles-dip-tzatziki",
    "brand": "Coles",
    "name": "Dip Tzatziki",
    "imageUrl": "https://shop.coles.com.au/wcsstore/Coles-CAS/images/6/0/0/6007487-th.jpg",
    "categories": ["entertaining-at-home", "dairy-eggs-meals"],
    "tags": ["chese-board-selections", "bread-crackers-dip"],
    "locations": {
      "vic": {
        "price": 2,
        "promoText": " ",
        "packageSize": "200g",
        "packagePrice": "$1.00 per 100G"
      }
    }
  },
  {
    "id": "obela-classic-guacamole-dip",
    "brand": "Obela",
    "name": "Classic Guacamole Dip",
    "imageUrl": "https://shop.coles.com.au/wcsstore/Coles-CAS/images/2/5/8/2580342-th.jpg",
    "categories": ["entertaining-at-home", "dairy-eggs-meals"],
    "tags": ["chese-board-selections", "bread-crackers-dip"],
    "locations": {
      "vic": {
        "price": 5,
        "promoText": " ",
        "packageSize": "220g",
        "packagePrice": "$2.27 per 100G"
      }
    }
  },
  {
    "id": "black-swan-dip-tzatziki",
    "brand": "Black Swan",
    "name": "Tzatziki Dip",
    "imageUrl": "https://shop.coles.com.au/wcsstore/Coles-CAS/images/9/5/8/9580657-th.jpg",
    "categories": ["entertaining-at-home", "dairy-eggs-meals"],
    "tags": ["chese-board-selections", "bread-crackers-dip"],
    "locations": {
      "vic": {
        "price": 3.5,
        "promoText": "Any 2 $6",
        "packageSize": "200g",
        "packagePrice": "$1.75 per 100G"
      }
    }
  },
  {
    "id": "black-swan-dip-tzatziki-skinny",
    "brand": "Black Swan",
    "name": "Skinny Tzatziki Dip",
    "imageUrl": "https://shop.coles.com.au/wcsstore/Coles-CAS/images/6/8/2/6824063-th.jpg",
    "categories": ["entertaining-at-home", "dairy-eggs-meals"],
    "tags": ["chese-board-selections", "bread-crackers-dip"],
    "locations": {
      "vic": {
        "price": 3.5,
        "promoText": "Any 2 $6",
        "packageSize": "200g",
        "packagePrice": "$1.75 per 100G"
      }
    }
  },
  {
    "id": "coles-dip-avocado",
    "brand": "Coles",
    "name": "Avocado Dip",
    "imageUrl": "https://shop.coles.com.au/wcsstore/Coles-CAS/images/6/5/3/6530710-th.jpg",
    "categories": ["entertaining-at-home", "dairy-eggs-meals"],
    "tags": ["chese-board-selections", "bread-crackers-dip"],
    "locations": {
      "vic": {
        "price": 2,
        "promoText": " ",
        "packageSize": "200g",
        "packagePrice": "$1.00 per 100G"
      }
    }
  },
  {
    "id": "pilpel-dip-hummous",
    "brand": "Pilpel",
    "name": "Gluten Free Hummous Dip",
    "imageUrl": "https://shop.coles.com.au/wcsstore/Coles-CAS/images/7/4/1/7411819-th.jpg",
    "categories": ["entertaining-at-home", "dairy-eggs-meals"],
    "tags": ["chese-board-selections", "bread-crackers-dip"],
    "locations": {
      "vic": {
        "price": 6.5,
        "promoText": " ",
        "packageSize": "350g",
        "packagePrice": "$1.86 per 100G"
      }
    }
  },
  {
    "id": "black-swan-dip-guacamole-8163155p",
    "brand": "Black Swan",
    "name": "Crafted Guacamole Dip",
    "imageUrl": "https://shop.coles.com.au/wcsstore/Coles-CAS/images/8/1/6/8163155-th.jpg",
    "categories": ["entertaining-at-home", "dairy-eggs-meals"],
    "tags": ["chese-board-selections", "bread-crackers-dip"],
    "locations": {
      "vic": {
        "price": 4.3,
        "promoText": " ",
        "packageSize": "200g",
        "packagePrice": "$2.15 per 100G"
      }
    }
  },
  {
    "id": "yumis-dip-classic-italian-olive",
    "brand": "Yumi's",
    "name": "Gluten Free Green Olive Classic Dip",
    "imageUrl": "https://shop.coles.com.au/wcsstore/Coles-CAS/images/8/6/7/8670903-th.jpg",
    "categories": ["entertaining-at-home", "dairy-eggs-meals"],
    "tags": ["chese-board-selections", "bread-crackers-dip"],
    "locations": {
      "vic": {
        "price": 3,
        "promoText": "$1.00 ",
        "packageSize": "200g",
        "packagePrice": "$1.50 per 100G"
      }
    }
  },
  {
    "id": "black-swan-dip-spicy-capsicum",
    "brand": "Black Swan",
    "name": "Spicy Capsicum Dip",
    "imageUrl": "https://shop.coles.com.au/wcsstore/Coles-CAS/images/7/6/0/7604867-th.jpg",
    "categories": ["entertaining-at-home", "dairy-eggs-meals"],
    "tags": ["chese-board-selections", "bread-crackers-dip"],
    "locations": {
      "vic": {
        "price": 3.5,
        "promoText": "Any 2 $6",
        "packageSize": "200g",
        "packagePrice": "$1.75 per 100G"
      }
    }
  },
  {
    "id": "black-swan-dip-french-onion",
    "brand": "Black Swan",
    "name": "French Onion Dip",
    "imageUrl": "https://shop.coles.com.au/wcsstore/Coles-CAS/images/9/5/8/9580704-th.jpg",
    "categories": ["entertaining-at-home", "dairy-eggs-meals"],
    "tags": ["chese-board-selections", "bread-crackers-dip"],
    "locations": {
      "vic": {
        "price": 3.5,
        "promoText": "Any 2 $6",
        "packageSize": "200g",
        "packagePrice": "$1.75 per 100G"
      }
    }
  },
  {
    "id": "black-swan-farmers-best-dip-caramelized-onion",
    "brand": "Black Swan",
    "name": "Crafted Caramelised French Onion Dip",
    "imageUrl": "https://shop.coles.com.au/wcsstore/Coles-CAS/images/7/6/0/7605826-th.jpg",
    "categories": ["entertaining-at-home", "dairy-eggs-meals"],
    "tags": ["chese-board-selections", "bread-crackers-dip"],
    "locations": {
      "vic": {
        "price": 4.3,
        "promoText": " ",
        "packageSize": "200g",
        "packagePrice": "$2.15 per 100G"
      }
    }
  },
  {
    "id": "black-swan-dip-hommus-skinny",
    "brand": "Black Swan",
    "name": "Skinny Hommus Dip",
    "imageUrl": "https://shop.coles.com.au/wcsstore/Coles-CAS/images/6/6/1/6618607-th.jpg",
    "categories": ["entertaining-at-home", "dairy-eggs-meals"],
    "tags": ["chese-board-selections", "bread-crackers-dip"],
    "locations": {
      "vic": {
        "price": 3.5,
        "promoText": "Any 2 $6",
        "packageSize": "200g",
        "packagePrice": "$1.75 per 100G"
      }
    }
  },
  {
    "id": "coles-dip-pesto-basil-gourmet",
    "brand": "Coles",
    "name": "Basil Pesto Gourmet Dips",
    "imageUrl": "https://shop.coles.com.au/wcsstore/Coles-CAS/images/7/5/3/7535710-th.jpg",
    "categories": ["entertaining-at-home", "dairy-eggs-meals"],
    "tags": ["chese-board-selections", "bread-crackers-dip"],
    "locations": {
      "vic": {
        "price": 2.7,
        "promoText": " ",
        "packageSize": "150g",
        "packagePrice": "$1.80 per 100G"
      }
    }
  },
  {
    "id": "black-swan-dip-avocado-with-lemon-sea-salt",
    "brand": "Black Swan",
    "name": "Avocado Dip",
    "imageUrl": "https://shop.coles.com.au/wcsstore/Coles-CAS/images/5/3/7/5371939-th.jpg",
    "categories": ["entertaining-at-home", "dairy-eggs-meals"],
    "tags": ["chese-board-selections", "bread-crackers-dip"],
    "locations": {
      "vic": {
        "price": 3.5,
        "promoText": "Any 2 $6",
        "packageSize": "200g",
        "packagePrice": "$1.75 per 100G"
      }
    }
  },
  {
    "id": "coles-dip-spicy-capsicum",
    "brand": "Coles",
    "name": "Spicy Capsicum Dip Mild",
    "imageUrl": "https://shop.coles.com.au/wcsstore/Coles-CAS/images/8/5/8/8587253-th.jpg",
    "categories": ["entertaining-at-home", "dairy-eggs-meals"],
    "tags": ["chese-board-selections", "bread-crackers-dip"],
    "locations": {
      "vic": {
        "price": 2,
        "promoText": " ",
        "packageSize": "200g",
        "packagePrice": "$1.00 per 100G"
      }
    }
  },
  {
    "id": "red-rock-deli-dip-chunky-pesto-mozzarella-cashew",
    "brand": "Red Rock Deli",
    "name": "Basil Pesto Pecorino & Cashew Dip",
    "imageUrl": "https://shop.coles.com.au/wcsstore/Coles-CAS/images/9/9/3/9934556-th.jpg",
    "categories": ["entertaining-at-home", "dairy-eggs-meals"],
    "tags": ["chese-board-selections", "bread-crackers-dip"],
    "locations": {
      "vic": {
        "price": 4.5,
        "promoText": " ",
        "packageSize": "150g",
        "packagePrice": "$3.00 per 100G"
      }
    }
  },
  {
    "id": "yumis-dip-sweet-potato-cashews",
    "brand": "Yumi's",
    "name": "Gluten Free Classic Sweet Potato & Roasted Cashews Dip",
    "imageUrl": "https://shop.coles.com.au/wcsstore/Coles-CAS/images/6/0/0/6008650-th.jpg",
    "categories": ["entertaining-at-home", "dairy-eggs-meals"],
    "tags": ["chese-board-selections", "bread-crackers-dip"],
    "locations": {
      "vic": {
        "price": 3,
        "promoText": "$1.00 ",
        "packageSize": "200g",
        "packagePrice": "$1.50 per 100G"
      }
    }
  },
  {
    "id": "yumis-avocado-dip",
    "brand": "Yumi's",
    "name": "Gluten Free Avocado With Sea Salt Dip",
    "imageUrl": "https://shop.coles.com.au/wcsstore/Coles-CAS/images/2/0/0/2007474-th.jpg",
    "categories": ["entertaining-at-home", "dairy-eggs-meals"],
    "tags": ["chese-board-selections", "bread-crackers-dip"],
    "locations": {
      "vic": {
        "price": 3,
        "promoText": "$1.00 ",
        "packageSize": "200g",
        "packagePrice": "$1.50 per 100G"
      }
    }
  },
  {
    "id": "snappy-soya-crisps",
    "brand": "Snappy",
    "name": "Soya Crisps",
    "imageUrl": "https://shop.coles.com.au/wcsstore/Coles-CAS/images/8/5/8/8589237-th.jpg",
    "categories": ["entertaining-at-home"],
    "tags": ["chese-board-selections", "bread-crackers-dip"],
    "locations": {
      "vic": {
        "price": 3.6,
        "promoText": " ",
        "packageSize": "200g",
        "packagePrice": "$1.80 per 100G"
      }
    }
  },
  {
    "id": "yumis-mini-middle-eastern-hommus",
    "brand": "Yumi's",
    "name": "Gluten Free Classic Middle Eastern Hommus Mini 3 pack",
    "imageUrl": "https://shop.coles.com.au/wcsstore/Coles-CAS/images/3/0/3/3039410-th.jpg",
    "categories": ["entertaining-at-home", "dairy-eggs-meals"],
    "tags": ["chese-board-selections", "bread-crackers-dip"],
    "locations": {
      "vic": {
        "price": 3,
        "promoText": " ",
        "packageSize": "195g",
        "packagePrice": "$1.54 per 100G"
      }
    }
  },
  {
    "id": "coles-crackers-garlic",
    "brand": "Coles",
    "name": "Garlic Crackers",
    "imageUrl": "https://shop.coles.com.au/wcsstore/Coles-CAS/images/1/2/7/1275671-th.jpg",
    "categories": ["entertaining-at-home"],
    "tags": ["chese-board-selections", "bread-crackers-dip"],
    "locations": {
      "vic": {
        "price": 1.8,
        "promoText": " ",
        "packageSize": "200g",
        "packagePrice": "$0.90 per 100G"
      }
    }
  },
  {
    "id": "black-swan-classic-corn-relish",
    "brand": "Black Swan",
    "name": "Corn Relish",
    "imageUrl": "https://shop.coles.com.au/wcsstore/Coles-CAS/images/3/4/2/3423452-th.jpg",
    "categories": ["entertaining-at-home", "dairy-eggs-meals"],
    "tags": ["chese-board-selections", "bread-crackers-dip"],
    "locations": {
      "vic": {
        "price": 3.5,
        "promoText": "Any 2 $6",
        "packageSize": "200g",
        "packagePrice": "$1.75 per 100G"
      }
    }
  },
  {
    "id": "coles-mini-dips-hommus",
    "brand": "Coles",
    "name": "Mini Hommus Dips 3 Pack",
    "imageUrl": "https://shop.coles.com.au/wcsstore/Coles-CAS/images/9/9/3/9933757-th.jpg",
    "categories": ["entertaining-at-home", "dairy-eggs-meals"],
    "tags": ["chese-board-selections", "bread-crackers-dip"],
    "locations": {
      "vic": {
        "price": 2.5,
        "promoText": " ",
        "packageSize": "180g",
        "packagePrice": "$1.39 per 100G"
      }
    }
  },
  {
    "id": "coles-dip-french-onion",
    "brand": "Coles",
    "name": "French Onion Dip",
    "imageUrl": "https://shop.coles.com.au/wcsstore/Coles-CAS/images/6/5/3/6530743-th.jpg",
    "categories": ["entertaining-at-home", "dairy-eggs-meals"],
    "tags": ["chese-board-selections", "bread-crackers-dip"],
    "locations": {
      "vic": {
        "price": 2,
        "promoText": " ",
        "packageSize": "200g",
        "packagePrice": "$1.00 per 100G"
      }
    }
  },
  {
    "id": "obela-smooth-classic-hommus-dip",
    "brand": "Obela",
    "name": "Classic Hommus Dip",
    "imageUrl": "https://shop.coles.com.au/wcsstore/Coles-CAS/images/3/0/4/3048218-th.jpg",
    "categories": ["entertaining-at-home", "dairy-eggs-meals"],
    "tags": ["chese-board-selections", "bread-crackers-dip"],
    "locations": {
      "vic": {
        "price": 9,
        "promoText": " ",
        "packageSize": "1kg",
        "packagePrice": "$9.00 per 1Kg"
      }
    }
  },
  {
    "id": "farmers-best-dip-bacon-onion",
    "brand": "Black Swan",
    "name": "Crafted Crispy Bacon & Caramelised Onion Dip",
    "imageUrl": "https://shop.coles.com.au/wcsstore/Coles-CAS/images/9/9/8/9980190-th.jpg",
    "categories": ["entertaining-at-home", "dairy-eggs-meals"],
    "tags": ["chese-board-selections", "bread-crackers-dip"],
    "locations": {
      "vic": {
        "price": 4.3,
        "promoText": " ",
        "packageSize": "200g",
        "packagePrice": "$2.15 per 100G"
      }
    }
  },
  {
    "id": "obela-tzatziki-classic",
    "brand": "Obela",
    "name": "Classic Tzatziki With Cucumber Pieces",
    "imageUrl": "https://shop.coles.com.au/wcsstore/Coles-CAS/images/2/8/8/2882851-th.jpg",
    "categories": ["entertaining-at-home", "dairy-eggs-meals"],
    "tags": ["chese-board-selections", "bread-crackers-dip"],
    "locations": {
      "vic": {
        "price": 4.5,
        "promoText": " ",
        "packageSize": "220g",
        "packagePrice": "$2.05 per 100G"
      }
    }
  },
  {
    "id": "black-swan-dip-spring-onion",
    "brand": "Black Swan",
    "name": "Spring Onion Dip",
    "imageUrl": "https://shop.coles.com.au/wcsstore/Coles-CAS/images/6/8/2/6824290-th.jpg",
    "categories": ["entertaining-at-home", "dairy-eggs-meals"],
    "tags": ["chese-board-selections", "bread-crackers-dip"],
    "locations": {
      "vic": {
        "price": 3.5,
        "promoText": "Any 2 $6",
        "packageSize": "200g",
        "packagePrice": "$1.75 per 100G"
      }
    }
  },
  {
    "id": "coles-dip-cheese-chive",
    "brand": "Coles",
    "name": "Dip Cheese & Chive",
    "imageUrl": "https://shop.coles.com.au/wcsstore/Coles-CAS/images/2/8/7/2877498-th.jpg",
    "categories": ["entertaining-at-home", "dairy-eggs-meals"],
    "tags": ["chese-board-selections", "bread-crackers-dip"],
    "locations": {
      "vic": {
        "price": 2,
        "promoText": " ",
        "packageSize": "200g",
        "packagePrice": "$1.00 per 100G"
      }
    }
  },
  {
    "id": "coles-dips-beetroot-hommus",
    "brand": "Coles",
    "name": "Beetroot Hommus Dips",
    "imageUrl": "https://shop.coles.com.au/wcsstore/Coles-CAS/images/3/5/7/3579961-th.jpg",
    "categories": ["entertaining-at-home", "dairy-eggs-meals"],
    "tags": ["chese-board-selections", "bread-crackers-dip"],
    "locations": {
      "vic": {
        "price": 2,
        "promoText": " ",
        "packageSize": "200g",
        "packagePrice": "$1.00 per 100G"
      }
    }
  },
  {
    "id": "coles-dips-corn-relish",
    "brand": "Coles",
    "name": "Dip Corn Relish",
    "imageUrl": "https://shop.coles.com.au/wcsstore/Coles-CAS/images/3/5/7/3579928-th.jpg",
    "categories": ["entertaining-at-home", "dairy-eggs-meals"],
    "tags": ["chese-board-selections", "bread-crackers-dip"],
    "locations": {
      "vic": {
        "price": 2,
        "promoText": " ",
        "packageSize": "200g",
        "packagePrice": "$1.00 per 100G"
      }
    }
  },
  {
    "id": "kraft-philadelphia-cheese-cream-block",
    "brand": "Philadelphia",
    "name": "Original Cream Cheese Block",
    "imageUrl": "https://shop.coles.com.au/wcsstore/Coles-CAS/images/1/9/2/192502-th.jpg",
    "categories": ["entertaining-at-home", "dairy-eggs-meals"],
    "tags": ["chese-board-selections", "cheses-for-entertaining"],
    "locations": {
      "vic": {
        "price": 4.7,
        "promoText": " ",
        "packageSize": "250g",
        "packagePrice": "$1.88 per 100G"
      }
    }
  },
  {
    "id": "philadelphia-regular-cream-cheese-snacktub",
    "brand": "Philadelphia",
    "name": "Spreadable Cream Cheese Snack Tubs 4 pack",
    "imageUrl": "https://shop.coles.com.au/wcsstore/Coles-CAS/images/2/7/8/2782471-th.jpg",
    "categories": ["entertaining-at-home", "dairy-eggs-meals"],
    "tags": ["chese-board-selections", "cheses-for-entertaining"],
    "locations": {
      "vic": {
        "price": 2.8,
        "promoText": "$0.70 ",
        "packageSize": "136g",
        "packagePrice": "$2.06 per 100G"
      }
    }
  },
  {
    "id": "kraft-philadelphia-cheese-cream-spreadable",
    "brand": "Philadelphia",
    "name": "Original Spreadable Cream Cheese Tub",
    "imageUrl": "https://shop.coles.com.au/wcsstore/Coles-CAS/images/5/1/9/5196114-th.jpg",
    "categories": ["entertaining-at-home", "dairy-eggs-meals"],
    "tags": ["chese-board-selections", "cheses-for-entertaining"],
    "locations": {
      "vic": {
        "price": 3.7,
        "promoText": "$1.00 ",
        "packageSize": "250g",
        "packagePrice": "$14.80 per 1Kg"
      }
    }
  },
  {
    "id": "philadelphia-sweet-chilli-pourover",
    "brand": "Philadelphia",
    "name": "Sweet Chilli Pourover",
    "imageUrl": "https://shop.coles.com.au/wcsstore/Coles-CAS/images/3/2/7/3274487-th.jpg",
    "categories": ["entertaining-at-home", "dairy-eggs-meals"],
    "tags": ["chese-board-selections", "cheses-for-entertaining"],
    "locations": {
      "vic": {
        "price": 4,
        "promoText": " ",
        "packageSize": "150g",
        "packagePrice": "$26.67 per 1Kg"
      }
    }
  },
  {
    "id": "philadelphia-cream-for-cooking-regular",
    "brand": "Philadelphia",
    "name": "Cream For Cooking Cream Cheese",
    "imageUrl": "https://shop.coles.com.au/wcsstore/Coles-CAS/images/3/2/7/3275832-th.jpg",
    "categories": ["entertaining-at-home", "dairy-eggs-meals"],
    "tags": ["chese-board-selections", "cheses-for-entertaining"],
    "locations": {
      "vic": {
        "price": 3.3,
        "promoText": " ",
        "packageSize": "250mL",
        "packagePrice": "$1.32 per 100mL"
      }
    }
  },
  {
    "id": "kraft-philadelphia-cheese-cream-spreadable-2-pack",
    "brand": "Philadelphia",
    "name": "Original Cream Cheese Block 2 pack",
    "imageUrl": "https://shop.coles.com.au/wcsstore/Coles-CAS/images/5/0/8/5081291-th.jpg",
    "categories": ["entertaining-at-home", "dairy-eggs-meals"],
    "tags": ["chese-board-selections", "cheses-for-entertaining"],
    "locations": {
      "vic": {
        "price": 8.5,
        "promoText": " ",
        "packageSize": "500g",
        "packagePrice": "$17.00 per 1Kg"
      }
    }
  },
  {
    "id": "coles-cheese-feta-danish-style",
    "brand": "Coles",
    "name": "Danish Style Fetta Cheese",
    "imageUrl": "https://shop.coles.com.au/wcsstore/Coles-CAS/images/9/8/0/9808405-th.jpg",
    "categories": ["entertaining-at-home", "dairy-eggs-meals"],
    "tags": ["chese-board-selections", "cheses-for-entertaining"],
    "locations": {
      "vic": {
        "price": 3,
        "promoText": " ",
        "packageSize": "200g",
        "packagePrice": "$15.00 per 1Kg"
      }
    }
  },
  {
    "id": "bega-cheese-stringers-12-pack",
    "brand": "Bega",
    "name": "Stringers Original Cheese 12 Pack",
    "imageUrl": "https://shop.coles.com.au/wcsstore/Coles-CAS/images/6/0/8/6081118-th.jpg",
    "categories": ["entertaining-at-home", "dairy-eggs-meals"],
    "tags": ["chese-board-selections", "cheses-for-entertaining"],
    "locations": {
      "vic": {
        "price": 7.35,
        "promoText": " ",
        "packageSize": "240g",
        "packagePrice": "$3.06 per 100G"
      }
    }
  },
  {
    "id": "castello-cheese-blue",
    "brand": "Castello",
    "name": "Blue Cheese",
    "imageUrl": "https://shop.coles.com.au/wcsstore/Coles-CAS/images/2/1/2/212188-th.jpg",
    "categories": ["entertaining-at-home", "dairy-eggs-meals"],
    "tags": ["chese-board-selections", "cheses-for-entertaining"],
    "locations": {
      "vic": {
        "price": 6,
        "promoText": "Was $7.20 on May 2018 ",
        "packageSize": "150g",
        "packagePrice": "$40.00 per 1Kg"
      }
    }
  },
  {
    "id": "coles-cheese-bocconcini-mild",
    "brand": "Coles",
    "name": "Cherry Bocconcini",
    "imageUrl": "https://shop.coles.com.au/wcsstore/Coles-CAS/images/7/7/8/7781192-th.jpg",
    "categories": ["entertaining-at-home", "dairy-eggs-meals"],
    "tags": ["chese-board-selections", "cheses-for-entertaining"],
    "locations": {
      "vic": {
        "price": 4,
        "promoText": " ",
        "packageSize": "220g",
        "packagePrice": "$1.82 per 100G"
      }
    }
  },
  {
    "id": "coles-cheese-feta-australian-style",
    "brand": "Coles",
    "name": "Australian Style Fetta Cheese",
    "imageUrl": "https://shop.coles.com.au/wcsstore/Coles-CAS/images/9/8/0/9808755-th.jpg",
    "categories": ["entertaining-at-home", "dairy-eggs-meals"],
    "tags": ["chese-board-selections", "cheses-for-entertaining"],
    "locations": {
      "vic": {
        "price": 3,
        "promoText": " ",
        "packageSize": "200g",
        "packagePrice": "$15.00 per 1Kg"
      }
    }
  },
  {
    "id": "coles-australian-string-cheese",
    "brand": "Coles",
    "name": "Cheesey Peelers 8 Pack",
    "imageUrl": "https://shop.coles.com.au/wcsstore/Coles-CAS/images/1/9/2/1922713-th.jpg",
    "categories": ["entertaining-at-home", "dairy-eggs-meals"],
    "tags": ["chese-board-selections", "cheses-for-entertaining"],
    "locations": {
      "vic": {
        "price": 3.9,
        "promoText": " ",
        "packageSize": "160g",
        "packagePrice": "$24.38 per 1Kg"
      }
    }
  },
  {
    "id": "coles-cypriot-haloumi-with-mint",
    "brand": "Coles",
    "name": "Cypriot Mint Halloumi",
    "imageUrl": "https://shop.coles.com.au/wcsstore/Coles-CAS/images/2/1/7/2173917-th.jpg",
    "categories": ["entertaining-at-home", "dairy-eggs-meals"],
    "tags": ["chese-board-selections", "cheses-for-entertaining"],
    "locations": {
      "vic": {
        "price": 5.25,
        "promoText": " ",
        "packageSize": "250g",
        "packagePrice": "$21.00 per 1Kg"
      }
    }
  },
  {
    "id": "perfect-italiano-cheese-ricotta-smooth-181594p",
    "brand": "Perfect Italiano",
    "name": "Smooth Ricotta Cheese Tub",
    "imageUrl": "https://shop.coles.com.au/wcsstore/Coles-CAS/images/1/8/1/181594-th.jpg",
    "categories": ["entertaining-at-home", "dairy-eggs-meals"],
    "tags": ["chese-board-selections", "cheses-for-entertaining"],
    "locations": {
      "vic": {
        "price": 3.5,
        "promoText": "$0.80 ",
        "packageSize": "250g",
        "packagePrice": "$14.00 per 1Kg"
      }
    }
  },
  {
    "id": "la-casa-del-formaggio-cheese-bocconcini-bambino",
    "brand": "La Casa Del Formaggio",
    "name": "Bambini Bocconcini",
    "imageUrl": "https://shop.coles.com.au/wcsstore/Coles-CAS/images/4/5/3/4537253-th.jpg",
    "categories": ["entertaining-at-home", "dairy-eggs-meals"],
    "tags": ["chese-board-selections", "cheses-for-entertaining"],
    "locations": {
      "vic": {
        "price": 5,
        "promoText": " ",
        "packageSize": "220g",
        "packagePrice": "$22.73 per 1Kg"
      }
    }
  },
  {
    "id": "la-casa-del-formaggio-fresh-mozzarella",
    "brand": "La Casa Del Formaggio",
    "name": "Mozzarella Cheese",
    "imageUrl": "https://shop.coles.com.au/wcsstore/Coles-CAS/images/2/4/6/2462186-th.jpg",
    "categories": ["entertaining-at-home", "dairy-eggs-meals"],
    "tags": ["chese-board-selections", "cheses-for-entertaining"],
    "locations": {
      "vic": {
        "price": 5,
        "promoText": " ",
        "packageSize": "200g",
        "packagePrice": "$25.00 per 1Kg"
      }
    }
  },
  {
    "id": "meredith-dairy-marinated-goat-cheese-6671042p",
    "brand": "Meredith Dairy",
    "name": "Marinated Goat Cheese",
    "imageUrl": "https://shop.coles.com.au/wcsstore/Coles-CAS/images/6/6/7/6671042-th.jpg",
    "categories": ["entertaining-at-home", "meat-seafood-deli"],
    "tags": ["chese-board-selections", "cheses-for-entertaining"],
    "locations": {
      "vic": {
        "price": 13,
        "promoText": " ",
        "packageSize": "320g",
        "packagePrice": "$40.63 per 1Kg"
      }
    }
  },
  {
    "id": "bega-cheese-snack-tasty-sticks-8-pack",
    "brand": "Bega",
    "name": "Tasty Cheese Sticks 8 pack",
    "imageUrl": "https://shop.coles.com.au/wcsstore/Coles-CAS/images/7/8/8/7881754-th.jpg",
    "categories": ["entertaining-at-home", "dairy-eggs-meals"],
    "tags": ["chese-board-selections", "cheses-for-entertaining"],
    "locations": {
      "vic": {
        "price": 5.5,
        "promoText": " ",
        "packageSize": "160g",
        "packagePrice": "$34.38 per 1Kg"
      }
    }
  },
  {
    "id": "bega-cheese-snack-stringers-8-pack",
    "brand": "Bega",
    "name": "Stringers Original Cheese 8 pack",
    "imageUrl": "https://shop.coles.com.au/wcsstore/Coles-CAS/images/7/3/2/7325863-th.jpg",
    "categories": ["entertaining-at-home", "dairy-eggs-meals"],
    "tags": ["chese-board-selections", "cheses-for-entertaining"],
    "locations": {
      "vic": {
        "price": 5.5,
        "promoText": " ",
        "packageSize": "160g",
        "packagePrice": "$3.44 per 100G"
      }
    }
  },
  {
    "id": "coles-cheese-cream-spreadable",
    "brand": "Coles",
    "name": "Cream Cheese Spread",
    "imageUrl": "https://shop.coles.com.au/wcsstore/Coles-CAS/images/7/5/0/7504647-th.jpg",
    "categories": ["entertaining-at-home", "dairy-eggs-meals"],
    "tags": ["chese-board-selections", "cheses-for-entertaining"],
    "locations": {
      "vic": {
        "price": 2.75,
        "promoText": " ",
        "packageSize": "250g",
        "packagePrice": "$11.00 per 1Kg"
      }
    }
  },
  {
    "id": "coles-cheese-brie-wrapped",
    "brand": "Coles",
    "name": "Wrapped Cheese Brie",
    "imageUrl": "https://shop.coles.com.au/wcsstore/Coles-CAS/images/6/1/6/6169489-th.jpg",
    "categories": ["entertaining-at-home", "dairy-eggs-meals"],
    "tags": ["chese-board-selections", "cheses-for-entertaining"],
    "locations": {
      "vic": {
        "price": 3,
        "promoText": " ",
        "packageSize": "125g",
        "packagePrice": "$24.00 per 1Kg"
      }
    }
  },
  {
    "id": "dodoni-haloumi",
    "brand": "Dodoni",
    "name": "Halloumi Cyprus Cheese",
    "imageUrl": "https://shop.coles.com.au/wcsstore/Coles-CAS/images/1/8/4/1843435-th.jpg",
    "categories": ["entertaining-at-home", "dairy-eggs-meals"],
    "tags": ["chese-board-selections", "cheses-for-entertaining"],
    "locations": {
      "vic": {
        "price": 7,
        "promoText": " ",
        "packageSize": "225g",
        "packagePrice": "$3.11 per 100G"
      }
    }
  },
  {
    "id": "merediths-goats-cheese",
    "brand": "Meredith Dairy",
    "name": "Marinated Goats Cheese",
    "imageUrl": "https://shop.coles.com.au/wcsstore/Coles-CAS/images/3/2/7/3275854-th.jpg",
    "categories": ["entertaining-at-home", "dairy-eggs-meals"],
    "tags": ["chese-board-selections", "cheses-for-entertaining"],
    "locations": {
      "vic": {
        "price": 20,
        "promoText": " ",
        "packageSize": "550g",
        "packagePrice": "$36.36 per 1Kg"
      }
    }
  },
  {
    "id": "kraft-philadelphia-cheese-cream-spreadable-light-350057p",
    "brand": "Philadelphia",
    "name": "Light Spreadable Cream Cheese Tub",
    "imageUrl": "https://shop.coles.com.au/wcsstore/Coles-CAS/images/3/5/0/350057-th.jpg",
    "categories": ["entertaining-at-home", "dairy-eggs-meals"],
    "tags": ["chese-board-selections", "cheses-for-entertaining"],
    "locations": {
      "vic": {
        "price": 3.7,
        "promoText": "$1.00 ",
        "packageSize": "250g",
        "packagePrice": "$14.80 per 1Kg"
      }
    }
  },
  {
    "id": "coles-cheese-camembert-wrapped",
    "brand": "Coles",
    "name": "Wrapped Camembert Cheese",
    "imageUrl": "https://shop.coles.com.au/wcsstore/Coles-CAS/images/6/1/6/6169580-th.jpg",
    "categories": ["entertaining-at-home", "dairy-eggs-meals"],
    "tags": ["chese-board-selections", "cheses-for-entertaining"],
    "locations": {
      "vic": {
        "price": 3,
        "promoText": " ",
        "packageSize": "125g",
        "packagePrice": "$2.40 per 100G"
      }
    }
  },
  {
    "id": "lemnos-cheese-haloumi-cyprus-style",
    "brand": "Lemnos",
    "name": "Cyprus Style Cheese Haloumi",
    "imageUrl": "https://shop.coles.com.au/wcsstore/Coles-CAS/images/8/8/5/8857507-th.jpg",
    "categories": ["entertaining-at-home", "dairy-eggs-meals"],
    "tags": ["chese-board-selections", "cheses-for-entertaining"],
    "locations": {
      "vic": {
        "price": 5.5,
        "promoText": "$1.50 ",
        "packageSize": "180g",
        "packagePrice": "$30.56 per 1Kg"
      }
    }
  },
  {
    "id": "castello-cheese-brie-white",
    "brand": "Castello",
    "name": "Double Cream Brie",
    "imageUrl": "https://shop.coles.com.au/wcsstore/Coles-CAS/images/5/4/2/5429766-th.jpg",
    "categories": ["entertaining-at-home", "dairy-eggs-meals"],
    "tags": ["chese-board-selections", "cheses-for-entertaining"],
    "locations": {
      "vic": {
        "price": 6,
        "promoText": "Was $7.20 on May 2018 ",
        "packageSize": "150g",
        "packagePrice": "$40.00 per 1Kg"
      }
    }
  },
  {
    "id": "jarlsberg-cheese-block",
    "brand": "Jarlsberg",
    "name": "Original Cheese Block",
    "imageUrl": "https://shop.coles.com.au/wcsstore/Coles-CAS/images/5/1/7/5170008-th.jpg",
    "categories": ["entertaining-at-home", "dairy-eggs-meals"],
    "tags": ["chese-board-selections", "cheses-for-entertaining"],
    "locations": {
      "vic": {
        "price": 7.7,
        "promoText": " ",
        "packageSize": "250g",
        "packagePrice": "$30.80 per 1Kg"
      }
    }
  },
  {
    "id": "lemnos-twin-packs-haloumi",
    "brand": "Lemnos",
    "name": "Cyprus Style Cheese Haloumi 2 Pack",
    "imageUrl": "https://shop.coles.com.au/wcsstore/Coles-CAS/images/3/2/7/3273189-th.jpg",
    "categories": ["entertaining-at-home", "dairy-eggs-meals"],
    "tags": ["chese-board-selections", "cheses-for-entertaining"],
    "locations": {
      "vic": {
        "price": 7.5,
        "promoText": " ",
        "packageSize": "200g",
        "packagePrice": "$37.50 per 1Kg"
      }
    }
  },
  {
    "id": "mersey-valley-vintage-club-cheese-cheddar-classic",
    "brand": "Mersey Valley",
    "name": "Classic Cheddar Cheese",
    "imageUrl": "https://shop.coles.com.au/wcsstore/Coles-CAS/images/4/5/1/4513200-th.jpg",
    "categories": ["entertaining-at-home", "dairy-eggs-meals"],
    "tags": ["chese-board-selections", "cheses-for-entertaining"],
    "locations": {
      "vic": {
        "price": 7.9,
        "promoText": " ",
        "packageSize": "235g",
        "packagePrice": "$33.62 per 1Kg"
      }
    }
  },
  {
    "id": "president-double-brie",
    "brand": "President",
    "name": "Double Brie",
    "imageUrl": "https://shop.coles.com.au/wcsstore/Coles-CAS/images/2/2/7/2274346-th.jpg",
    "categories": ["entertaining-at-home", "dairy-eggs-meals"],
    "tags": ["chese-board-selections", "cheses-for-entertaining"],
    "locations": {
      "vic": {
        "price": 5,
        "promoText": "$2.00 ",
        "packageSize": "200g",
        "packagePrice": "$25.00 per 1Kg"
      }
    }
  },
  {
    "id": "castello-fetta-cubes-in-brine",
    "brand": "Castello",
    "name": "Fetta Cubes In Brine",
    "imageUrl": "https://shop.coles.com.au/wcsstore/Coles-CAS/images/3/2/7/3272889-th.jpg",
    "categories": ["entertaining-at-home", "dairy-eggs-meals"],
    "tags": ["chese-board-selections", "cheses-for-entertaining"],
    "locations": {
      "vic": {
        "price": 4.5,
        "promoText": "$0.50 ",
        "packageSize": "430g",
        "packagePrice": "$10.47 per 1Kg"
      }
    }
  },
  {
    "id": "coles-traditional-bocconcini",
    "brand": "Coles",
    "name": "Traditional Bocconcini",
    "imageUrl": "https://shop.coles.com.au/wcsstore/Coles-CAS/images/2/4/6/2466460-th.jpg",
    "categories": ["entertaining-at-home", "dairy-eggs-meals"],
    "tags": ["chese-board-selections", "cheses-for-entertaining"],
    "locations": {
      "vic": {
        "price": 4,
        "promoText": " ",
        "packageSize": "210g",
        "packagePrice": "$19.05 per 1Kg"
      }
    }
  },
  {
    "id": "dodoni-cheese-feta-greek-9728587p",
    "brand": "Dodoni",
    "name": "Greek Fetta Cheese",
    "imageUrl": "https://shop.coles.com.au/wcsstore/Coles-CAS/images/9/7/2/9728587-th.jpg",
    "categories": ["entertaining-at-home", "dairy-eggs-meals"],
    "tags": ["chese-board-selections", "cheses-for-entertaining"],
    "locations": {
      "vic": {
        "price": 12,
        "promoText": "Was $16.00 on Nov 2017 ",
        "packageSize": "400g",
        "packagePrice": "$30.00 per 1Kg"
      }
    }
  },
  {
    "id": "lemnos-twin-pack-smooth-fetta",
    "brand": "Lemnos",
    "name": "Smooth Fetta 2 Pack",
    "imageUrl": "https://shop.coles.com.au/wcsstore/Coles-CAS/images/3/2/7/3273098-th.jpg",
    "categories": ["entertaining-at-home", "dairy-eggs-meals"],
    "tags": ["chese-board-selections", "cheses-for-entertaining"],
    "locations": {
      "vic": {
        "price": 5,
        "promoText": "$1.50 ",
        "packageSize": "200g",
        "packagePrice": "$25.00 per 1Kg"
      }
    }
  },
  {
    "id": "yarra-valley-persian-fetta",
    "brand": "Yarra Valley",
    "name": "Persian Fetta Cheese",
    "imageUrl": "https://shop.coles.com.au/wcsstore/Coles-CAS/images/2/7/9/2791280-th.jpg",
    "categories": ["entertaining-at-home", "dairy-eggs-meals"],
    "tags": ["chese-board-selections", "cheses-for-entertaining"],
    "locations": {
      "vic": {
        "price": 10,
        "promoText": " ",
        "packageSize": "350g",
        "packagePrice": "$28.57 per 1Kg"
      }
    }
  },
  {
    "id": "coles-brand-light-smooth-ricotta",
    "brand": "Coles",
    "name": "Light Smooth Ricotta",
    "imageUrl": "https://shop.coles.com.au/wcsstore/Coles-CAS/images/2/2/1/2212688-th.jpg",
    "categories": ["entertaining-at-home", "dairy-eggs-meals"],
    "tags": ["chese-board-selections", "cheses-for-entertaining"],
    "locations": {
      "vic": {
        "price": 3,
        "promoText": " ",
        "packageSize": "375g",
        "packagePrice": "$0.80 per 100G"
      }
    }
  },
  {
    "id": "coles-brand-smooth-ricotta-375g",
    "brand": "Coles",
    "name": "Smooth Ricotta",
    "imageUrl": "https://shop.coles.com.au/wcsstore/Coles-CAS/images/2/2/1/2212666-th.jpg",
    "categories": ["entertaining-at-home", "dairy-eggs-meals"],
    "tags": ["chese-board-selections", "cheses-for-entertaining"],
    "locations": {
      "vic": {
        "price": 3,
        "promoText": " ",
        "packageSize": "375g",
        "packagePrice": "$8.00 per 1Kg"
      }
    }
  },
  {
    "id": "south-cape-cheese-feta-greek",
    "brand": "South Cape",
    "name": "Greek Style Fetta",
    "imageUrl": "https://shop.coles.com.au/wcsstore/Coles-CAS/images/6/4/1/6416861-th.jpg",
    "categories": ["entertaining-at-home", "dairy-eggs-meals"],
    "tags": ["chese-board-selections", "cheses-for-entertaining"],
    "locations": {
      "vic": {
        "price": 5,
        "promoText": "Was $6.00 on Jun 2020 ",
        "packageSize": "200g",
        "packagePrice": "$25.00 per 1Kg"
      }
    }
  },
  {
    "id": "coles-french-goats-cheese",
    "brand": "Coles",
    "name": "Goat's Cheese",
    "imageUrl": "https://shop.coles.com.au/wcsstore/Coles-CAS/images/3/2/7/3275978-th.jpg",
    "categories": ["entertaining-at-home", "dairy-eggs-meals"],
    "tags": ["chese-board-selections", "cheses-for-entertaining"],
    "locations": {
      "vic": {
        "price": 4,
        "promoText": " ",
        "packageSize": "110g",
        "packagePrice": "$3.64 per 100G"
      }
    }
  },
  {
    "id": "jarlsberg-cheese-block-swiss-wedge",
    "brand": "Jarlsberg",
    "name": "Original Cheese Wedge",
    "imageUrl": "https://shop.coles.com.au/wcsstore/Coles-CAS/images/7/2/1/7214771-th.jpg",
    "categories": ["entertaining-at-home", "dairy-eggs-meals"],
    "tags": ["chese-board-selections", "cheses-for-entertaining"],
    "locations": {
      "vic": {
        "price": 7.7,
        "promoText": " ",
        "packageSize": "250g",
        "packagePrice": "$30.80 per 1Kg"
      }
    }
  },
  {
    "id": "castello-creamy-blue",
    "brand": "Castello",
    "name": "Creamy Blue Cheese",
    "imageUrl": "https://shop.coles.com.au/wcsstore/Coles-CAS/images/3/3/0/3301830-th.jpg",
    "categories": ["entertaining-at-home", "dairy-eggs-meals"],
    "tags": ["chese-board-selections", "cheses-for-entertaining"],
    "locations": {
      "vic": {
        "price": 11.5,
        "promoText": " ",
        "packageSize": "300g",
        "packagePrice": "$3.83 per 100G"
      }
    }
  },
  {
    "id": "coles-marinated-danish-fetta",
    "brand": "Coles",
    "name": "Marinated Danish Fetta",
    "imageUrl": "https://shop.coles.com.au/wcsstore/Coles-CAS/images/2/4/6/2466450-th.jpg",
    "categories": ["entertaining-at-home", "dairy-eggs-meals"],
    "tags": ["chese-board-selections", "cheses-for-entertaining"],
    "locations": {
      "vic": {
        "price": 5.3,
        "promoText": " ",
        "packageSize": "300g",
        "packagePrice": "$17.67 per 1Kg"
      }
    }
  },
  {
    "id": "jindi-cheese-camembert",
    "brand": "Jindi",
    "name": "Cheese Camembert",
    "imageUrl": "https://shop.coles.com.au/wcsstore/Coles-CAS/images/6/7/2/6725811-th.jpg",
    "categories": ["entertaining-at-home", "dairy-eggs-meals"],
    "tags": ["chese-board-selections", "cheses-for-entertaining"],
    "locations": {
      "vic": {
        "price": 7,
        "promoText": "Was $8.00 on May 2018 ",
        "packageSize": "200g",
        "packagePrice": "$35.00 per 1Kg"
      }
    }
  },
  {
    "id": "jindi-triple-cream-brie",
    "brand": "Jindi",
    "name": "Triple Cream Brie",
    "imageUrl": "https://shop.coles.com.au/wcsstore/Coles-CAS/images/8/1/1/8118740-th.jpg",
    "categories": ["entertaining-at-home", "dairy-eggs-meals"],
    "tags": ["chese-board-selections", "cheses-for-entertaining"],
    "locations": {
      "vic": {
        "price": 7,
        "promoText": "Was $8.00 on May 2018 ",
        "packageSize": "180g",
        "packagePrice": "$38.89 per 1Kg"
      }
    }
  },
  {
    "id": "lemnos-foods-cheese-haloumi-salt-reduced",
    "brand": "Lemnos",
    "name": "Cyprus Style Haloumi Cheese",
    "imageUrl": "https://shop.coles.com.au/wcsstore/Coles-CAS/images/1/4/6/1464357-th.jpg",
    "categories": ["entertaining-at-home", "dairy-eggs-meals"],
    "tags": ["chese-board-selections", "cheses-for-entertaining"],
    "locations": {
      "vic": {
        "price": 5.5,
        "promoText": "$1.50 ",
        "packageSize": "180g",
        "packagePrice": "$3.06 per 100G"
      }
    }
  },
  {
    "id": "lemnos-foods-cheese-fetta-portion-pack-2-pack",
    "brand": "Lemnos",
    "name": "Traditional Fetta Cheese 2 pack",
    "imageUrl": "https://shop.coles.com.au/wcsstore/Coles-CAS/images/1/4/6/1464346-th.jpg",
    "categories": ["entertaining-at-home", "dairy-eggs-meals"],
    "tags": ["chese-board-selections", "cheses-for-entertaining"],
    "locations": {
      "vic": {
        "price": 5,
        "promoText": "$1.50 ",
        "packageSize": "200g",
        "packagePrice": "$2.50 per 100G"
      }
    }
  },
  {
    "id": "liddells-lactose-free-spreadable-cream-cheese",
    "brand": "Liddells",
    "name": "Lactose Free Spreadable Cream Cheese",
    "imageUrl": "https://shop.coles.com.au/wcsstore/Coles-CAS/images/1/8/2/1828395-th.jpg",
    "categories": ["entertaining-at-home", "dairy-eggs-meals"],
    "tags": ["chese-board-selections", "cheses-for-entertaining"],
    "locations": {
      "vic": {
        "price": 4.4,
        "promoText": " ",
        "packageSize": "250g",
        "packagePrice": "$17.60 per 1Kg"
      }
    }
  },
  {
    "id": "mainland-on-the-go-cheese-tasty-crackers",
    "brand": "Mainland",
    "name": "On The Go Tasty Cheese & Crackers 4 Pack",
    "imageUrl": "https://shop.coles.com.au/wcsstore/Coles-CAS/images/5/4/1/5415670-th.jpg",
    "categories": ["entertaining-at-home", "dairy-eggs-meals"],
    "tags": ["chese-board-selections", "cheses-for-entertaining"],
    "locations": {
      "vic": {
        "price": 6,
        "promoText": " ",
        "packageSize": "120g",
        "packagePrice": ""
      }
    }
  },
  {
    "id": "mersey-valley-vintage-club-cheese-cheddar-pickled-onion",
    "brand": "Mersey Valley",
    "name": "Pickled Onion Cheddar Cheese",
    "imageUrl": "https://shop.coles.com.au/wcsstore/Coles-CAS/images/6/5/3/6533060-th.jpg",
    "categories": ["entertaining-at-home", "dairy-eggs-meals"],
    "tags": ["chese-board-selections", "cheses-for-entertaining"],
    "locations": {
      "vic": {
        "price": 7.9,
        "promoText": " ",
        "packageSize": "235g",
        "packagePrice": "$33.62 per 1Kg"
      }
    }
  },
  {
    "id": "my-life-biocheese-cheddar-slices",
    "brand": "My Life",
    "name": "Bio Cheese Dairy Free Cheddar Flavour Slices",
    "imageUrl": "https://shop.coles.com.au/wcsstore/Coles-CAS/images/3/2/7/3274782-th.jpg",
    "categories": [
      "entertaining-at-home",
      "dairy-eggs-meals",
      "healthy-living"
    ],
    "tags": ["chese-board-selections", "cheses-for-entertaining"],
    "locations": {
      "vic": {
        "price": 8,
        "promoText": " ",
        "packageSize": "200g",
        "packagePrice": "$40.00 per 1Kg"
      }
    }
  },
  {
    "id": "merediths-goats-cheese-chevre",
    "brand": "Meredith Dairy",
    "name": "Fresh Chevre Goat Cheese",
    "imageUrl": "https://shop.coles.com.au/wcsstore/Coles-CAS/images/3/2/7/3275945-th.jpg",
    "categories": ["entertaining-at-home", "dairy-eggs-meals"],
    "tags": ["chese-board-selections", "cheses-for-entertaining"],
    "locations": {
      "vic": {
        "price": 5,
        "promoText": " ",
        "packageSize": "80g",
        "packagePrice": "$62.50 per 1Kg"
      }
    }
  },
  {
    "id": "mersey-valley-vintage-club-cheddar",
    "brand": "Mersey Valley",
    "name": "Original Cheddar Cheese",
    "imageUrl": "https://shop.coles.com.au/wcsstore/Coles-CAS/images/6/5/8/6580253-th.jpg",
    "categories": ["entertaining-at-home", "dairy-eggs-meals"],
    "tags": ["chese-board-selections", "cheses-for-entertaining"],
    "locations": {
      "vic": {
        "price": 4.7,
        "promoText": "$1.60 ",
        "packageSize": "180g",
        "packagePrice": "$26.11 per 1Kg"
      }
    }
  },
  {
    "id": "mersey-valley-cheese-cheddar-original",
    "brand": "Mersey Valley",
    "name": "Original Cheddar Cheese",
    "imageUrl": "https://shop.coles.com.au/wcsstore/Coles-CAS/images/6/5/3/6533005-th.jpg",
    "categories": ["entertaining-at-home", "dairy-eggs-meals"],
    "tags": ["chese-board-selections", "cheses-for-entertaining"],
    "locations": {
      "vic": {
        "price": 7.9,
        "promoText": " ",
        "packageSize": "235g",
        "packagePrice": "$33.62 per 1Kg"
      }
    }
  },
  {
    "id": "perfect-italiano-cheese-ricotta-smooth",
    "brand": "Perfect Italiano",
    "name": "Ricotta",
    "imageUrl": "https://shop.coles.com.au/wcsstore/Coles-CAS/images/6/8/3/68321-th.jpg",
    "categories": ["entertaining-at-home", "dairy-eggs-meals"],
    "tags": ["chese-board-selections", "cheses-for-entertaining"],
    "locations": {
      "vic": {
        "price": 6.25,
        "promoText": " ",
        "packageSize": "500g",
        "packagePrice": "$1.25 per 100G"
      }
    }
  },
  {
    "id": "south-cape-cheese-wedge-gouda",
    "brand": "South Cape",
    "name": "Mellow & Creamy Gouda Cheese Wedge",
    "imageUrl": "https://shop.coles.com.au/wcsstore/Coles-CAS/images/7/7/6/7768434-th.jpg",
    "categories": ["entertaining-at-home", "dairy-eggs-meals"],
    "tags": ["chese-board-selections", "cheses-for-entertaining"],
    "locations": {
      "vic": {
        "price": 4.7,
        "promoText": "$1.70 ",
        "packageSize": "200g",
        "packagePrice": "$23.50 per 1Kg"
      }
    }
  },
  {
    "id": "lemnos-cheese-haloumi-organic",
    "brand": "Lemnos",
    "name": "Organic Haloumi",
    "imageUrl": "https://shop.coles.com.au/wcsstore/Coles-CAS/images/4/9/9/4998880-th.jpg",
    "categories": ["entertaining-at-home", "dairy-eggs-meals"],
    "tags": ["chese-board-selections", "cheses-for-entertaining"],
    "locations": {
      "vic": {
        "price": 5.5,
        "promoText": "$1.50 ",
        "packageSize": "180g",
        "packagePrice": "$30.56 per 1Kg"
      }
    }
  },
  {
    "id": "mainland-cheese-and-rice-crackers-4pk",
    "brand": "Mainland",
    "name": "Munchables Tasty Cheese & Rice Crackers 4 Pack",
    "imageUrl": "https://shop.coles.com.au/wcsstore/Coles-CAS/images/3/2/7/3273597-th.jpg",
    "categories": ["entertaining-at-home", "dairy-eggs-meals"],
    "tags": ["chese-board-selections", "cheses-for-entertaining"],
    "locations": {
      "vic": {
        "price": 6,
        "promoText": " ",
        "packageSize": "96g",
        "packagePrice": ""
      }
    }
  },
  {
    "id": "mersey-valley-vintage-club-cheese-cheddar-extra-tasty",
    "brand": "Mersey Valley",
    "name": "Classic Cheddar Cheese",
    "imageUrl": "https://shop.coles.com.au/wcsstore/Coles-CAS/images/6/5/8/6580526-th.jpg",
    "categories": ["entertaining-at-home", "dairy-eggs-meals"],
    "tags": ["chese-board-selections", "cheses-for-entertaining"],
    "locations": {
      "vic": {
        "price": 4.7,
        "promoText": "$1.60 ",
        "packageSize": "180g",
        "packagePrice": "$26.11 per 1Kg"
      }
    }
  },
  {
    "id": "south-cape-cheese-wedge-havarti",
    "brand": "South Cape",
    "name": "Buttery & Tangy Havarti Cheese Wedge",
    "imageUrl": "https://shop.coles.com.au/wcsstore/Coles-CAS/images/7/7/6/7768365-th.jpg",
    "categories": ["entertaining-at-home", "dairy-eggs-meals"],
    "tags": ["chese-board-selections", "cheses-for-entertaining"],
    "locations": {
      "vic": {
        "price": 4.7,
        "promoText": "$1.70 ",
        "packageSize": "200g",
        "packagePrice": "$23.50 per 1Kg"
      }
    }
  },
  {
    "id": "south-cape-cheese-feta-greek-reduced-fat",
    "brand": "South Cape",
    "name": "Reduced Fat Greek Style Fetta",
    "imageUrl": "https://shop.coles.com.au/wcsstore/Coles-CAS/images/6/4/1/6416883-th.jpg",
    "categories": ["entertaining-at-home", "dairy-eggs-meals"],
    "tags": ["chese-board-selections", "cheses-for-entertaining"],
    "locations": {
      "vic": {
        "price": 5,
        "promoText": "Was $6.00 on Jun 2020 ",
        "packageSize": "200g",
        "packagePrice": "$25.00 per 1Kg"
      }
    }
  },
  {
    "id": "tasmanian-heritage-cheese-brie",
    "brand": "Tasmanian Heritage",
    "name": "Double Brie",
    "imageUrl": "https://shop.coles.com.au/wcsstore/Coles-CAS/images/6/0/7/6079127-th.jpg",
    "categories": ["entertaining-at-home", "dairy-eggs-meals"],
    "tags": ["chese-board-selections", "cheses-for-entertaining"],
    "locations": {
      "vic": {
        "price": 11.8,
        "promoText": " ",
        "packageSize": "250g",
        "packagePrice": "$47.20 per 1Kg"
      }
    }
  },
  {
    "id": "bega-cheese-snack-cheddar-stringers-12-pack",
    "brand": "Bega",
    "name": "Stringers Cheddar Cheese 8 pack",
    "imageUrl": "https://shop.coles.com.au/wcsstore/Coles-CAS/images/7/6/2/7626699-th.jpg",
    "categories": ["entertaining-at-home", "dairy-eggs-meals"],
    "tags": ["chese-board-selections", "cheses-for-entertaining"],
    "locations": {
      "vic": {
        "price": 5.5,
        "promoText": " ",
        "packageSize": "160g",
        "packagePrice": "$34.38 per 1Kg"
      }
    }
  },
  {
    "id": "chrystal-fresh-cheese-platter-australian-selections",
    "brand": "Chrystal Fresh",
    "name": "Multi Variety Selection Cheeseboard",
    "imageUrl": "https://shop.coles.com.au/wcsstore/Coles-CAS/images/8/9/9/8997754-th.jpg",
    "categories": [
      "entertaining-at-home",
      "meat-seafood-deli",
      "dairy-eggs-meals"
    ],
    "tags": ["chese-board-selections", "cheses-for-entertaining"],
    "locations": {
      "vic": {
        "price": 10.5,
        "promoText": " ",
        "packageSize": "275g",
        "packagePrice": "$38.18 per 1Kg"
      }
    }
  },
  {
    "id": "coles-cheese-cream-spreadable-lite",
    "brand": "Coles",
    "name": "Cream Cheese Lite",
    "imageUrl": "https://shop.coles.com.au/wcsstore/Coles-CAS/images/8/5/8/8588926-th.jpg",
    "categories": ["entertaining-at-home", "dairy-eggs-meals"],
    "tags": ["chese-board-selections", "cheses-for-entertaining"],
    "locations": {
      "vic": {
        "price": 2.75,
        "promoText": " ",
        "packageSize": "250g",
        "packagePrice": "$11.00 per 1Kg"
      }
    }
  },
  {
    "id": "mainland-munchables-cheese-snack-tasty-biscuits",
    "brand": "Mainland",
    "name": "Munchables Tasty Cheese & Crackers 4 pack",
    "imageUrl": "https://shop.coles.com.au/wcsstore/Coles-CAS/images/6/5/7/6577500-th.jpg",
    "categories": ["entertaining-at-home", "dairy-eggs-meals"],
    "tags": ["chese-board-selections", "cheses-for-entertaining"],
    "locations": {
      "vic": {
        "price": 6,
        "promoText": " ",
        "packageSize": "120g",
        "packagePrice": ""
      }
    }
  },
  {
    "id": "kraft-philadelphia-cheese-cream-spreadable-light",
    "brand": "Philadelphia",
    "name": "Light Cream Cheese Block",
    "imageUrl": "https://shop.coles.com.au/wcsstore/Coles-CAS/images/5/5/9/5590885-th.jpg",
    "categories": ["entertaining-at-home", "dairy-eggs-meals"],
    "tags": ["chese-board-selections", "cheses-for-entertaining"],
    "locations": {
      "vic": {
        "price": 4.7,
        "promoText": " ",
        "packageSize": "250g",
        "packagePrice": "$18.80 per 1Kg"
      }
    }
  },
  {
    "id": "coles-mascarpone",
    "brand": "Coles",
    "name": "Soft & Creamy Mascarpone",
    "imageUrl": "https://shop.coles.com.au/wcsstore/Coles-CAS/images/2/2/1/2212600-th.jpg",
    "categories": ["entertaining-at-home", "dairy-eggs-meals"],
    "tags": ["chese-board-selections", "cheses-for-entertaining"],
    "locations": {
      "vic": {
        "price": 4,
        "promoText": " ",
        "packageSize": "250g",
        "packagePrice": "$16.00 per 1Kg"
      }
    }
  },
  {
    "id": "lemnos-cheese-feta-smooth",
    "brand": "Lemnos",
    "name": "Smooth Fetta Cheese",
    "imageUrl": "https://shop.coles.com.au/wcsstore/Coles-CAS/images/9/7/2/9728565-th.jpg",
    "categories": ["entertaining-at-home", "dairy-eggs-meals"],
    "tags": ["chese-board-selections", "cheses-for-entertaining"],
    "locations": {
      "vic": {
        "price": 5,
        "promoText": " ",
        "packageSize": "200g",
        "packagePrice": "$2.50 per 100G"
      }
    }
  },
  {
    "id": "maggie-beer-paste-quince",
    "brand": "Maggie Beer",
    "name": "Quince Paste",
    "imageUrl": "https://shop.coles.com.au/wcsstore/Coles-CAS/images/8/1/3/8133052-th.jpg",
    "categories": ["entertaining-at-home", "dairy-eggs-meals"],
    "tags": ["chese-board-selections", "cheses-for-entertaining"],
    "locations": {
      "vic": {
        "price": 6,
        "promoText": " ",
        "packageSize": "100g",
        "packagePrice": "$60.00 per 1Kg"
      }
    }
  },
  {
    "id": "my-life-original-biocheese",
    "brand": "My Life",
    "name": "Gluten Free Original Bio Cheese",
    "imageUrl": "https://shop.coles.com.au/wcsstore/Coles-CAS/images/2/2/1/2212575-th.jpg",
    "categories": ["entertaining-at-home", "dairy-eggs-meals"],
    "tags": ["chese-board-selections", "cheses-for-entertaining"],
    "locations": {
      "vic": {
        "price": 6.5,
        "promoText": "Was $7.60 on Sep 2019 ",
        "packageSize": "200g",
        "packagePrice": "$32.50 per 1Kg"
      }
    }
  },
  {
    "id": "my-life-biocheese-cheddar-shredded",
    "brand": "My Life",
    "name": "Bio Cheese Dairy Free Shredded Cheddar Cheese",
    "imageUrl": "https://shop.coles.com.au/wcsstore/Coles-CAS/images/3/2/7/3274760-th.jpg",
    "categories": [
      "entertaining-at-home",
      "dairy-eggs-meals",
      "healthy-living"
    ],
    "tags": ["chese-board-selections", "cheses-for-entertaining"],
    "locations": {
      "vic": {
        "price": 8,
        "promoText": " ",
        "packageSize": "200g",
        "packagePrice": "$40.00 per 1Kg"
      }
    }
  },
  {
    "id": "president-camembert",
    "brand": "President",
    "name": "Camembert",
    "imageUrl": "https://shop.coles.com.au/wcsstore/Coles-CAS/images/2/2/7/2274357-th.jpg",
    "categories": ["entertaining-at-home", "dairy-eggs-meals"],
    "tags": ["chese-board-selections", "cheses-for-entertaining"],
    "locations": {
      "vic": {
        "price": 5,
        "promoText": "$2.00 ",
        "packageSize": "200g",
        "packagePrice": "$25.00 per 1Kg"
      }
    }
  },
  {
    "id": "south-cape-cheese-brie",
    "brand": "South Cape",
    "name": "Brie",
    "imageUrl": "https://shop.coles.com.au/wcsstore/Coles-CAS/images/8/1/6/8166936-th.jpg",
    "categories": ["entertaining-at-home", "dairy-eggs-meals"],
    "tags": ["chese-board-selections", "cheses-for-entertaining"],
    "locations": {
      "vic": {
        "price": 6,
        "promoText": " ",
        "packageSize": "200g",
        "packagePrice": "$30.00 per 1Kg"
      }
    }
  },
  {
    "id": "tasmanian-heritage-cheese-camembert",
    "brand": "Tasmanian Heritage",
    "name": "Camembert",
    "imageUrl": "https://shop.coles.com.au/wcsstore/Coles-CAS/images/9/1/6/91673-th.jpg",
    "categories": ["entertaining-at-home", "dairy-eggs-meals"],
    "tags": ["chese-board-selections", "cheses-for-entertaining"],
    "locations": {
      "vic": {
        "price": 5.25,
        "promoText": " ",
        "packageSize": "125g",
        "packagePrice": "$42.00 per 1Kg"
      }
    }
  },
  {
    "id": "australian-gold-cheese-brie",
    "brand": "Australian Gold",
    "name": "Creamy Brie Cheese",
    "imageUrl": "https://shop.coles.com.au/wcsstore/Coles-CAS/images/8/0/8/8085619-th.jpg",
    "categories": ["entertaining-at-home", "dairy-eggs-meals"],
    "tags": ["chese-board-selections", "cheses-for-entertaining"],
    "locations": {
      "vic": {
        "price": 3.6,
        "promoText": " ",
        "packageSize": "115g",
        "packagePrice": "$31.30 per 1Kg"
      }
    }
  },
  {
    "id": "castello-double-cream-brie",
    "brand": "Castello",
    "name": "Double Cream Brie Cheese",
    "imageUrl": "https://shop.coles.com.au/wcsstore/Coles-CAS/images/3/4/7/3479311-th.jpg",
    "categories": ["entertaining-at-home", "dairy-eggs-meals"],
    "tags": ["chese-board-selections", "cheses-for-entertaining"],
    "locations": {
      "vic": {
        "price": 11.5,
        "promoText": " ",
        "packageSize": "300g",
        "packagePrice": "$38.33 per 1Kg"
      }
    }
  },
  {
    "id": "coles-regular-cream-cheese-block",
    "brand": "Coles",
    "name": "Regular Cream Cheese Block",
    "imageUrl": "https://shop.coles.com.au/wcsstore/Coles-CAS/images/2/4/8/2486672-th.jpg",
    "categories": ["entertaining-at-home", "dairy-eggs-meals"],
    "tags": ["chese-board-selections", "cheses-for-entertaining"],
    "locations": {
      "vic": {
        "price": 3.3,
        "promoText": " ",
        "packageSize": "250g",
        "packagePrice": "$13.20 per 1Kg"
      }
    }
  },
  {
    "id": "cypriana-haloumi-block",
    "brand": "Cypriana",
    "name": "Haloumi Block",
    "imageUrl": "https://shop.coles.com.au/wcsstore/Coles-CAS/images/2/4/6/2465140-th.jpg",
    "categories": ["entertaining-at-home", "dairy-eggs-meals"],
    "tags": ["chese-board-selections", "cheses-for-entertaining"],
    "locations": {
      "vic": {
        "price": 17,
        "promoText": " ",
        "packageSize": "750g",
        "packagePrice": "$22.67 per 1Kg"
      }
    }
  },
  {
    "id": "south-cape-cheese-platter-selections",
    "brand": "South Cape",
    "name": "Cheese Selection Platter",
    "imageUrl": "https://shop.coles.com.au/wcsstore/Coles-CAS/images/8/1/1/8116847-th.jpg",
    "categories": [
      "entertaining-at-home",
      "meat-seafood-deli",
      "dairy-eggs-meals"
    ],
    "tags": ["chese-board-selections", "cheses-for-entertaining"],
    "locations": {
      "vic": {
        "price": 16.8,
        "promoText": " ",
        "packageSize": "435g",
        "packagePrice": "$38.62 per 1Kg"
      }
    }
  },
  {
    "id": "south-cape-cheese-cream-apricot-almond",
    "brand": "South Cape",
    "name": "Apricot & Almond Cream Cheese With Sweet Papaya",
    "imageUrl": "https://shop.coles.com.au/wcsstore/Coles-CAS/images/6/5/8/6581201-th.jpg",
    "categories": ["entertaining-at-home", "dairy-eggs-meals"],
    "tags": ["chese-board-selections", "cheses-for-entertaining"],
    "locations": {
      "vic": {
        "price": 3.6,
        "promoText": "$1.00 ",
        "packageSize": "200g",
        "packagePrice": "$18.00 per 1Kg"
      }
    }
  },
  {
    "id": "south-cape-cheese-cream-spring-onion-chive",
    "brand": "South Cape",
    "name": "Spring Onion & Chive Cream Cheese",
    "imageUrl": "https://shop.coles.com.au/wcsstore/Coles-CAS/images/6/5/8/6581256-th.jpg",
    "categories": ["entertaining-at-home", "dairy-eggs-meals"],
    "tags": ["chese-board-selections", "cheses-for-entertaining"],
    "locations": {
      "vic": {
        "price": 3.6,
        "promoText": "$1.00 ",
        "packageSize": "200g",
        "packagePrice": "$18.00 per 1Kg"
      }
    }
  },
  {
    "id": "south-cape-cheese-feta-tasmanian",
    "brand": "South Cape",
    "name": "Danish Style Fetta",
    "imageUrl": "https://shop.coles.com.au/wcsstore/Coles-CAS/images/7/1/1/7117243-th.jpg",
    "categories": ["entertaining-at-home", "dairy-eggs-meals"],
    "tags": ["chese-board-selections", "cheses-for-entertaining"],
    "locations": {
      "vic": {
        "price": 5,
        "promoText": "Was $6.00 on Jun 2020 ",
        "packageSize": "200g",
        "packagePrice": "$25.00 per 1Kg"
      }
    }
  },
  {
    "id": "south-cape-cheese-feta-tasmanian-danish-style-reduced-fat",
    "brand": "South Cape",
    "name": "Danish Style Fetta Reduced Fat",
    "imageUrl": "https://shop.coles.com.au/wcsstore/Coles-CAS/images/4/5/3/4539521-th.jpg",
    "categories": ["entertaining-at-home", "dairy-eggs-meals"],
    "tags": ["chese-board-selections", "cheses-for-entertaining"],
    "locations": {
      "vic": {
        "price": 5,
        "promoText": "Was $6.00 on Jun 2020 ",
        "packageSize": "200g",
        "packagePrice": "$25.00 per 1Kg"
      }
    }
  },
  {
    "id": "south-cape-marinated-fetta",
    "brand": "South Cape",
    "name": "Classic Marinated Fetta",
    "imageUrl": "https://shop.coles.com.au/wcsstore/Coles-CAS/images/7/3/6/7363818-th.jpg",
    "categories": ["entertaining-at-home", "dairy-eggs-meals"],
    "tags": ["chese-board-selections", "cheses-for-entertaining"],
    "locations": {
      "vic": {
        "price": 10,
        "promoText": "Was $11.90 on Mar 2018 ",
        "packageSize": "350g",
        "packagePrice": "$28.57 per 1Kg"
      }
    }
  },
  {
    "id": "south-cape-cheese-camembert-5269091p",
    "brand": "South Cape",
    "name": "Camembert Cheese",
    "imageUrl": "https://shop.coles.com.au/wcsstore/Coles-CAS/images/5/2/6/5269091-th.jpg",
    "categories": ["entertaining-at-home", "dairy-eggs-meals"],
    "tags": ["chese-board-selections", "cheses-for-entertaining"],
    "locations": {
      "vic": {
        "price": 6,
        "promoText": " ",
        "packageSize": "200g",
        "packagePrice": "$30.00 per 1Kg"
      }
    }
  },
  {
    "id": "wattle-valley-haloumi",
    "brand": "Wattle Valley",
    "name": "Haloumi",
    "imageUrl": "https://shop.coles.com.au/wcsstore/Coles-CAS/images/1/8/6/1865890-th.jpg",
    "categories": ["entertaining-at-home", "dairy-eggs-meals"],
    "tags": ["chese-board-selections", "cheses-for-entertaining"],
    "locations": {
      "vic": {
        "price": 6.5,
        "promoText": " ",
        "packageSize": "180g",
        "packagePrice": "$36.11 per 1Kg"
      }
    }
  },
  {
    "id": "australian-gold-cheese-camembert",
    "brand": "Australian Gold",
    "name": "Creamy Camembert Cheese",
    "imageUrl": "https://shop.coles.com.au/wcsstore/Coles-CAS/images/8/0/8/8083147-th.jpg",
    "categories": ["entertaining-at-home", "dairy-eggs-meals"],
    "tags": ["chese-board-selections", "cheses-for-entertaining"],
    "locations": {
      "vic": {
        "price": 3.6,
        "promoText": " ",
        "packageSize": "115g",
        "packagePrice": "$3.13 per 100G"
      }
    }
  },
  {
    "id": "coles-cheese-cream-apricot-almond",
    "brand": "Coles",
    "name": "Apricot & Almond Cheese",
    "imageUrl": "https://shop.coles.com.au/wcsstore/Coles-CAS/images/7/7/8/7781240-th.jpg",
    "categories": ["entertaining-at-home", "dairy-eggs-meals"],
    "tags": ["chese-board-selections", "cheses-for-entertaining"],
    "locations": {
      "vic": {
        "price": 3,
        "promoText": " ",
        "packageSize": "190g",
        "packagePrice": "$15.79 per 1Kg"
      }
    }
  },
  {
    "id": "south-cape-cheese-trilogy-summer-herbs",
    "brand": "South Cape",
    "name": "Summer Herbs Sun Dried Tomato Trilogy Cheddar Cheese",
    "imageUrl": "https://shop.coles.com.au/wcsstore/Coles-CAS/images/6/5/7/6578069-th.jpg",
    "categories": ["entertaining-at-home", "dairy-eggs-meals"],
    "tags": ["chese-board-selections", "cheses-for-entertaining"],
    "locations": {
      "vic": {
        "price": 5,
        "promoText": " ",
        "packageSize": "140g",
        "packagePrice": "$35.71 per 1Kg"
      }
    }
  },
  {
    "id": "south-cape-cheese-feta-crumbled",
    "brand": "South Cape",
    "name": "Classic Crumbled Fetta Cheese",
    "imageUrl": "https://shop.coles.com.au/wcsstore/Coles-CAS/images/5/1/9/5194378-th.jpg",
    "categories": ["entertaining-at-home", "dairy-eggs-meals"],
    "tags": ["chese-board-selections", "cheses-for-entertaining"],
    "locations": {
      "vic": {
        "price": 8.2,
        "promoText": " ",
        "packageSize": "200g",
        "packagePrice": "$41.00 per 1Kg"
      }
    }
  },
  {
    "id": "tasmanian-heritage-cheese-camembert-9045223p",
    "brand": "Tasmanian Heritage",
    "name": "Camembert",
    "imageUrl": "https://shop.coles.com.au/wcsstore/Coles-CAS/images/9/0/4/9045223-th.jpg",
    "categories": ["entertaining-at-home", "dairy-eggs-meals"],
    "tags": ["chese-board-selections", "cheses-for-entertaining"],
    "locations": {
      "vic": {
        "price": 11.8,
        "promoText": " ",
        "packageSize": "250g",
        "packagePrice": "$47.20 per 1Kg"
      }
    }
  },
  {
    "id": "coles-giant-pitted-kalamata-olives",
    "brand": "Coles",
    "name": "Greek Kalamata Olives",
    "imageUrl": "https://shop.coles.com.au/wcsstore/Coles-CAS/images/3/0/6/3066967-th.jpg",
    "categories": ["entertaining-at-home", "meat-seafood-deli"],
    "tags": ["chese-board-selections", "antipasto-olives-for-entertaining"],
    "locations": {
      "vic": {
        "price": 3.5,
        "promoText": " ",
        "packageSize": "140g",
        "packagePrice": "$25.00 per 1Kg"
      }
    }
  },
  {
    "id": "coles-mediterranean-olives",
    "brand": "Coles Deli",
    "name": "Mediterranean Mixed Olives",
    "imageUrl": "https://shop.coles.com.au/wcsstore/Coles-CAS/images/3/0/6/3066934-th.jpg",
    "categories": ["entertaining-at-home", "meat-seafood-deli"],
    "tags": ["chese-board-selections", "antipasto-olives-for-entertaining"],
    "locations": {
      "vic": {
        "price": 3.5,
        "promoText": " ",
        "packageSize": "130g",
        "packagePrice": "$26.92 per 1Kg"
      }
    }
  },
  {
    "id": "coles-baby-bell-peppers-cream-cheese",
    "brand": "Coles Deli",
    "name": "Baby Bell Peppers Stuffed With Cream Cheese",
    "imageUrl": "https://shop.coles.com.au/wcsstore/Coles-CAS/images/3/0/6/3066990-th.jpg",
    "categories": ["entertaining-at-home", "meat-seafood-deli"],
    "tags": ["chese-board-selections", "antipasto-olives-for-entertaining"],
    "locations": {
      "vic": {
        "price": 3.5,
        "promoText": " ",
        "packageSize": "150g",
        "packagePrice": "$23.33 per 1Kg"
      }
    }
  },
  {
    "id": "coles-green-olives-chilli-garlic",
    "brand": "Coles Deli",
    "name": "Garlic And Chilli Green Olives",
    "imageUrl": "https://shop.coles.com.au/wcsstore/Coles-CAS/images/3/0/6/3066956-th.jpg",
    "categories": ["entertaining-at-home", "meat-seafood-deli"],
    "tags": ["chese-board-selections", "antipasto-olives-for-entertaining"],
    "locations": {
      "vic": {
        "price": 3.5,
        "promoText": " ",
        "packageSize": "130g",
        "packagePrice": "$26.92 per 1Kg"
      }
    }
  },
  {
    "id": "coles-semi-dried-tomatoes-fresh-basil",
    "brand": "Coles Deli",
    "name": "Semi Dried Tomatoes With Basil",
    "imageUrl": "https://shop.coles.com.au/wcsstore/Coles-CAS/images/3/0/6/3066876-th.jpg",
    "categories": ["entertaining-at-home", "meat-seafood-deli"],
    "tags": ["chese-board-selections", "antipasto-olives-for-entertaining"],
    "locations": {
      "vic": {
        "price": 3.5,
        "promoText": " ",
        "packageSize": "170g",
        "packagePrice": "$20.59 per 1Kg"
      }
    }
  },
  {
    "id": "coles-green-olives-danish-fetta",
    "brand": "Coles Deli",
    "name": "Green Olives Stuffed with Danish Style Fetta",
    "imageUrl": "https://shop.coles.com.au/wcsstore/Coles-CAS/images/3/2/0/3209714-th.jpg",
    "categories": ["entertaining-at-home", "meat-seafood-deli"],
    "tags": ["chese-board-selections", "antipasto-olives-for-entertaining"],
    "locations": {
      "vic": {
        "price": 3.5,
        "promoText": " ",
        "packageSize": "120g",
        "packagePrice": "$29.17 per 1Kg"
      }
    }
  },
  {
    "id": "coles-split-green-olives",
    "brand": "Coles Deli",
    "name": "Marinated Split Green Olives",
    "imageUrl": "https://shop.coles.com.au/wcsstore/Coles-CAS/images/3/0/6/3066945-th.jpg",
    "categories": ["entertaining-at-home", "meat-seafood-deli"],
    "tags": ["chese-board-selections", "antipasto-olives-for-entertaining"],
    "locations": {
      "vic": {
        "price": 3.5,
        "promoText": " ",
        "packageSize": "110g",
        "packagePrice": "$31.82 per 1Kg"
      }
    }
  },
  {
    "id": "olives-kalamata-colossal-2917184p",
    "brand": "Coles Deli",
    "name": "Colossal Kalamata Olives",
    "imageUrl": "https://shop.coles.com.au/wcsstore/Coles-CAS/images/2/9/1/2917184-th.jpg",
    "categories": ["entertaining-at-home", "meat-seafood-deli"],
    "tags": ["chese-board-selections", "antipasto-olives-for-entertaining"],
    "locations": {
      "vic": {
        "price": 3.5,
        "promoText": " ",
        "packageSize": "150g",
        "packagePrice": "$23.33 per 1Kg"
      }
    }
  },
  {
    "id": "coles-skinpack-capsicum",
    "brand": "Coles",
    "name": "Roasted Capsicum",
    "imageUrl": "https://shop.coles.com.au/wcsstore/Coles-CAS/images/3/6/0/3605358-th.jpg",
    "categories": ["entertaining-at-home", "meat-seafood-deli"],
    "tags": ["chese-board-selections", "antipasto-olives-for-entertaining"],
    "locations": {
      "vic": {
        "price": 5,
        "promoText": " ",
        "packageSize": "160g",
        "packagePrice": "$3.13 per 100G"
      }
    }
  },
  {
    "id": "coles-semi-dried-tomatoes-fetta-kalamata",
    "brand": "Coles Deli",
    "name": "Antipasto Mix",
    "imageUrl": "https://shop.coles.com.au/wcsstore/Coles-CAS/images/3/0/6/3066912-th.jpg",
    "categories": ["entertaining-at-home", "meat-seafood-deli"],
    "tags": ["chese-board-selections", "antipasto-olives-for-entertaining"],
    "locations": {
      "vic": {
        "price": 3.5,
        "promoText": " ",
        "packageSize": "145g",
        "packagePrice": "$24.14 per 1Kg"
      }
    }
  },
  {
    "id": "maggie-beer-pheasant-farm-pate-3115971p",
    "brand": "Maggie Beer",
    "name": "Pheasant Farm Pate",
    "imageUrl": "https://shop.coles.com.au/wcsstore/Coles-CAS/images/3/1/1/3115971-th.jpg",
    "categories": ["entertaining-at-home", "dairy-eggs-meals"],
    "tags": ["chese-board-selections", "antipasto-olives-for-entertaining"],
    "locations": {
      "vic": {
        "price": 7,
        "promoText": " ",
        "packageSize": "120g",
        "packagePrice": "$5.83 per 100G"
      }
    }
  },
  {
    "id": "normandie-mixed-pate-pods-4-pack",
    "brand": "Normandie",
    "name": "Mixed Pate Pods 4 pack",
    "imageUrl": "https://shop.coles.com.au/wcsstore/Coles-CAS/images/1/8/6/1861619-th.jpg",
    "categories": ["entertaining-at-home", "dairy-eggs-meals"],
    "tags": ["chese-board-selections", "antipasto-olives-for-entertaining"],
    "locations": {
      "vic": {
        "price": 6.5,
        "promoText": " ",
        "packageSize": "200g",
        "packagePrice": "$3.25 per 100G"
      }
    }
  },
  {
    "id": "coles-sicilian-olives-with-lemon-garlic",
    "brand": "Coles",
    "name": "Sicilian Olives With Lemon & Garlic",
    "imageUrl": "https://shop.coles.com.au/wcsstore/ColesResponsiveStorefrontAssetStore/dist/ccfc54aed6e361b650bcf0582f7b576b/img/img_product-placeholder.png",
    "categories": ["entertaining-at-home", "meat-seafood-deli"],
    "tags": ["chese-board-selections", "antipasto-olives-for-entertaining"],
    "locations": {
      "vic": {
        "price": 3.5,
        "promoText": " ",
        "packageSize": "115g",
        "packagePrice": "$30.43 per 1Kg"
      }
    }
  },
  {
    "id": "marinated-whole-button-mushrooms-with-rosemary",
    "brand": "Coles",
    "name": "Marinated Whole Button Mushrooms With Rosemary",
    "imageUrl": "https://shop.coles.com.au/wcsstore/ColesResponsiveStorefrontAssetStore/dist/ccfc54aed6e361b650bcf0582f7b576b/img/img_product-placeholder.png",
    "categories": ["entertaining-at-home", "meat-seafood-deli"],
    "tags": ["chese-board-selections", "antipasto-olives-for-entertaining"],
    "locations": {
      "vic": {
        "price": 5,
        "promoText": " ",
        "packageSize": "110g",
        "packagePrice": "$4.55 per 100G"
      }
    }
  },
  {
    "id": "ringpull-olive-feta-capsicum",
    "brand": "Coles",
    "name": "Triple Layer Antipasto",
    "imageUrl": "https://shop.coles.com.au/wcsstore/Coles-CAS/images/3/6/0/3605370-th.jpg",
    "categories": ["entertaining-at-home", "meat-seafood-deli"],
    "tags": ["chese-board-selections", "antipasto-olives-for-entertaining"],
    "locations": {
      "vic": {
        "price": 6,
        "promoText": " ",
        "packageSize": "230g",
        "packagePrice": "$2.61 per 100G"
      }
    }
  },
  {
    "id": "coles-roasted-capsicum",
    "brand": "Coles Deli",
    "name": "Roasted Capsicum",
    "imageUrl": "https://shop.coles.com.au/wcsstore/Coles-CAS/images/3/0/6/3066923-th.jpg",
    "categories": ["entertaining-at-home", "meat-seafood-deli"],
    "tags": ["chese-board-selections", "antipasto-olives-for-entertaining"],
    "locations": {
      "vic": {
        "price": 0,
        "promoText": " ",
        "packageSize": "135g",
        "packagePrice": ""
      }
    }
  },
  {
    "id": "coles-deli-express-pork-pate",
    "brand": "Coles Deli",
    "name": "RSPCA Approved Pork and Red Wine Pate",
    "imageUrl": "https://shop.coles.com.au/wcsstore/Coles-CAS/images/3/3/1/3310296-th.jpg",
    "categories": ["entertaining-at-home", "dairy-eggs-meals"],
    "tags": ["chese-board-selections", "antipasto-olives-for-entertaining"],
    "locations": {
      "vic": {
        "price": 5,
        "promoText": " ",
        "packageSize": "120g",
        "packagePrice": "$4.17 per 100G"
      }
    }
  },
  {
    "id": "coles-deli-express-chicken-pate",
    "brand": "Coles Deli",
    "name": "Chicken Pate With Black Pepper",
    "imageUrl": "https://shop.coles.com.au/wcsstore/Coles-CAS/images/3/3/1/3310285-th.jpg",
    "categories": ["entertaining-at-home", "dairy-eggs-meals"],
    "tags": ["chese-board-selections", "antipasto-olives-for-entertaining"],
    "locations": {
      "vic": {
        "price": 5,
        "promoText": " ",
        "packageSize": "120g",
        "packagePrice": "$4.17 per 100G"
      }
    }
  },
  {
    "id": "dolmanades-12pack-large",
    "brand": "Coles Deli",
    "name": "Dolmanades Large Round 12 Pack",
    "imageUrl": "https://shop.coles.com.au/wcsstore/ColesResponsiveStorefrontAssetStore/dist/ccfc54aed6e361b650bcf0582f7b576b/img/img_product-placeholder.png",
    "categories": ["entertaining-at-home", "meat-seafood-deli"],
    "tags": ["chese-board-selections", "antipasto-olives-for-entertaining"],
    "locations": {
      "vic": {
        "price": 7,
        "promoText": " ",
        "packageSize": "280g",
        "packagePrice": "$2.50 per 100G"
      }
    }
  },
  {
    "id": "maggie-beer-duck-orange-pate-3116056p",
    "brand": "Maggie Beer",
    "name": "Duck & Orange Pate",
    "imageUrl": "https://shop.coles.com.au/wcsstore/Coles-CAS/images/3/1/1/3116056-th.jpg",
    "categories": ["entertaining-at-home", "dairy-eggs-meals"],
    "tags": ["chese-board-selections", "antipasto-olives-for-entertaining"],
    "locations": {
      "vic": {
        "price": 7,
        "promoText": " ",
        "packageSize": "120g",
        "packagePrice": "$5.83 per 100G"
      }
    }
  },
  {
    "id": "coles-english-sliced-ham-2260476p",
    "brand": "Coles",
    "name": "Sliced English Ham 4 Pack",
    "imageUrl": "https://shop.coles.com.au/wcsstore/Coles-CAS/images/2/2/6/2260476-th.jpg",
    "categories": [
      "entertaining-at-home",
      "meat-seafood-deli",
      "dairy-eggs-meals"
    ],
    "tags": ["chese-board-selections", "cured-meats"],
    "locations": {
      "vic": {
        "price": 5.5,
        "promoText": " ",
        "packageSize": "400g",
        "packagePrice": "$13.75 per 1Kg"
      }
    }
  },
  {
    "id": "don-ham-double-smoked-shaved",
    "brand": "Don",
    "name": "Double Smoked Sliced Leg Ham",
    "imageUrl": "https://shop.coles.com.au/wcsstore/Coles-CAS/images/7/4/3/7433265-th.jpg",
    "categories": [
      "entertaining-at-home",
      "meat-seafood-deli",
      "dairy-eggs-meals"
    ],
    "tags": ["chese-board-selections", "cured-meats"],
    "locations": {
      "vic": {
        "price": 6.4,
        "promoText": " ",
        "packageSize": "250g",
        "packagePrice": "$25.60 per 1Kg"
      }
    }
  },
  {
    "id": "coles-honey-sliced-ham-2260465p",
    "brand": "Coles",
    "name": "Sliced Honey Ham 4 pack",
    "imageUrl": "https://shop.coles.com.au/wcsstore/Coles-CAS/images/2/2/6/2260465-th.jpg",
    "categories": [
      "entertaining-at-home",
      "meat-seafood-deli",
      "dairy-eggs-meals"
    ],
    "tags": ["chese-board-selections", "cured-meats"],
    "locations": {
      "vic": {
        "price": 5.5,
        "promoText": " ",
        "packageSize": "400g",
        "packagePrice": "$13.75 per 1Kg"
      }
    }
  },
  {
    "id": "don-ham-english-shaved",
    "brand": "Don",
    "name": "English Style Sliced Leg Ham",
    "imageUrl": "https://shop.coles.com.au/wcsstore/Coles-CAS/images/7/4/3/7433232-th.jpg",
    "categories": [
      "entertaining-at-home",
      "meat-seafood-deli",
      "dairy-eggs-meals"
    ],
    "tags": ["chese-board-selections", "cured-meats"],
    "locations": {
      "vic": {
        "price": 6.4,
        "promoText": " ",
        "packageSize": "250g",
        "packagePrice": "$25.60 per 1Kg"
      }
    }
  },
  {
    "id": "coles-ssf-honey-ham-3053513p",
    "brand": "Coles",
    "name": "Gluten Free Honey Sliced Ham",
    "imageUrl": "https://shop.coles.com.au/wcsstore/Coles-CAS/images/3/0/5/3053513-th.jpg",
    "categories": [
      "entertaining-at-home",
      "meat-seafood-deli",
      "dairy-eggs-meals"
    ],
    "tags": ["chese-board-selections", "cured-meats"],
    "locations": {
      "vic": {
        "price": 2,
        "promoText": " ",
        "packageSize": "100g",
        "packagePrice": "$2.00 per 100G"
      }
    }
  },
  {
    "id": "don-double-smoked-ham",
    "brand": "Don",
    "name": "Double Smoked Sliced Ham 4 Pack",
    "imageUrl": "https://shop.coles.com.au/wcsstore/Coles-CAS/images/1/9/5/1952179-th.jpg",
    "categories": [
      "entertaining-at-home",
      "meat-seafood-deli",
      "dairy-eggs-meals"
    ],
    "tags": ["chese-board-selections", "cured-meats"],
    "locations": {
      "vic": {
        "price": 7,
        "promoText": " ",
        "packageSize": "400g",
        "packagePrice": "$17.50 per 1Kg"
      }
    }
  },
  {
    "id": "primo-danish-salami",
    "brand": "Primo",
    "name": "Gluten Free Thinly Sliced Danish Mild Salami",
    "imageUrl": "https://shop.coles.com.au/wcsstore/Coles-CAS/images/2/8/0/2807856-th.jpg",
    "categories": [
      "entertaining-at-home",
      "meat-seafood-deli",
      "dairy-eggs-meals"
    ],
    "tags": ["chese-board-selections", "cured-meats"],
    "locations": {
      "vic": {
        "price": 3.25,
        "promoText": " ",
        "packageSize": "80g",
        "packagePrice": "$4.06 per 100G"
      }
    }
  },
  {
    "id": "coles-ssf-english-jam",
    "brand": "Coles",
    "name": "Gluten Free English Sliced Ham",
    "imageUrl": "https://shop.coles.com.au/wcsstore/Coles-CAS/images/3/0/5/3053353-th.jpg",
    "categories": [
      "entertaining-at-home",
      "meat-seafood-deli",
      "dairy-eggs-meals"
    ],
    "tags": ["chese-board-selections", "cured-meats"],
    "locations": {
      "vic": {
        "price": 2,
        "promoText": " ",
        "packageSize": "100g",
        "packagePrice": "$2.00 per 100G"
      }
    }
  },
  {
    "id": "don-ham-champagne",
    "brand": "Don",
    "name": "Gluten Free Champagne Thinly Sliced Leg Ham",
    "imageUrl": "https://shop.coles.com.au/wcsstore/Coles-CAS/images/9/2/4/9242745-th.jpg",
    "categories": [
      "entertaining-at-home",
      "meat-seafood-deli",
      "dairy-eggs-meals"
    ],
    "tags": ["chese-board-selections", "cured-meats"],
    "locations": {
      "vic": {
        "price": 6.4,
        "promoText": " ",
        "packageSize": "250g",
        "packagePrice": "$25.60 per 1Kg"
      }
    }
  },
  {
    "id": "coles--ssf-hgp-free-mild-salami",
    "brand": "Coles",
    "name": "Gluten Free Sliced Salami",
    "imageUrl": "https://shop.coles.com.au/wcsstore/Coles-CAS/images/2/8/0/2807277-th.jpg",
    "categories": [
      "entertaining-at-home",
      "meat-seafood-deli",
      "dairy-eggs-meals"
    ],
    "tags": ["chese-board-selections", "cured-meats"],
    "locations": {
      "vic": {
        "price": 7,
        "promoText": " ",
        "packageSize": "200g",
        "packagePrice": "$3.50 per 100G"
      }
    }
  },
  {
    "id": "primo-pepperoni",
    "brand": "Primo",
    "name": "Gluten Free Thinly Sliced Pepperoni Hot Salami",
    "imageUrl": "https://shop.coles.com.au/wcsstore/Coles-CAS/images/2/8/0/2808735-th.jpg",
    "categories": [
      "entertaining-at-home",
      "meat-seafood-deli",
      "dairy-eggs-meals"
    ],
    "tags": ["chese-board-selections", "cured-meats"],
    "locations": {
      "vic": {
        "price": 3.25,
        "promoText": " ",
        "packageSize": "80g",
        "packagePrice": "$40.63 per 1Kg"
      }
    }
  },
  {
    "id": "don-chorizo",
    "brand": "Don",
    "name": "Chorizo",
    "imageUrl": "https://shop.coles.com.au/wcsstore/Coles-CAS/images/1/5/0/1500360-th.jpg",
    "categories": [
      "entertaining-at-home",
      "meat-seafood-deli",
      "dairy-eggs-meals"
    ],
    "tags": ["chese-board-selections", "cured-meats"],
    "locations": {
      "vic": {
        "price": 8,
        "promoText": " ",
        "packageSize": "375g",
        "packagePrice": "$21.33 per 1Kg"
      }
    }
  },
  {
    "id": "primo-sticks-original",
    "brand": "Primo",
    "name": "Gluten Free Original Twiggy Sticks",
    "imageUrl": "https://shop.coles.com.au/wcsstore/Coles-CAS/images/6/9/9/6996841-th.jpg",
    "categories": [
      "entertaining-at-home",
      "meat-seafood-deli",
      "dairy-eggs-meals"
    ],
    "tags": ["chese-board-selections", "cured-meats"],
    "locations": {
      "vic": {
        "price": 6.5,
        "promoText": " ",
        "packageSize": "200g",
        "packagePrice": "$32.50 per 1Kg"
      }
    }
  },
  {
    "id": "primo-double-smoked-ham",
    "brand": "Primo",
    "name": "Gluten Free Thinly Sliced Double Smoked Leg Ham",
    "imageUrl": "https://shop.coles.com.au/wcsstore/Coles-CAS/images/2/8/1/2819436-th.jpg",
    "categories": [
      "entertaining-at-home",
      "meat-seafood-deli",
      "dairy-eggs-meals"
    ],
    "tags": ["chese-board-selections", "cured-meats"],
    "locations": {
      "vic": {
        "price": 3.25,
        "promoText": " ",
        "packageSize": "100g",
        "packagePrice": "$3.25 per 100G"
      }
    }
  },
  {
    "id": "primo-cheese-kransy",
    "brand": "Primo",
    "name": "Gluten Free Cheese Kransky",
    "imageUrl": "https://shop.coles.com.au/wcsstore/Coles-CAS/images/2/8/0/2807460-th.jpg",
    "categories": [
      "entertaining-at-home",
      "meat-seafood-deli",
      "dairy-eggs-meals"
    ],
    "tags": ["chese-board-selections", "cured-meats"],
    "locations": {
      "vic": {
        "price": 4.5,
        "promoText": " ",
        "packageSize": "250g",
        "packagePrice": "$1.80 per 100G"
      }
    }
  },
  {
    "id": "primo-ham-english-sliced-8145856p",
    "brand": "Primo",
    "name": "Gluten Free Thinly Sliced Unsmoked Leg Ham",
    "imageUrl": "https://shop.coles.com.au/wcsstore/Coles-CAS/images/8/1/4/8145856-th.jpg",
    "categories": [
      "entertaining-at-home",
      "meat-seafood-deli",
      "dairy-eggs-meals"
    ],
    "tags": ["chese-board-selections", "cured-meats"],
    "locations": {
      "vic": {
        "price": 3.25,
        "promoText": " ",
        "packageSize": "100g",
        "packagePrice": "$3.25 per 100G"
      }
    }
  },
  {
    "id": "coles-pepperoni",
    "brand": "Coles",
    "name": "Gluten Free Sliced Pepperoni",
    "imageUrl": "https://shop.coles.com.au/wcsstore/Coles-CAS/images/2/8/0/2807120-th.jpg",
    "categories": [
      "entertaining-at-home",
      "meat-seafood-deli",
      "dairy-eggs-meals"
    ],
    "tags": ["chese-board-selections", "cured-meats"],
    "locations": {
      "vic": {
        "price": 6.5,
        "promoText": " ",
        "packageSize": "200g",
        "packagePrice": "$32.50 per 1Kg"
      }
    }
  },
  {
    "id": "don-ham-honey-roasted-shaved",
    "brand": "Don",
    "name": "Honey Roasted Sliced Leg Ham",
    "imageUrl": "https://shop.coles.com.au/wcsstore/Coles-CAS/images/7/4/3/7433243-th.jpg",
    "categories": ["entertaining-at-home", "dairy-eggs-meals"],
    "tags": ["chese-board-selections", "cured-meats"],
    "locations": {
      "vic": {
        "price": 6.4,
        "promoText": " ",
        "packageSize": "250g",
        "packagePrice": "$25.60 per 1Kg"
      }
    }
  },
  {
    "id": "primo-champagne-ham",
    "brand": "Primo",
    "name": "Gluten Free Thinly Sliced Champagne Leg Ham",
    "imageUrl": "https://shop.coles.com.au/wcsstore/Coles-CAS/images/3/0/5/3055086-th.jpg",
    "categories": [
      "entertaining-at-home",
      "meat-seafood-deli",
      "dairy-eggs-meals"
    ],
    "tags": ["chese-board-selections", "cured-meats"],
    "locations": {
      "vic": {
        "price": 3.25,
        "promoText": " ",
        "packageSize": "100g",
        "packagePrice": "$3.25 per 100G"
      }
    }
  },
  {
    "id": "primo-ham-shredded-twin-pack",
    "brand": "Primo",
    "name": "Shredded Ham Twin Pack",
    "imageUrl": "https://shop.coles.com.au/wcsstore/Coles-CAS/images/8/1/4/8146087-th.jpg",
    "categories": [
      "entertaining-at-home",
      "meat-seafood-deli",
      "dairy-eggs-meals"
    ],
    "tags": ["chese-board-selections", "cured-meats"],
    "locations": {
      "vic": {
        "price": 4.6,
        "promoText": " ",
        "packageSize": "300g",
        "packagePrice": "$15.33 per 1Kg"
      }
    }
  },
  {
    "id": "primo-kransky-3053965p",
    "brand": "Primo",
    "name": "Gluten Free Classic Kransky",
    "imageUrl": "https://shop.coles.com.au/wcsstore/Coles-CAS/images/3/0/5/3053965-th.jpg",
    "categories": [
      "entertaining-at-home",
      "meat-seafood-deli",
      "dairy-eggs-meals"
    ],
    "tags": ["chese-board-selections", "cured-meats"],
    "locations": {
      "vic": {
        "price": 4.5,
        "promoText": " ",
        "packageSize": "250g",
        "packagePrice": "$18.00 per 1Kg"
      }
    }
  },
  {
    "id": "primo-kabana-party-bites",
    "brand": "Primo",
    "name": "Gluten Free Classic Kabana Bites",
    "imageUrl": "https://shop.coles.com.au/wcsstore/Coles-CAS/images/4/2/3/4238161-th.jpg",
    "categories": [
      "entertaining-at-home",
      "meat-seafood-deli",
      "dairy-eggs-meals"
    ],
    "tags": ["chese-board-selections", "cured-meats"],
    "locations": {
      "vic": {
        "price": 4.4,
        "promoText": " ",
        "packageSize": "200g",
        "packagePrice": "$22.00 per 1Kg"
      }
    }
  },
  {
    "id": "hans-salami-sticks-mild",
    "brand": "Hans",
    "name": "Striker Salami Sticks Mild",
    "imageUrl": "https://shop.coles.com.au/wcsstore/Coles-CAS/images/6/0/9/6091177-th.jpg",
    "categories": [
      "entertaining-at-home",
      "meat-seafood-deli",
      "dairy-eggs-meals"
    ],
    "tags": ["chese-board-selections", "cured-meats"],
    "locations": {
      "vic": {
        "price": 1,
        "promoText": " ",
        "packageSize": "15g",
        "packagePrice": "$6.67 per 100G"
      }
    }
  },
  {
    "id": "primo-spanish-tapas-platter",
    "brand": "Primo",
    "name": "Spanish Style Tapas Platter",
    "imageUrl": "https://shop.coles.com.au/wcsstore/Coles-CAS/images/3/5/0/3506797-th.jpg",
    "categories": [
      "entertaining-at-home",
      "meat-seafood-deli",
      "dairy-eggs-meals"
    ],
    "tags": ["chese-board-selections", "cured-meats"],
    "locations": {
      "vic": {
        "price": 7,
        "promoText": " ",
        "packageSize": "100g",
        "packagePrice": "$70.00 per 1Kg"
      }
    }
  },
  {
    "id": "coles-rspca-free-range-chicken-breast-large-pack",
    "brand": "Coles",
    "name": "Free Range RSPCA Approved Chicken Breast Fillet Large Pack",
    "imageUrl": "https://shop.coles.com.au/wcsstore/Coles-CAS/images/3/2/2/3227410-th.jpg",
    "categories": ["entertaining-at-home", "meat-seafood-deli"],
    "tags": ["barbeque", "meat-for-entertaining"],
    "locations": {
      "vic": {
        "price": 15.4,
        "promoText": " ",
        "packageSize": "approx. 1.1Kg",
        "packagePrice": "$14.00 per 1Kg"
      }
    }
  },
  {
    "id": "steggles-turkey-rissoles",
    "brand": "Steggles",
    "name": "Turkey Rissoles",
    "imageUrl": "https://shop.coles.com.au/wcsstore/Coles-CAS/images/1/8/3/1833566-th.jpg",
    "categories": ["entertaining-at-home", "meat-seafood-deli"],
    "tags": ["barbeque", "meat-for-entertaining"],
    "locations": {
      "vic": {
        "price": 6.5,
        "promoText": " ",
        "packageSize": "400g",
        "packagePrice": "$16.25 per 1Kg"
      }
    }
  },
  {
    "id": "coles-rspca-approved-chicken-breast-fillets-large-pack",
    "brand": "Coles",
    "name": "RSPCA Approved Chicken Breast Fillets Large Pack",
    "imageUrl": "https://shop.coles.com.au/wcsstore/Coles-CAS/images/2/2/6/2263179-th.jpg",
    "categories": ["entertaining-at-home", "meat-seafood-deli"],
    "tags": ["barbeque", "meat-for-entertaining"],
    "locations": {
      "vic": {
        "price": 10.45,
        "promoText": " ",
        "packageSize": "approx. 1.1kg",
        "packagePrice": "$9.50 per 1Kg"
      }
    }
  },
  {
    "id": "lilydale--free-range-chicken-tenderloins",
    "brand": "Lilydale",
    "name": "Free Range Chicken Tenderloins",
    "imageUrl": "https://shop.coles.com.au/wcsstore/Coles-CAS/images/1/8/3/1833384-th.jpg",
    "categories": ["entertaining-at-home", "meat-seafood-deli"],
    "tags": ["barbeque", "meat-for-entertaining"],
    "locations": {
      "vic": {
        "price": 10.9,
        "promoText": " ",
        "packageSize": "500g",
        "packagePrice": "$21.80 per 1Kg"
      }
    }
  },
  {
    "id": "coles-butcher-sausages-thin-bbq-7580190p",
    "brand": "Coles",
    "name": "Thin Beef BBQ Sausages 8 pack",
    "imageUrl": "https://shop.coles.com.au/wcsstore/Coles-CAS/images/7/5/8/7580190-th.jpg",
    "categories": ["entertaining-at-home", "meat-seafood-deli"],
    "tags": ["barbeque", "meat-for-entertaining"],
    "locations": {
      "vic": {
        "price": 5,
        "promoText": " ",
        "packageSize": "560g",
        "packagePrice": "$8.93 per 1Kg"
      }
    }
  },
  {
    "id": "lilydale-chicken-thigh-fillet-bulk",
    "brand": "Lilydale",
    "name": "Free Range Chicken Thigh Fillet Bulk",
    "imageUrl": "https://shop.coles.com.au/wcsstore/Coles-CAS/images/2/3/0/2303772-th.jpg",
    "categories": ["entertaining-at-home", "meat-seafood-deli"],
    "tags": ["barbeque", "meat-for-entertaining"],
    "locations": {
      "vic": {
        "price": 15,
        "promoText": " ",
        "packageSize": "approx. 1kg",
        "packagePrice": "$15.00 per 1Kg"
      }
    }
  },
  {
    "id": "lilydale-free-range-chicken-breast-fillet-skin-off",
    "brand": "Lilydale",
    "name": "Free Range Chicken Breast Fillet Skin Off",
    "imageUrl": "https://shop.coles.com.au/wcsstore/Coles-CAS/images/8/2/2/8227768-th.jpg",
    "categories": ["entertaining-at-home", "meat-seafood-deli"],
    "tags": ["barbeque", "meat-for-entertaining"],
    "locations": {
      "vic": {
        "price": 10.8,
        "promoText": " ",
        "packageSize": "approx. 600g",
        "packagePrice": "$18.00 per 1Kg"
      }
    }
  },
  {
    "id": "lilydale-chicken-breast-fillet-bulk",
    "brand": "Lilydale",
    "name": "Free Range Chicken Breast Fillet Bulk",
    "imageUrl": "https://shop.coles.com.au/wcsstore/Coles-CAS/images/2/3/0/2303750-th.jpg",
    "categories": ["entertaining-at-home", "meat-seafood-deli"],
    "tags": ["barbeque", "meat-for-entertaining"],
    "locations": {
      "vic": {
        "price": 15,
        "promoText": " ",
        "packageSize": "approx. 1kg",
        "packagePrice": "$15.00 per 1Kg"
      }
    }
  },
  {
    "id": "coles-rspca-approved-chicken-breast-fillets-small-pack",
    "brand": "Coles",
    "name": "RSPCA Approved Chicken Breast Fillets Small Pack",
    "imageUrl": "https://shop.coles.com.au/wcsstore/Coles-CAS/images/2/2/6/2263168-th.jpg",
    "categories": ["entertaining-at-home", "meat-seafood-deli"],
    "tags": ["barbeque", "meat-for-entertaining"],
    "locations": {
      "vic": {
        "price": 6,
        "promoText": " ",
        "packageSize": "approx. 500g",
        "packagePrice": "$12.00 per 1Kg"
      }
    }
  },
  {
    "id": "coles-lamb-shanks-2-pieces",
    "brand": "Coles",
    "name": "Lamb Shanks 2 Pack",
    "imageUrl": "https://shop.coles.com.au/wcsstore/Coles-CAS/images/9/2/6/9264533-th.jpg",
    "categories": ["entertaining-at-home", "meat-seafood-deli"],
    "tags": ["barbeque", "meat-for-entertaining"],
    "locations": {
      "vic": {
        "price": 11.24,
        "promoText": " ",
        "packageSize": "approx. 775g",
        "packagePrice": "$14.50 per 1Kg"
      }
    }
  },
  {
    "id": "lilydale-free-range-whole-chicken",
    "brand": "Lilydale",
    "name": "Free Range Whole Chicken",
    "imageUrl": "https://shop.coles.com.au/wcsstore/Coles-CAS/images/7/6/0/7607184-th.jpg",
    "categories": ["entertaining-at-home", "meat-seafood-deli"],
    "tags": ["barbeque", "meat-for-entertaining"],
    "locations": {
      "vic": {
        "price": 6.99,
        "promoText": "$3.17 ",
        "packageSize": "approx. 1.27kg",
        "packagePrice": "$5.50 per 1Kg"
      }
    }
  },
  {
    "id": "coles-rspca-free-range-chicken-thigh-large-pack",
    "brand": "Coles",
    "name": "RSPCA Approved Free Range Chicken Thigh Fillets",
    "imageUrl": "https://shop.coles.com.au/wcsstore/Coles-CAS/images/3/2/2/3228800-th.jpg",
    "categories": ["entertaining-at-home", "meat-seafood-deli"],
    "tags": ["barbeque", "meat-for-entertaining"],
    "locations": {
      "vic": {
        "price": 14,
        "promoText": " ",
        "packageSize": "approx. 1Kg",
        "packagePrice": "$14.00 per 1Kg"
      }
    }
  },
  {
    "id": "drovers-choice-beef-porterhouse-steak",
    "brand": "Drovers Choice",
    "name": "Beef Porterhouse Steak",
    "imageUrl": "https://shop.coles.com.au/wcsstore/Coles-CAS/images/2/2/9/2293282-th.jpg",
    "categories": ["entertaining-at-home", "meat-seafood-deli"],
    "tags": ["barbeque", "meat-for-entertaining"],
    "locations": {
      "vic": {
        "price": 16.5,
        "promoText": "$1.50 ",
        "packageSize": "approx. 750g",
        "packagePrice": "$22.00 per 1Kg"
      }
    }
  },
  {
    "id": "coles-lamb-cutlets-frenched-8940189p",
    "brand": "Coles",
    "name": "Lamb Cutlets Frenched",
    "imageUrl": "https://shop.coles.com.au/wcsstore/Coles-CAS/images/8/9/4/8940189-th.jpg",
    "categories": ["entertaining-at-home", "meat-seafood-deli"],
    "tags": ["barbeque", "meat-for-entertaining"],
    "locations": {
      "vic": {
        "price": 9,
        "promoText": " ",
        "packageSize": "approx. 180g",
        "packagePrice": "$50.00 per 1Kg"
      }
    }
  },
  {
    "id": "coles-rspca-approved-chicken-thigh-fillet-large-pack",
    "brand": "Coles",
    "name": "RSPCA Approved Chicken Thigh Fillet Skin Off",
    "imageUrl": "https://shop.coles.com.au/wcsstore/Coles-CAS/images/2/2/6/2263328-th.jpg",
    "categories": ["entertaining-at-home", "meat-seafood-deli"],
    "tags": ["barbeque", "meat-for-entertaining"],
    "locations": {
      "vic": {
        "price": 13.2,
        "promoText": "Was $14.40 on Sep 2019 ",
        "packageSize": "approx. 1.2kg",
        "packagePrice": "$11.00 per 1Kg"
      }
    }
  },
  {
    "id": "coles-rspca-approved-chicken-thigh-fillet-4-pack",
    "brand": "Coles",
    "name": "RSPCA Approved Chicken Thigh Fillets Small Pack",
    "imageUrl": "https://shop.coles.com.au/wcsstore/Coles-CAS/images/2/2/6/2263317-th.jpg",
    "categories": ["entertaining-at-home", "meat-seafood-deli"],
    "tags": ["barbeque", "meat-for-entertaining"],
    "locations": {
      "vic": {
        "price": 6.75,
        "promoText": " ",
        "packageSize": "approx. 500g",
        "packagePrice": "$13.50 per 1Kg"
      }
    }
  },
  {
    "id": "lilydale-free-range-chicken-thigh-fillet-skin-off",
    "brand": "Lilydale",
    "name": "Free Range Chicken Thigh Fillet Skin Off",
    "imageUrl": "https://shop.coles.com.au/wcsstore/Coles-CAS/images/8/2/2/8227735-th.jpg",
    "categories": ["entertaining-at-home", "meat-seafood-deli"],
    "tags": ["barbeque", "meat-for-entertaining"],
    "locations": {
      "vic": {
        "price": 9.27,
        "promoText": " ",
        "packageSize": "approx. 545g",
        "packagePrice": "$17.00 per 1Kg"
      }
    }
  },
  {
    "id": "coles-rspca-approved-wing-nibbles",
    "brand": "Coles",
    "name": "RSPCA Approved Chicken Wings Nibbles",
    "imageUrl": "https://shop.coles.com.au/wcsstore/Coles-CAS/images/2/0/2/2021544-th.jpg",
    "categories": ["entertaining-at-home", "meat-seafood-deli"],
    "tags": ["barbeque", "meat-for-entertaining"],
    "locations": {
      "vic": {
        "price": 4.75,
        "promoText": " ",
        "packageSize": "approx. 720g",
        "packagePrice": "$6.60 per 1Kg"
      }
    }
  },
  {
    "id": "coles-quick-cook-beef-scotch-fillet",
    "brand": "Coles",
    "name": "Quick Cook Beef Scotch Fillet Steak",
    "imageUrl": "https://shop.coles.com.au/wcsstore/Coles-CAS/images/3/2/9/3293561-th.jpg",
    "categories": ["entertaining-at-home", "meat-seafood-deli"],
    "tags": ["barbeque", "meat-for-entertaining"],
    "locations": {
      "vic": {
        "price": 7,
        "promoText": "Any 2 $12",
        "packageSize": "170g",
        "packagePrice": "$4.12 per 100G"
      }
    }
  },
  {
    "id": "coles-extra-trim-pork-fillets-2394687p",
    "brand": "Coles",
    "name": "Pork 9x5 Fillet",
    "imageUrl": "https://shop.coles.com.au/wcsstore/Coles-CAS/images/2/3/9/2394687-th.jpg",
    "categories": ["entertaining-at-home", "meat-seafood-deli"],
    "tags": ["barbeque", "meat-for-entertaining"],
    "locations": {
      "vic": {
        "price": 6.3,
        "promoText": " ",
        "packageSize": "approx. 300g",
        "packagePrice": "$21.00 per 1Kg"
      }
    }
  },
  {
    "id": "coles-beef-thyme-and-parsley-burgers",
    "brand": "Coles",
    "name": "Beef Thyme And Parsley Burgers",
    "imageUrl": "https://shop.coles.com.au/wcsstore/Coles-CAS/images/3/0/3/3034348-th.jpg",
    "categories": ["entertaining-at-home", "meat-seafood-deli"],
    "tags": ["barbeque", "meat-for-entertaining"],
    "locations": {
      "vic": {
        "price": 7.5,
        "promoText": "Any 2 $12",
        "packageSize": "500g",
        "packagePrice": "$15.00 per 1Kg"
      }
    }
  },
  {
    "id": "coles-cheseburger-sauce",
    "brand": "Coles",
    "name": "Special Cheeseburger Sauce",
    "imageUrl": "https://shop.coles.com.au/wcsstore/Coles-CAS/images/3/7/5/3755419-th.jpg",
    "categories": ["entertaining-at-home", "meat-seafood-deli"],
    "tags": ["barbeque", "meat-for-entertaining"],
    "locations": {
      "vic": {
        "price": 2.75,
        "promoText": " ",
        "packageSize": "375mL",
        "packagePrice": "$0.73 per 100mL"
      }
    }
  },
  {
    "id": "coles-quick-cook-beef-porterhouse",
    "brand": "Coles",
    "name": "Quick Cook Porterhouse Steak Beef",
    "imageUrl": "https://shop.coles.com.au/wcsstore/Coles-CAS/images/3/2/9/3293415-th.jpg",
    "categories": ["entertaining-at-home", "meat-seafood-deli"],
    "tags": ["barbeque", "meat-for-entertaining"],
    "locations": {
      "vic": {
        "price": 7,
        "promoText": "Any 2 $12",
        "packageSize": "180g",
        "packagePrice": "$3.89 per 100G"
      }
    }
  },
  {
    "id": "coles-beef-corned-silverside",
    "brand": "Coles",
    "name": "Silverside Corned Beef",
    "imageUrl": "https://shop.coles.com.au/wcsstore/Coles-CAS/images/4/3/4/434703-th.jpg",
    "categories": ["entertaining-at-home", "meat-seafood-deli"],
    "tags": ["barbeque", "meat-for-entertaining"],
    "locations": {
      "vic": {
        "price": 11.28,
        "promoText": " ",
        "packageSize": "approx. 1.40kg",
        "packagePrice": "$8.00 per 1Kg"
      }
    }
  },
  {
    "id": "coles-rspca-approved-medium-whole-chicken",
    "brand": "Coles",
    "name": "RSPCA Approved Medium Whole Chicken",
    "imageUrl": "https://shop.coles.com.au/wcsstore/Coles-CAS/images/2/7/8/2782438-th.jpg",
    "categories": ["entertaining-at-home", "meat-seafood-deli"],
    "tags": ["barbeque", "meat-for-entertaining"],
    "locations": {
      "vic": {
        "price": 6.43,
        "promoText": "Was $7.42 on Sep 2019 ",
        "packageSize": "approx. 1.65kg",
        "packagePrice": "$3.90 per 1Kg"
      }
    }
  },
  {
    "id": "coles--rspca-chicken-drumsticks-large-pack",
    "brand": "Coles",
    "name": "RSPCA Approved Chicken Drumsticks",
    "imageUrl": "https://shop.coles.com.au/wcsstore/Coles-CAS/images/2/9/2/2923835-th.jpg",
    "categories": ["entertaining-at-home", "meat-seafood-deli"],
    "tags": ["barbeque", "meat-for-entertaining"],
    "locations": {
      "vic": {
        "price": 5.9,
        "promoText": "Was $6.64 on Jun 2020 ",
        "packageSize": "approx. 1.475kg",
        "packagePrice": "$4.00 per 1Kg"
      }
    }
  },
  {
    "id": "coles-pork-leg-roast-easy-carve",
    "brand": "Coles",
    "name": "Pork Leg Roast Boneless",
    "imageUrl": "https://shop.coles.com.au/wcsstore/Coles-CAS/images/4/1/7/4174794-th.jpg",
    "categories": ["entertaining-at-home", "meat-seafood-deli"],
    "tags": ["barbeque", "meat-for-entertaining"],
    "locations": {
      "vic": {
        "price": 17.85,
        "promoText": "Was $21.00 on May 2020 ",
        "packageSize": "approx. 2.1kg",
        "packagePrice": "$8.50 per 1Kg"
      }
    }
  },
  {
    "id": "coles--rspca-approved-diced-chicken-breast",
    "brand": "Coles",
    "name": "RSPCA Approved Diced Chicken Breast",
    "imageUrl": "https://shop.coles.com.au/wcsstore/Coles-CAS/images/2/7/3/2736805-th.jpg",
    "categories": ["entertaining-at-home", "meat-seafood-deli"],
    "tags": ["barbeque", "meat-for-entertaining"],
    "locations": {
      "vic": {
        "price": 7,
        "promoText": " ",
        "packageSize": "500g",
        "packagePrice": "$14.00 per 1Kg"
      }
    }
  },
  {
    "id": "coles-bbq-beef-sausages",
    "brand": "Coles",
    "name": "Thin Beef BBQ Sausages 24 Pack",
    "imageUrl": "https://shop.coles.com.au/wcsstore/Coles-CAS/images/3/5/7/3577650-th.jpg",
    "categories": ["entertaining-at-home", "meat-seafood-deli"],
    "tags": ["barbeque", "meat-for-entertaining"],
    "locations": {
      "vic": {
        "price": 9,
        "promoText": "Was $9.50 on Jan 2020 ",
        "packageSize": "1.8kg",
        "packagePrice": "$5.00 per 1Kg"
      }
    }
  },
  {
    "id": "coles-lamb-loin-chops-8598985p",
    "brand": "Coles",
    "name": "Ready Retail 11x9 Lamb Loin Chops",
    "imageUrl": "https://shop.coles.com.au/wcsstore/Coles-CAS/images/8/5/9/8598985-th.jpg",
    "categories": ["entertaining-at-home", "meat-seafood-deli"],
    "tags": ["barbeque", "meat-for-entertaining"],
    "locations": {
      "vic": {
        "price": 24.3,
        "promoText": " ",
        "packageSize": "approx. 900g",
        "packagePrice": "$27.00 per 1Kg"
      }
    }
  },
  {
    "id": "coles-lamb-leg-roast-half-9246065p",
    "brand": "Coles",
    "name": "Lamb Half Leg Roast",
    "imageUrl": "https://shop.coles.com.au/wcsstore/Coles-CAS/images/9/2/4/9246065-th.jpg",
    "categories": ["entertaining-at-home", "meat-seafood-deli"],
    "tags": ["barbeque", "meat-for-entertaining"],
    "locations": {
      "vic": {
        "price": 23.4,
        "promoText": "$1.80 ",
        "packageSize": "approx. 1.8kg",
        "packagePrice": "$13.00 per 1Kg"
      }
    }
  },
  {
    "id": "coles-chicken-necks-1491280p",
    "brand": "Coles",
    "name": "RSPCA Approved Chicken Necks",
    "imageUrl": "https://shop.coles.com.au/wcsstore/Coles-CAS/images/1/4/9/1491280-th.jpg",
    "categories": ["entertaining-at-home", "meat-seafood-deli"],
    "tags": ["barbeque", "meat-for-entertaining"],
    "locations": {
      "vic": {
        "price": 6.05,
        "promoText": " ",
        "packageSize": "approx. 1.1kg",
        "packagePrice": "$5.50 per 1Kg"
      }
    }
  },
  {
    "id": "drovers-choice-beef-rump-steak",
    "brand": "Drovers Choice",
    "name": "Beef Rump Steak",
    "imageUrl": "https://shop.coles.com.au/wcsstore/Coles-CAS/images/2/2/9/2294208-th.jpg",
    "categories": ["entertaining-at-home", "meat-seafood-deli"],
    "tags": ["barbeque", "meat-for-entertaining"],
    "locations": {
      "vic": {
        "price": 23.75,
        "promoText": " ",
        "packageSize": "approx. 1.25kg",
        "packagePrice": "$19.00 per 1Kg"
      }
    }
  },
  {
    "id": "lilydale--chicken-breast-fillet-crumbed",
    "brand": "Lilydale",
    "name": "Free Range Chicken Breast Schnitzels",
    "imageUrl": "https://shop.coles.com.au/wcsstore/Coles-CAS/images/2/8/2/2829699-th.jpg",
    "categories": ["entertaining-at-home", "meat-seafood-deli"],
    "tags": ["barbeque", "meat-for-entertaining"],
    "locations": {
      "vic": {
        "price": 10.5,
        "promoText": " ",
        "packageSize": "400g",
        "packagePrice": "$26.25 per 1Kg"
      }
    }
  },
  {
    "id": "coles-chicken-roasting-portions-gourmet",
    "brand": "Coles",
    "name": "RSPCA Approved Chicken Portions With Herb Sprinkle",
    "imageUrl": "https://shop.coles.com.au/wcsstore/Coles-CAS/images/5/7/3/5736299-th.jpg",
    "categories": ["entertaining-at-home", "meat-seafood-deli"],
    "tags": ["barbeque", "meat-for-entertaining"],
    "locations": {
      "vic": {
        "price": 9.49,
        "promoText": " ",
        "packageSize": "approx. 1.46kg",
        "packagePrice": "$6.50 per 1Kg"
      }
    }
  },
  {
    "id": "coles-thin-beef-burgers-10-pack",
    "brand": "Coles",
    "name": "Beef BBQ Burgers 10 pack",
    "imageUrl": "https://shop.coles.com.au/wcsstore/Coles-CAS/images/2/8/1/2814953-th.jpg",
    "categories": ["entertaining-at-home", "meat-seafood-deli"],
    "tags": ["barbeque", "meat-for-entertaining"],
    "locations": {
      "vic": {
        "price": 9,
        "promoText": "Was $9.50 on Jan 2020 ",
        "packageSize": "1kg",
        "packagePrice": "$9.00 per 1Kg"
      }
    }
  },
  {
    "id": "coles-rspca-chicken-portions-southern-style",
    "brand": "Coles",
    "name": "RSPCA Approved Chicken Mixed Portions Southern Fried",
    "imageUrl": "https://shop.coles.com.au/wcsstore/Coles-CAS/images/3/1/7/3175576-th.jpg",
    "categories": ["entertaining-at-home", "meat-seafood-deli"],
    "tags": ["barbeque", "meat-for-entertaining"],
    "locations": {
      "vic": {
        "price": 9.9,
        "promoText": "$1.10 ",
        "packageSize": "approx 1.1 Kg",
        "packagePrice": "$9.00 per 1Kg"
      }
    }
  },
  {
    "id": "lilydale-chicken-mince",
    "brand": "Lilydale",
    "name": "Free Range Chicken Mince",
    "imageUrl": "https://shop.coles.com.au/wcsstore/Coles-CAS/images/7/5/8/7585263-th.jpg",
    "categories": ["entertaining-at-home", "meat-seafood-deli"],
    "tags": ["barbeque", "meat-for-entertaining"],
    "locations": {
      "vic": {
        "price": 9,
        "promoText": " ",
        "packageSize": "500g",
        "packagePrice": "$18.00 per 1Kg"
      }
    }
  },
  {
    "id": "coles-pork-loin-chops-5-6-pieces",
    "brand": "Coles",
    "name": "Pork Loin Chops",
    "imageUrl": "https://shop.coles.com.au/wcsstore/Coles-CAS/images/8/6/0/8600850-th.jpg",
    "categories": ["entertaining-at-home", "meat-seafood-deli"],
    "tags": ["barbeque", "meat-for-entertaining"],
    "locations": {
      "vic": {
        "price": 12.9,
        "promoText": "$2.23 ",
        "packageSize": "approx. 890g",
        "packagePrice": "$14.50 per 1Kg"
      }
    }
  },
  {
    "id": "coles-lamb-leg-steak-3580381p",
    "brand": "Coles",
    "name": "Lamb Leg Steak",
    "imageUrl": "https://shop.coles.com.au/wcsstore/Coles-CAS/images/3/5/8/3580381-th.jpg",
    "categories": ["entertaining-at-home", "meat-seafood-deli"],
    "tags": ["barbeque", "meat-for-entertaining"],
    "locations": {
      "vic": {
        "price": 7.5,
        "promoText": " ",
        "packageSize": "270g",
        "packagePrice": "$27.78 per 1Kg"
      }
    }
  },
  {
    "id": "coles-beef-sizzle-steak",
    "brand": "Coles",
    "name": "Beef Sizzle Steak",
    "imageUrl": "https://shop.coles.com.au/wcsstore/Coles-CAS/images/1/8/3/1832188-th.jpg",
    "categories": ["entertaining-at-home", "meat-seafood-deli"],
    "tags": ["barbeque", "meat-for-entertaining"],
    "locations": {
      "vic": {
        "price": 11,
        "promoText": " ",
        "packageSize": "400g",
        "packagePrice": "$2.75 per 100G"
      }
    }
  },
  {
    "id": "coles-beef-roast-bolar-blade",
    "brand": "Coles",
    "name": "Beef Bolar Blade Roast",
    "imageUrl": "https://shop.coles.com.au/wcsstore/Coles-CAS/images/8/6/0/8601456-th.jpg",
    "categories": ["entertaining-at-home", "meat-seafood-deli"],
    "tags": ["barbeque", "meat-for-entertaining"],
    "locations": {
      "vic": {
        "price": 16.97,
        "promoText": " ",
        "packageSize": "approx. 1.42kg",
        "packagePrice": "$11.95 per 1Kg"
      }
    }
  },
  {
    "id": "coles-beef-burgers",
    "brand": "Coles",
    "name": "Beef Burgers",
    "imageUrl": "https://shop.coles.com.au/wcsstore/Coles-CAS/images/2/5/6/2563875-th.jpg",
    "categories": ["entertaining-at-home", "meat-seafood-deli"],
    "tags": ["barbeque", "meat-for-entertaining"],
    "locations": {
      "vic": {
        "price": 7,
        "promoText": "Any 2 $12",
        "packageSize": "500g",
        "packagePrice": "$14.00 per 1Kg"
      }
    }
  },
  {
    "id": "coles-lamb-leg-roast",
    "brand": "Coles",
    "name": "Lamb Whole Leg Roast",
    "imageUrl": "https://shop.coles.com.au/wcsstore/Coles-CAS/images/9/2/4/9246021-th.jpg",
    "categories": ["entertaining-at-home", "meat-seafood-deli"],
    "tags": ["barbeque", "meat-for-entertaining"],
    "locations": {
      "vic": {
        "price": 30,
        "promoText": "$3.60 ",
        "packageSize": "approx. 2.4kg",
        "packagePrice": "$12.50 per 1Kg"
      }
    }
  },
  {
    "id": "coles-chicken-whole-extra-large",
    "brand": "Coles",
    "name": "RSPCA Approved Extra Large Whole Chicken",
    "imageUrl": "https://shop.coles.com.au/wcsstore/Coles-CAS/images/9/1/9/9196739-th.jpg",
    "categories": ["entertaining-at-home", "meat-seafood-deli"],
    "tags": ["barbeque", "meat-for-entertaining"],
    "locations": {
      "vic": {
        "price": 9.36,
        "promoText": "Was $10.80 on Sep 2019 ",
        "packageSize": "approx. 2.4kg",
        "packagePrice": "$3.90 per 1Kg"
      }
    }
  },
  {
    "id": "coles%09%09%09-salmon---fillets-skin-on-4-pack",
    "brand": "Coles",
    "name": "Tasmanian Salmon Boneless & Skin On 4 Pieces",
    "imageUrl": "https://shop.coles.com.au/wcsstore/Coles-CAS/images/1/5/4/1546564-th.jpg",
    "categories": ["entertaining-at-home", "meat-seafood-deli"],
    "tags": ["barbeque", "seafod-for-entertaining"],
    "locations": {
      "vic": {
        "price": 12,
        "promoText": "Was $13.00 on Apr 2020 ",
        "packageSize": "460g",
        "packagePrice": "$26.09 per 1Kg"
      }
    }
  },
  {
    "id": "john-west-lemon-herb-salmon",
    "brand": "John West",
    "name": "Tasmanian Atlantic Salmon Skinless With Lemon & Herb Crust 2 Pack",
    "imageUrl": "https://shop.coles.com.au/wcsstore/Coles-CAS/images/1/8/6/1861696-th.jpg",
    "categories": ["entertaining-at-home", "meat-seafood-deli"],
    "tags": ["barbeque", "seafod-for-entertaining"],
    "locations": {
      "vic": {
        "price": 15,
        "promoText": " ",
        "packageSize": "295g",
        "packagePrice": "$50.85 per 1Kg"
      }
    }
  },
  {
    "id": "coles-tasmanian-salmon-boneless-skin-on-2-pack",
    "brand": "Coles",
    "name": "Tasmanian Salmon Boneless & Skin On 2 Pieces",
    "imageUrl": "https://shop.coles.com.au/wcsstore/Coles-CAS/images/2/8/7/2878130-th.jpg",
    "categories": ["entertaining-at-home", "meat-seafood-deli"],
    "tags": ["barbeque", "seafod-for-entertaining"],
    "locations": {
      "vic": {
        "price": 10,
        "promoText": "Was $11.00 on Apr 2020 ",
        "packageSize": "280g",
        "packagePrice": "$3.57 per 100G"
      }
    }
  },
  {
    "id": "mt-john-west-garlic-prawns-270g",
    "brand": "John West",
    "name": "Peeled & Prepared Garlic & Herb Marinade Prawns",
    "imageUrl": "https://shop.coles.com.au/wcsstore/Coles-CAS/images/3/0/6/3061034-th.jpg",
    "categories": ["entertaining-at-home", "meat-seafood-deli"],
    "tags": ["barbeque", "seafod-for-entertaining"],
    "locations": {
      "vic": {
        "price": 12,
        "promoText": " ",
        "packageSize": "270g",
        "packagePrice": "$44.44 per 1Kg"
      }
    }
  },
  {
    "id": "coles%09%09%09-salmon-fillets-skin-off",
    "brand": "Coles",
    "name": "Tasmanian Salmon Boneless & Skin Off 2 Pack",
    "imageUrl": "https://shop.coles.com.au/wcsstore/Coles-CAS/images/1/5/5/1558144-th.jpg",
    "categories": ["entertaining-at-home", "meat-seafood-deli"],
    "tags": ["barbeque", "seafod-for-entertaining"],
    "locations": {
      "vic": {
        "price": 11,
        "promoText": "Was $12.00 on Apr 2020 ",
        "packageSize": "280g",
        "packagePrice": "$3.93 per 100G"
      }
    }
  },
  {
    "id": "coles-basa---fillets-2-pack",
    "brand": "Coles",
    "name": "Basa Fillets Boneless & Skin Off 2 Pack",
    "imageUrl": "https://shop.coles.com.au/wcsstore/Coles-CAS/images/1/5/6/1567000-th.jpg",
    "categories": ["entertaining-at-home", "meat-seafood-deli"],
    "tags": ["barbeque", "seafod-for-entertaining"],
    "locations": {
      "vic": {
        "price": 5,
        "promoText": " ",
        "packageSize": "260g",
        "packagePrice": "$1.92 per 100G"
      }
    }
  },
  {
    "id": "john-west-salmon-skin-on",
    "brand": "John West",
    "name": "Tasmanian Salmon Skin On Succulent Fillets 2 Pieces",
    "imageUrl": "https://shop.coles.com.au/wcsstore/Coles-CAS/images/2/5/3/2535235-th.jpg",
    "categories": ["entertaining-at-home", "meat-seafood-deli"],
    "tags": ["barbeque", "seafod-for-entertaining"],
    "locations": {
      "vic": {
        "price": 11,
        "promoText": "$2.00 ",
        "packageSize": "280g",
        "packagePrice": "$39.29 per 1Kg"
      }
    }
  },
  {
    "id": "seakist-salmon-skin-off-4-pk",
    "brand": "Seakist",
    "name": "Tasmanian Atlantic Salmon Skin Off 4 Pack",
    "imageUrl": "https://shop.coles.com.au/wcsstore/Coles-CAS/images/3/3/8/3387359-th.jpg",
    "categories": ["entertaining-at-home", "meat-seafood-deli"],
    "tags": ["barbeque", "seafod-for-entertaining"],
    "locations": {
      "vic": {
        "price": 16,
        "promoText": " ",
        "packageSize": "460g",
        "packagePrice": "$34.78 per 1Kg"
      }
    }
  },
  {
    "id": "i-j-raw-prawns-tail-off",
    "brand": "I&J",
    "name": "Raw Prawns Tail Off",
    "imageUrl": "https://shop.coles.com.au/wcsstore/Coles-CAS/images/3/5/8/3580166-th.jpg",
    "categories": ["entertaining-at-home", "frozen"],
    "tags": ["barbeque", "seafod-for-entertaining"],
    "locations": {
      "vic": {
        "price": 19,
        "promoText": " ",
        "packageSize": "500g",
        "packagePrice": "$3.80 per 100G"
      }
    }
  },
  {
    "id": "john-west-barramundi-with-lemon-myrtle--275g",
    "brand": "John West",
    "name": "Barramundi With Lemon Myrtle & Murray River Salt Seasoning 2 Pack",
    "imageUrl": "https://shop.coles.com.au/wcsstore/Coles-CAS/images/3/0/6/3060949-th.jpg",
    "categories": ["entertaining-at-home", "meat-seafood-deli", "frozen"],
    "tags": ["barbeque", "seafod-for-entertaining"],
    "locations": {
      "vic": {
        "price": 12,
        "promoText": " ",
        "packageSize": "275g",
        "packagePrice": "$4.36 per 100G"
      }
    }
  },
  {
    "id": "john-west-salmon------skin-off-2pk",
    "brand": "John West",
    "name": "Salmon Skinless Off Succulent Fillets 2 Pack",
    "imageUrl": "https://shop.coles.com.au/wcsstore/Coles-CAS/images/3/0/3/3039512-th.jpg",
    "categories": ["entertaining-at-home", "meat-seafood-deli"],
    "tags": ["barbeque", "seafod-for-entertaining"],
    "locations": {
      "vic": {
        "price": 14,
        "promoText": " ",
        "packageSize": "280g",
        "packagePrice": "$50.00 per 1Kg"
      }
    }
  },
  {
    "id": "john-west-salmon-alaskan-skin-on-280g",
    "brand": "John West",
    "name": "Wild Alaskan Red Sockeye Salmon Skin On",
    "imageUrl": "https://shop.coles.com.au/wcsstore/Coles-CAS/images/3/4/7/3479457-th.jpg",
    "categories": ["entertaining-at-home", "meat-seafood-deli", "frozen"],
    "tags": ["barbeque", "seafod-for-entertaining"],
    "locations": {
      "vic": {
        "price": 15,
        "promoText": " ",
        "packageSize": "280g",
        "packagePrice": "$53.57 per 1Kg"
      }
    }
  },
  {
    "id": "coles-diced-tasmanian-salmon-300g",
    "brand": "Coles",
    "name": "Tasmanian Diced Salmon Boneless & Skin Off",
    "imageUrl": "https://shop.coles.com.au/wcsstore/Coles-CAS/images/3/0/5/3051493-th.jpg",
    "categories": ["entertaining-at-home", "meat-seafood-deli"],
    "tags": ["barbeque", "seafod-for-entertaining"],
    "locations": {
      "vic": {
        "price": 8,
        "promoText": " ",
        "packageSize": "300g",
        "packagePrice": "$26.67 per 1Kg"
      }
    }
  },
  {
    "id": "mt-john-west-seafood-selections",
    "brand": "John West",
    "name": "Seafood Selection",
    "imageUrl": "https://shop.coles.com.au/wcsstore/Coles-CAS/images/1/3/3/1336211-th.jpg",
    "categories": ["entertaining-at-home", "meat-seafood-deli"],
    "tags": ["barbeque", "seafod-for-entertaining"],
    "locations": {
      "vic": {
        "price": 8,
        "promoText": " ",
        "packageSize": "280g",
        "packagePrice": "$28.57 per 1Kg"
      }
    }
  },
  {
    "id": "i-j-raw-prawns-extra-large",
    "brand": "I&J",
    "name": "Raw Prawns Extra Large Tail On",
    "imageUrl": "https://shop.coles.com.au/wcsstore/Coles-CAS/images/3/5/8/3580177-th.jpg",
    "categories": ["entertaining-at-home", "frozen"],
    "tags": ["barbeque", "seafod-for-entertaining"],
    "locations": {
      "vic": {
        "price": 22,
        "promoText": " ",
        "packageSize": "500g",
        "packagePrice": "$4.40 per 100G"
      }
    }
  },
  {
    "id": "john-west-salmon-lime-chilli--lemongrass-2pk",
    "brand": "John West",
    "name": "Salmon with Lemongrass, Kaffir Lime & Chilli Marinade",
    "imageUrl": "https://shop.coles.com.au/wcsstore/Coles-CAS/images/3/0/6/3061067-th.jpg",
    "categories": ["entertaining-at-home", "meat-seafood-deli"],
    "tags": ["barbeque", "seafod-for-entertaining"],
    "locations": {
      "vic": {
        "price": 14,
        "promoText": " ",
        "packageSize": "280g",
        "packagePrice": "$50.00 per 1Kg"
      }
    }
  },
  {
    "id": "coles-whiting---fillets-crumbed",
    "brand": "Coles",
    "name": "Crumbed Whiting Mini Fillets",
    "imageUrl": "https://shop.coles.com.au/wcsstore/Coles-CAS/images/1/5/8/1589884-th.jpg",
    "categories": ["entertaining-at-home", "meat-seafood-deli"],
    "tags": ["barbeque", "seafod-for-entertaining"],
    "locations": {
      "vic": {
        "price": 10,
        "promoText": " ",
        "packageSize": "285g",
        "packagePrice": "$35.09 per 1Kg"
      }
    }
  },
  {
    "id": "i-j-raw-prawns-tail-on",
    "brand": "I&J",
    "name": "Raw Prawns Tail On",
    "imageUrl": "https://shop.coles.com.au/wcsstore/Coles-CAS/images/3/5/8/3580290-th.jpg",
    "categories": ["entertaining-at-home", "frozen"],
    "tags": ["barbeque", "seafod-for-entertaining"],
    "locations": {
      "vic": {
        "price": 19,
        "promoText": " ",
        "packageSize": "500g",
        "packagePrice": "$3.80 per 100G"
      }
    }
  },
  {
    "id": "coles-cooked-peeled-prawns-tail-on",
    "brand": "Coles",
    "name": "Prawns Cooked & Peeled Tail On",
    "imageUrl": "https://shop.coles.com.au/wcsstore/Coles-CAS/images/2/4/4/2442247-th.jpg",
    "categories": ["entertaining-at-home", "frozen"],
    "tags": ["barbeque", "seafod-for-entertaining"],
    "locations": {
      "vic": {
        "price": 10,
        "promoText": " ",
        "packageSize": "350g",
        "packagePrice": "$28.57 per 1Kg"
      }
    }
  },
  {
    "id": "coles-cooked-peeled-prawns",
    "brand": "Coles",
    "name": "Frozen Cooked Peeled Prawns",
    "imageUrl": "https://shop.coles.com.au/wcsstore/Coles-CAS/images/2/4/4/2442236-th.jpg",
    "categories": ["entertaining-at-home", "frozen"],
    "tags": ["barbeque", "seafod-for-entertaining"],
    "locations": {
      "vic": {
        "price": 10,
        "promoText": " ",
        "packageSize": "350g",
        "packagePrice": "$28.57 per 1Kg"
      }
    }
  },
  {
    "id": "i-j-cooked-peeled-prawns-tail-off",
    "brand": "I&J",
    "name": "The Finest Frozen Prawns Cooked & Peeled Tail Off",
    "imageUrl": "https://shop.coles.com.au/wcsstore/Coles-CAS/images/3/5/8/3580188-th.jpg",
    "categories": ["entertaining-at-home", "frozen"],
    "tags": ["barbeque", "seafod-for-entertaining"],
    "locations": {
      "vic": {
        "price": 15,
        "promoText": "$4.00 ",
        "packageSize": "500g",
        "packagePrice": "$30.00 per 1Kg"
      }
    }
  },
  {
    "id": "john-west-australian-prawns-with-salt-pepper-marinade",
    "brand": "John West",
    "name": "Australian Prawns with Salt & Pepper Marinade",
    "imageUrl": "https://shop.coles.com.au/wcsstore/Coles-CAS/images/3/6/2/3628230-th.jpg",
    "categories": ["entertaining-at-home", "meat-seafood-deli"],
    "tags": ["barbeque", "seafod-for-entertaining"],
    "locations": {
      "vic": {
        "price": 13,
        "promoText": " ",
        "packageSize": "250g",
        "packagePrice": "$5.20 per 100G"
      }
    }
  },
  {
    "id": "john-west-prawns---with-cocktail-sauce",
    "brand": "John West",
    "name": "Prawns With Cocktail Sauce",
    "imageUrl": "https://shop.coles.com.au/wcsstore/Coles-CAS/images/1/5/4/1549143-th.jpg",
    "categories": ["entertaining-at-home", "meat-seafood-deli"],
    "tags": ["barbeque", "seafod-for-entertaining"],
    "locations": {
      "vic": {
        "price": 12,
        "promoText": " ",
        "packageSize": "260g",
        "packagePrice": "$46.15 per 1Kg"
      }
    }
  },
  {
    "id": "thomy-mayonnaise-delikatess",
    "brand": "Thomy",
    "name": "Delikatess Mayonnaise",
    "imageUrl": "https://shop.coles.com.au/wcsstore/Coles-CAS/images/5/0/3/5032117-th.jpg",
    "categories": ["entertaining-at-home"],
    "tags": ["barbeque", "condiments-marinades"],
    "locations": {
      "vic": {
        "price": 6,
        "promoText": " ",
        "packageSize": "470g",
        "packagePrice": "$1.28 per 100G"
      }
    }
  },
  {
    "id": "maggi-oyster-sauce",
    "brand": "Maggi",
    "name": "Oyster Sauce",
    "imageUrl": "https://shop.coles.com.au/wcsstore/Coles-CAS/images/5/1/9/5196996-th.jpg",
    "categories": ["entertaining-at-home", "international-fods"],
    "tags": ["barbeque", "condiments-marinades"],
    "locations": {
      "vic": {
        "price": 3,
        "promoText": " ",
        "packageSize": "275mL",
        "packagePrice": "$1.09 per 100mL"
      }
    }
  },
  {
    "id": "masterfoods-mustard-american-mild",
    "brand": "MasterFoods",
    "name": "Mild American Mustard Smooth & Tangy",
    "imageUrl": "https://shop.coles.com.au/wcsstore/Coles-CAS/images/8/8/3/8833305-th.jpg",
    "categories": ["entertaining-at-home"],
    "tags": ["barbeque", "condiments-marinades"],
    "locations": {
      "vic": {
        "price": 3.5,
        "promoText": "$0.65 ",
        "packageSize": "550g",
        "packagePrice": "$0.64 per 100G"
      }
    }
  },
  {
    "id": "masterfoods-sweet-chilli-sauce",
    "brand": "MasterFoods",
    "name": "Sweet Chilli Sauce",
    "imageUrl": "https://shop.coles.com.au/wcsstore/Coles-CAS/images/8/5/9/8592264-th.jpg",
    "categories": ["entertaining-at-home"],
    "tags": ["barbeque", "condiments-marinades"],
    "locations": {
      "vic": {
        "price": 2.8,
        "promoText": "$0.50 ",
        "packageSize": "500mL",
        "packagePrice": "$0.56 per 100mL"
      }
    }
  },
  {
    "id": "masterfoods-sauce-tartare",
    "brand": "MasterFoods",
    "name": "Traditional Tartare Sauce",
    "imageUrl": "https://shop.coles.com.au/wcsstore/Coles-CAS/images/1/9/0/190915-th.jpg",
    "categories": ["entertaining-at-home"],
    "tags": ["barbeque", "condiments-marinades"],
    "locations": {
      "vic": {
        "price": 2.4,
        "promoText": " ",
        "packageSize": "220g",
        "packagePrice": "$1.09 per 100G"
      }
    }
  },
  {
    "id": "masterfoods-mustard-dijon",
    "brand": "MasterFoods",
    "name": "Dijon Mustard",
    "imageUrl": "https://shop.coles.com.au/wcsstore/Coles-CAS/images/5/4/3/5434948-th.jpg",
    "categories": ["entertaining-at-home"],
    "tags": ["barbeque", "condiments-marinades"],
    "locations": {
      "vic": {
        "price": 2.5,
        "promoText": "$0.30 ",
        "packageSize": "170g",
        "packagePrice": "$1.47 per 100G"
      }
    }
  },
  {
    "id": "praise-whole-egg-mayonnaise",
    "brand": "Praise",
    "name": "Whole Egg Mayonnaise",
    "imageUrl": "https://shop.coles.com.au/wcsstore/Coles-CAS/images/5/2/9/5296593-th.jpg",
    "categories": ["entertaining-at-home"],
    "tags": ["barbeque", "condiments-marinades"],
    "locations": {
      "vic": {
        "price": 5,
        "promoText": " ",
        "packageSize": "335g",
        "packagePrice": "$1.49 per 100G"
      }
    }
  },
  {
    "id": "praise-coleslaw-dressing",
    "brand": "Praise",
    "name": "Coleslaw Dressing",
    "imageUrl": "https://shop.coles.com.au/wcsstore/Coles-CAS/images/9/8/2/9821061-th.jpg",
    "categories": ["entertaining-at-home"],
    "tags": ["barbeque", "condiments-marinades"],
    "locations": {
      "vic": {
        "price": 3,
        "promoText": "Was $3.50 on Oct 2017 ",
        "packageSize": "330mL",
        "packagePrice": "$0.91 per 100mL"
      }
    }
  },
  {
    "id": "fountain-sweet-chilli-sauce",
    "brand": "Fountain",
    "name": "Sweet Chilli Sauce",
    "imageUrl": "https://shop.coles.com.au/wcsstore/Coles-CAS/images/6/8/4/6849199-th.jpg",
    "categories": ["entertaining-at-home"],
    "tags": ["barbeque", "condiments-marinades"],
    "locations": {
      "vic": {
        "price": 2.7,
        "promoText": " ",
        "packageSize": "250mL",
        "packagePrice": "$1.08 per 100mL"
      }
    }
  },
  {
    "id": "praise-mayonnaise-traditional-squeezable-8733876p",
    "brand": "Praise",
    "name": "Traditional Squeezable Mayonnaise",
    "imageUrl": "https://shop.coles.com.au/wcsstore/Coles-CAS/images/8/7/3/8733876-th.jpg",
    "categories": ["entertaining-at-home"],
    "tags": ["barbeque", "condiments-marinades"],
    "locations": {
      "vic": {
        "price": 2.5,
        "promoText": "$0.90 ",
        "packageSize": "365g",
        "packagePrice": "$0.68 per 100G"
      }
    }
  },
  {
    "id": "praise-dressing-french",
    "brand": "Praise",
    "name": "French Dressing",
    "imageUrl": "https://shop.coles.com.au/wcsstore/Coles-CAS/images/9/8/2/9820998-th.jpg",
    "categories": ["entertaining-at-home"],
    "tags": ["barbeque", "condiments-marinades"],
    "locations": {
      "vic": {
        "price": 3,
        "promoText": "Was $3.50 on Oct 2017 ",
        "packageSize": "330mL",
        "packagePrice": "$0.91 per 100mL"
      }
    }
  },
  {
    "id": "praise-sauce-deli-style-aioli-classic",
    "brand": "Praise",
    "name": "Deli Style Classic Aioli",
    "imageUrl": "https://shop.coles.com.au/wcsstore/Coles-CAS/images/1/4/2/1423247-th.jpg",
    "categories": ["entertaining-at-home"],
    "tags": ["barbeque", "condiments-marinades"],
    "locations": {
      "vic": {
        "price": 3,
        "promoText": " ",
        "packageSize": "250mL",
        "packagePrice": "$1.20 per 100mL"
      }
    }
  },
  {
    "id": "fountain-soy-sauce",
    "brand": "Fountain",
    "name": "Soy Sauce",
    "imageUrl": "https://shop.coles.com.au/wcsstore/Coles-CAS/images/5/3/7/5377390-th.jpg",
    "categories": ["entertaining-at-home", "international-fods"],
    "tags": ["barbeque", "condiments-marinades"],
    "locations": {
      "vic": {
        "price": 2.7,
        "promoText": " ",
        "packageSize": "250mL",
        "packagePrice": "$1.08 per 100mL"
      }
    }
  },
  {
    "id": "masterfoods-tomato-sauce-squeeze",
    "brand": "MasterFoods",
    "name": "Tomato Sauce",
    "imageUrl": "https://shop.coles.com.au/wcsstore/Coles-CAS/images/7/7/1/7717331-th.jpg",
    "categories": ["entertaining-at-home"],
    "tags": ["barbeque", "condiments-marinades"],
    "locations": {
      "vic": {
        "price": 2.5,
        "promoText": "$0.45 ",
        "packageSize": "500mL",
        "packagePrice": "$0.50 per 100mL"
      }
    }
  },
  {
    "id": "heinz-tomato-ketchup-50-less-sugar",
    "brand": "Heinz",
    "name": "Tomato Ketchup 50% Less Sugar",
    "imageUrl": "https://shop.coles.com.au/wcsstore/Coles-CAS/images/3/0/9/3091330-th.jpg",
    "categories": ["entertaining-at-home"],
    "tags": ["barbeque", "condiments-marinades"],
    "locations": {
      "vic": {
        "price": 3.2,
        "promoText": " ",
        "packageSize": "500mL",
        "packagePrice": "$0.64 per 100mL"
      }
    }
  },
  {
    "id": "masterfoods-tomato-sauce-squeeze-salt-reduced",
    "brand": "MasterFoods",
    "name": "Salt Reduced Tomato Sauce",
    "imageUrl": "https://shop.coles.com.au/wcsstore/Coles-CAS/images/5/4/2/5427895-th.jpg",
    "categories": ["entertaining-at-home"],
    "tags": ["barbeque", "condiments-marinades"],
    "locations": {
      "vic": {
        "price": 2.5,
        "promoText": "$0.45 ",
        "packageSize": "475mL",
        "packagePrice": "$0.53 per 100mL"
      }
    }
  },
  {
    "id": "masterfoods-tomato-sauce-4870911p",
    "brand": "MasterFoods",
    "name": "Squeezy Tomato Sauce",
    "imageUrl": "https://shop.coles.com.au/wcsstore/Coles-CAS/images/4/8/7/4870911-th.jpg",
    "categories": ["entertaining-at-home"],
    "tags": ["barbeque", "condiments-marinades"],
    "locations": {
      "vic": {
        "price": 4,
        "promoText": "Was $4.69 on Nov 2017 ",
        "packageSize": "920mL",
        "packagePrice": "$0.43 per 100mL"
      }
    }
  },
  {
    "id": "coles-sauce-tomato-squeezy",
    "brand": "Coles",
    "name": "Tomato Squeezy Sauce",
    "imageUrl": "https://shop.coles.com.au/wcsstore/Coles-CAS/images/7/4/1/7413417-th.jpg",
    "categories": ["entertaining-at-home"],
    "tags": ["barbeque", "condiments-marinades"],
    "locations": {
      "vic": {
        "price": 1.5,
        "promoText": " ",
        "packageSize": "500mL",
        "packagePrice": "$0.30 per 100mL"
      }
    }
  },
  {
    "id": "cock-sauce-sriracha-hot-chilli",
    "brand": "Huy Fong Foods",
    "name": "Sriracha Hot Chilli Sauce",
    "imageUrl": "https://shop.coles.com.au/wcsstore/Coles-CAS/images/1/3/1/1315142-th.jpg",
    "categories": ["entertaining-at-home"],
    "tags": ["barbeque", "condiments-marinades"],
    "locations": {
      "vic": {
        "price": 5.5,
        "promoText": " ",
        "packageSize": "482g",
        "packagePrice": "$1.14 per 100G"
      }
    }
  },
  {
    "id": "maille-mustard-dijon",
    "brand": "Maille",
    "name": "Traditional Dijon Mustard",
    "imageUrl": "https://shop.coles.com.au/wcsstore/Coles-CAS/images/5/2/0/5201123-th.jpg",
    "categories": ["entertaining-at-home"],
    "tags": ["barbeque", "condiments-marinades"],
    "locations": {
      "vic": {
        "price": 4.2,
        "promoText": " ",
        "packageSize": "215g",
        "packagePrice": "$1.95 per 100G"
      }
    }
  },
  {
    "id": "kikkoman-soy-sauce",
    "brand": "Kikkoman",
    "name": "Soy Sauce",
    "imageUrl": "https://shop.coles.com.au/wcsstore/Coles-CAS/images/8/2/8/8280895-th.jpg",
    "categories": ["entertaining-at-home", "international-fods"],
    "tags": ["barbeque", "condiments-marinades"],
    "locations": {
      "vic": {
        "price": 5.55,
        "promoText": "$0.70 ",
        "packageSize": "600mL",
        "packagePrice": "$0.93 per 100mL"
      }
    }
  },
  {
    "id": "masterfoods-tomato-squeezy-sauce",
    "brand": "MasterFoods",
    "name": "Australian Grown Tomato Sauce",
    "imageUrl": "https://shop.coles.com.au/wcsstore/Coles-CAS/images/9/9/0/9905423-th.jpg",
    "categories": ["entertaining-at-home"],
    "tags": ["barbeque", "condiments-marinades"],
    "locations": {
      "vic": {
        "price": 3.15,
        "promoText": "Any 2 $5",
        "packageSize": "500mL",
        "packagePrice": "$0.63 per 100mL"
      }
    }
  },
  {
    "id": "maille-mustard-mild-wholegrain",
    "brand": "Maille",
    "name": "Mild Wholegrain Mustard",
    "imageUrl": "https://shop.coles.com.au/wcsstore/Coles-CAS/images/5/1/7/5179807-th.jpg",
    "categories": ["entertaining-at-home"],
    "tags": ["barbeque", "condiments-marinades"],
    "locations": {
      "vic": {
        "price": 4.2,
        "promoText": " ",
        "packageSize": "210g",
        "packagePrice": "$2.00 per 100G"
      }
    }
  },
  {
    "id": "masterfoods-barbeque-sauce-squeeze-7716441p",
    "brand": "MasterFoods",
    "name": "Barbecue Sauce",
    "imageUrl": "https://shop.coles.com.au/wcsstore/Coles-CAS/images/7/7/1/7716441-th.jpg",
    "categories": ["entertaining-at-home"],
    "tags": ["barbeque", "condiments-marinades"],
    "locations": {
      "vic": {
        "price": 2.5,
        "promoText": "$0.45 ",
        "packageSize": "500mL",
        "packagePrice": "$0.50 per 100mL"
      }
    }
  },
  {
    "id": "rosella-tomato-sauce-9735946p",
    "brand": "Rosella",
    "name": "Squeezy Tomato Sauce",
    "imageUrl": "https://shop.coles.com.au/wcsstore/Coles-CAS/images/9/7/3/9735946-th.jpg",
    "categories": ["entertaining-at-home"],
    "tags": ["barbeque", "condiments-marinades"],
    "locations": {
      "vic": {
        "price": 2.3,
        "promoText": " ",
        "packageSize": "500mL",
        "packagePrice": "$0.46 per 100mL"
      }
    }
  },
  {
    "id": "kikkoman-soy-sauce-salt-reduced-52897p",
    "brand": "Kikkoman",
    "name": "Salt Reduced Soy Sauce",
    "imageUrl": "https://shop.coles.com.au/wcsstore/Coles-CAS/images/5/2/8/52897-th.jpg",
    "categories": ["entertaining-at-home", "international-fods"],
    "tags": ["barbeque", "condiments-marinades"],
    "locations": {
      "vic": {
        "price": 5.5,
        "promoText": " ",
        "packageSize": "250mL",
        "packagePrice": "$2.20 per 100mL"
      }
    }
  },
  {
    "id": "beerenberg-chutney-tomato",
    "brand": "Beerenberg",
    "name": "Tomato Chutney",
    "imageUrl": "https://shop.coles.com.au/wcsstore/Coles-CAS/images/3/6/7/367446-th.jpg",
    "categories": ["entertaining-at-home"],
    "tags": ["barbeque", "condiments-marinades"],
    "locations": {
      "vic": {
        "price": 5.35,
        "promoText": " ",
        "packageSize": "260g",
        "packagePrice": "$2.06 per 100G"
      }
    }
  },
  {
    "id": "coles-traditional-mayonnaise",
    "brand": "Coles",
    "name": "Traditional Mayonnaise",
    "imageUrl": "https://shop.coles.com.au/wcsstore/Coles-CAS/images/2/4/5/2454767-th.jpg",
    "categories": ["entertaining-at-home"],
    "tags": ["barbeque", "condiments-marinades"],
    "locations": {
      "vic": {
        "price": 2.6,
        "promoText": " ",
        "packageSize": "470g",
        "packagePrice": "$0.55 per 100G"
      }
    }
  },
  {
    "id": "heinz-seriously-good-garlic-aioli-mayonnaise",
    "brand": "Heinz",
    "name": "Garlic Aioli Mayonnaise",
    "imageUrl": "https://shop.coles.com.au/wcsstore/Coles-CAS/images/2/0/6/2060262-th.jpg",
    "categories": ["entertaining-at-home"],
    "tags": ["barbeque", "condiments-marinades"],
    "locations": {
      "vic": {
        "price": 4,
        "promoText": " ",
        "packageSize": "295mL",
        "packagePrice": "$1.36 per 100mL"
      }
    }
  },
  {
    "id": "kikkoman-soy-sauce-459125p",
    "brand": "Kikkoman",
    "name": "Soy Sauce",
    "imageUrl": "https://shop.coles.com.au/wcsstore/Coles-CAS/images/4/5/9/459125-th.jpg",
    "categories": ["entertaining-at-home", "international-fods"],
    "tags": ["barbeque", "condiments-marinades"],
    "locations": {
      "vic": {
        "price": 8,
        "promoText": "Was $9.50 on May 2020 ",
        "packageSize": "1L",
        "packagePrice": "$8.00 per 1L"
      }
    }
  },
  {
    "id": "s-w-mayonnaise-real-whole-egg",
    "brand": "S&W",
    "name": "Real Whole Egg Mayonnaise",
    "imageUrl": "https://shop.coles.com.au/wcsstore/Coles-CAS/images/6/1/4/6144750-th.jpg",
    "categories": ["entertaining-at-home"],
    "tags": ["barbeque", "condiments-marinades"],
    "locations": {
      "vic": {
        "price": 6,
        "promoText": " ",
        "packageSize": "440g",
        "packagePrice": "$1.36 per 100G"
      }
    }
  },
  {
    "id": "trident-sweet-chilli-sauce",
    "brand": "Trident",
    "name": "Sweet Chilli Sauce",
    "imageUrl": "https://shop.coles.com.au/wcsstore/Coles-CAS/images/4/2/6/426670-th.jpg",
    "categories": ["entertaining-at-home"],
    "tags": ["barbeque", "condiments-marinades"],
    "locations": {
      "vic": {
        "price": 3,
        "promoText": " ",
        "packageSize": "285mL",
        "packagePrice": "$1.05 per 100mL"
      }
    }
  },
  {
    "id": "coles-dijon-mustard",
    "brand": "Coles",
    "name": "Dijon Mustard Smooth And Mild",
    "imageUrl": "https://shop.coles.com.au/wcsstore/Coles-CAS/images/2/4/2/2421473-th.jpg",
    "categories": ["entertaining-at-home"],
    "tags": ["barbeque", "condiments-marinades"],
    "locations": {
      "vic": {
        "price": 2,
        "promoText": " ",
        "packageSize": "200g",
        "packagePrice": "$1.00 per 100G"
      }
    }
  },
  {
    "id": "coles-garlic-aioli-mayonnaise",
    "brand": "Coles",
    "name": "Garlic Aioli",
    "imageUrl": "https://shop.coles.com.au/wcsstore/Coles-CAS/images/2/4/5/2454790-th.jpg",
    "categories": ["entertaining-at-home"],
    "tags": ["barbeque", "condiments-marinades"],
    "locations": {
      "vic": {
        "price": 2.75,
        "promoText": " ",
        "packageSize": "350g",
        "packagePrice": "$0.79 per 100G"
      }
    }
  },
  {
    "id": "coles-soy-sauce-2579434p",
    "brand": "Coles",
    "name": "Soy Sauce",
    "imageUrl": "https://shop.coles.com.au/wcsstore/Coles-CAS/images/2/5/7/2579434-th.jpg",
    "categories": ["entertaining-at-home"],
    "tags": ["barbeque", "condiments-marinades"],
    "locations": {
      "vic": {
        "price": 1.9,
        "promoText": " ",
        "packageSize": "500mL",
        "packagePrice": "$0.38 per 100mL"
      }
    }
  },
  {
    "id": "kikkoman-soy-sauce-gluten-free",
    "brand": "Kikkoman",
    "name": "Gluten Free Soy Sauce",
    "imageUrl": "https://shop.coles.com.au/wcsstore/Coles-CAS/images/7/8/3/7834131-th.jpg",
    "categories": ["entertaining-at-home", "international-fods"],
    "tags": ["barbeque", "condiments-marinades"],
    "locations": {
      "vic": {
        "price": 5,
        "promoText": " ",
        "packageSize": "250mL",
        "packagePrice": "$2.00 per 100mL"
      }
    }
  },
  {
    "id": "kikkoman-soy-sauce-128183p",
    "brand": "Kikkoman",
    "name": "Soy Sauce",
    "imageUrl": "https://shop.coles.com.au/wcsstore/Coles-CAS/images/1/2/8/128183-th.jpg",
    "categories": ["entertaining-at-home", "international-fods"],
    "tags": ["barbeque", "condiments-marinades"],
    "locations": {
      "vic": {
        "price": 4,
        "promoText": " ",
        "packageSize": "150mL",
        "packagePrice": "$2.67 per 100mL"
      }
    }
  },
  {
    "id": "masterfoods-squeezy-sauce-bbq-reduced-salt",
    "brand": "MasterFoods",
    "name": "BBQ Sauce Reduced Salt & Sugar",
    "imageUrl": "https://shop.coles.com.au/wcsstore/Coles-CAS/images/8/5/7/8575582-th.jpg",
    "categories": ["entertaining-at-home"],
    "tags": ["barbeque", "condiments-marinades"],
    "locations": {
      "vic": {
        "price": 2.5,
        "promoText": "$0.45 ",
        "packageSize": "500mL",
        "packagePrice": "$0.50 per 100mL"
      }
    }
  },
  {
    "id": "pearl-river-bridge-light-soy-sauce",
    "brand": "Pearl River Bridge",
    "name": "Light Soy Sauce",
    "imageUrl": "https://shop.coles.com.au/wcsstore/Coles-CAS/images/4/0/4/404542-th.jpg",
    "categories": ["entertaining-at-home", "international-fods"],
    "tags": ["barbeque", "condiments-marinades"],
    "locations": {
      "vic": {
        "price": 2.85,
        "promoText": " ",
        "packageSize": "500mL",
        "packagePrice": "$0.57 per 100mL"
      }
    }
  },
  {
    "id": "best-foods-mayonnaise-real-6499745p",
    "brand": "Best Foods",
    "name": "Real Mayonnaise",
    "imageUrl": "https://shop.coles.com.au/wcsstore/Coles-CAS/images/6/4/9/6499745-th.jpg",
    "categories": ["entertaining-at-home"],
    "tags": ["barbeque", "condiments-marinades"],
    "locations": {
      "vic": {
        "price": 6,
        "promoText": " ",
        "packageSize": "405g",
        "packagePrice": "$1.48 per 100G"
      }
    }
  },
  {
    "id": "coles-sauce-barbeque-squeezy",
    "brand": "Coles",
    "name": "Barbecue Squeezy Sauce",
    "imageUrl": "https://shop.coles.com.au/wcsstore/Coles-CAS/images/7/4/1/7413440-th.jpg",
    "categories": ["entertaining-at-home"],
    "tags": ["barbeque", "condiments-marinades"],
    "locations": {
      "vic": {
        "price": 1.5,
        "promoText": " ",
        "packageSize": "500mL",
        "packagePrice": "$0.30 per 100mL"
      }
    }
  },
  {
    "id": "lea-perrins-worcestershire-sauce",
    "brand": "Lea & Perrins",
    "name": "Worcestershire Sauce",
    "imageUrl": "https://shop.coles.com.au/wcsstore/Coles-CAS/images/5/3/1/5310752-th.jpg",
    "categories": ["entertaining-at-home"],
    "tags": ["barbeque", "condiments-marinades"],
    "locations": {
      "vic": {
        "price": 3.35,
        "promoText": " ",
        "packageSize": "290mL",
        "packagePrice": "$1.16 per 100mL"
      }
    }
  },
  {
    "id": "praise-mayonnaise-traditional-squeezable",
    "brand": "Praise",
    "name": "Traditional Mayonnaise",
    "imageUrl": "https://shop.coles.com.au/wcsstore/Coles-CAS/images/8/7/3/8734744-th.jpg",
    "categories": ["entertaining-at-home"],
    "tags": ["barbeque", "condiments-marinades"],
    "locations": {
      "vic": {
        "price": 3.5,
        "promoText": "Was $4.20 on Nov 2017 ",
        "packageSize": "490g",
        "packagePrice": "$0.71 per 100G"
      }
    }
  },
  {
    "id": "coles-brand-sauce-tomato",
    "brand": "Coles",
    "name": "Tomato Sauce",
    "imageUrl": "https://shop.coles.com.au/wcsstore/Coles-CAS/images/8/8/4/8849054-th.jpg",
    "categories": ["entertaining-at-home"],
    "tags": ["barbeque", "condiments-marinades"],
    "locations": {
      "vic": {
        "price": 4,
        "promoText": " ",
        "packageSize": "2L",
        "packagePrice": "$0.20 per 100mL"
      }
    }
  },
  {
    "id": "masterfoods-smokey-barbeque-sauce-squeeze",
    "brand": "MasterFoods",
    "name": "Smokey BBQ Sauce",
    "imageUrl": "https://shop.coles.com.au/wcsstore/Coles-CAS/images/5/4/2/5427884-th.jpg",
    "categories": ["entertaining-at-home"],
    "tags": ["barbeque", "condiments-marinades"],
    "locations": {
      "vic": {
        "price": 3.15,
        "promoText": "Any 2 $5",
        "packageSize": "500mL",
        "packagePrice": "$0.63 per 100mL"
      }
    }
  },
  {
    "id": "mcilhenny-tabasco-sauce-422599p",
    "brand": "Mc Ilhenny Co.",
    "name": "Tabasco Sauce",
    "imageUrl": "https://shop.coles.com.au/wcsstore/Coles-CAS/images/4/2/2/422599-th.jpg",
    "categories": ["entertaining-at-home"],
    "tags": ["barbeque", "condiments-marinades"],
    "locations": {
      "vic": {
        "price": 4.6,
        "promoText": " ",
        "packageSize": "60mL",
        "packagePrice": "$7.67 per 100mL"
      }
    }
  },
  {
    "id": "coles-sauce-apple",
    "brand": "Coles",
    "name": "Apple Sauce",
    "imageUrl": "https://shop.coles.com.au/wcsstore/Coles-CAS/images/6/5/5/6551211-th.jpg",
    "categories": ["entertaining-at-home"],
    "tags": ["barbeque", "condiments-marinades"],
    "locations": {
      "vic": {
        "price": 1.8,
        "promoText": " ",
        "packageSize": "375g",
        "packagePrice": "$0.48 per 100G"
      }
    }
  },
  {
    "id": "coles-brand-sauce-sweet-chilli",
    "brand": "Coles",
    "name": "Sweet Chilli Sauce",
    "imageUrl": "https://shop.coles.com.au/wcsstore/Coles-CAS/images/5/3/3/5332289-th.jpg",
    "categories": ["entertaining-at-home"],
    "tags": ["barbeque", "condiments-marinades"],
    "locations": {
      "vic": {
        "price": 1.79,
        "promoText": " ",
        "packageSize": "500mL",
        "packagePrice": "$0.36 per 100mL"
      }
    }
  },
  {
    "id": "coles-wholegrain-mustard",
    "brand": "Coles",
    "name": "Wholegrain Mustard",
    "imageUrl": "https://shop.coles.com.au/wcsstore/Coles-CAS/images/2/4/2/2421484-th.jpg",
    "categories": ["entertaining-at-home"],
    "tags": ["barbeque", "condiments-marinades"],
    "locations": {
      "vic": {
        "price": 2,
        "promoText": " ",
        "packageSize": "200g",
        "packagePrice": "$1.00 per 100G"
      }
    }
  },
  {
    "id": "hp-sauce-original-top-down",
    "brand": "HP",
    "name": "Original Sauce",
    "imageUrl": "https://shop.coles.com.au/wcsstore/Coles-CAS/images/9/8/9/9899750-th.jpg",
    "categories": ["entertaining-at-home"],
    "tags": ["barbeque", "condiments-marinades"],
    "locations": {
      "vic": {
        "price": 5,
        "promoText": " ",
        "packageSize": "390mL",
        "packagePrice": "$1.28 per 100mL"
      }
    }
  },
  {
    "id": "nandos-peri-peri-sauce-medium",
    "brand": "Nando's",
    "name": "Medium Peri-Peri Sauce",
    "imageUrl": "https://shop.coles.com.au/wcsstore/Coles-CAS/images/2/7/8/2789620-th.jpg",
    "categories": ["entertaining-at-home"],
    "tags": ["barbeque", "condiments-marinades"],
    "locations": {
      "vic": {
        "price": 5.75,
        "promoText": " ",
        "packageSize": "250g",
        "packagePrice": "$2.30 per 100G"
      }
    }
  },
  {
    "id": "paul-newmans-own-ranch-dressing",
    "brand": "Paul Newman's Own",
    "name": "Ranch Salad Dressing",
    "imageUrl": "https://shop.coles.com.au/wcsstore/Coles-CAS/images/5/2/6/5267766-th.jpg",
    "categories": ["entertaining-at-home"],
    "tags": ["barbeque", "condiments-marinades"],
    "locations": {
      "vic": {
        "price": 4,
        "promoText": " ",
        "packageSize": "250mL",
        "packagePrice": "$1.60 per 100mL"
      }
    }
  },
  {
    "id": "praise-mayonnaise-99%25-fat-free-squeezable",
    "brand": "Praise",
    "name": "Fat Free Traditional Mayonnaise",
    "imageUrl": "https://shop.coles.com.au/wcsstore/Coles-CAS/images/8/7/3/8735292-th.jpg",
    "categories": ["entertaining-at-home"],
    "tags": ["barbeque", "condiments-marinades"],
    "locations": {
      "vic": {
        "price": 2.5,
        "promoText": "$0.90 ",
        "packageSize": "410g",
        "packagePrice": "$0.61 per 100G"
      }
    }
  },
  {
    "id": "praise-mayonnaise-traditional",
    "brand": "Praise",
    "name": "Traditional Mayonnaise",
    "imageUrl": "https://shop.coles.com.au/wcsstore/Coles-CAS/images/2/3/6/236175-th.jpg",
    "categories": ["entertaining-at-home"],
    "tags": ["barbeque", "condiments-marinades"],
    "locations": {
      "vic": {
        "price": 4.2,
        "promoText": " ",
        "packageSize": "470g",
        "packagePrice": "$0.89 per 100G"
      }
    }
  },
  {
    "id": "three-threes-sauce-apple",
    "brand": "Three Threes",
    "name": "Apple Sauce",
    "imageUrl": "https://shop.coles.com.au/wcsstore/Coles-CAS/images/6/9/8/6986350-th.jpg",
    "categories": ["entertaining-at-home"],
    "tags": ["barbeque", "condiments-marinades"],
    "locations": {
      "vic": {
        "price": 2,
        "promoText": " ",
        "packageSize": "250g",
        "packagePrice": "$0.80 per 100G"
      }
    }
  },
  {
    "id": "coles-whole-egg-mayonnaise",
    "brand": "Coles",
    "name": "Whole Egg Mayonnaise With Free Range Egg",
    "imageUrl": "https://shop.coles.com.au/wcsstore/Coles-CAS/images/2/4/5/2454789-th.jpg",
    "categories": ["entertaining-at-home"],
    "tags": ["barbeque", "condiments-marinades"],
    "locations": {
      "vic": {
        "price": 2.85,
        "promoText": " ",
        "packageSize": "445g",
        "packagePrice": "$0.64 per 100G"
      }
    }
  },
  {
    "id": "fountain-tomato-sauce",
    "brand": "Fountain",
    "name": "Tomato Sauce",
    "imageUrl": "https://shop.coles.com.au/wcsstore/Coles-CAS/images/7/2/6/7265171-th.jpg",
    "categories": ["entertaining-at-home"],
    "tags": ["barbeque", "condiments-marinades"],
    "locations": {
      "vic": {
        "price": 6,
        "promoText": " ",
        "packageSize": "2L",
        "packagePrice": "$0.30 per 100mL"
      }
    }
  },
  {
    "id": "heinz-salad-cream",
    "brand": "Heinz",
    "name": "Salad Cream",
    "imageUrl": "https://shop.coles.com.au/wcsstore/Coles-CAS/images/2/0/8/208646-th.jpg",
    "categories": ["entertaining-at-home"],
    "tags": ["barbeque", "condiments-marinades"],
    "locations": {
      "vic": {
        "price": 2.9,
        "promoText": " ",
        "packageSize": "250g",
        "packagePrice": "$1.16 per 100G"
      }
    }
  },
  {
    "id": "hellmans-mayonnaise",
    "brand": "Hellmann's",
    "name": "Real Mayonnaise",
    "imageUrl": "https://shop.coles.com.au/wcsstore/Coles-CAS/images/4/7/0/4707648-th.jpg",
    "categories": ["entertaining-at-home"],
    "tags": ["barbeque", "condiments-marinades"],
    "locations": {
      "vic": {
        "price": 6.2,
        "promoText": " ",
        "packageSize": "400g",
        "packagePrice": "$1.55 per 100G"
      }
    }
  },
  {
    "id": "holbrooks-worcestershire-sauce",
    "brand": "Holbrooks",
    "name": "Worcestershire Sauce",
    "imageUrl": "https://shop.coles.com.au/wcsstore/Coles-CAS/images/1/8/0/180682-th.jpg",
    "categories": ["entertaining-at-home"],
    "tags": ["barbeque", "condiments-marinades"],
    "locations": {
      "vic": {
        "price": 4.5,
        "promoText": "$1.00 ",
        "packageSize": "500mL",
        "packagePrice": "$0.90 per 100mL"
      }
    }
  },
  {
    "id": "masterfoods-marinade-teriyaki",
    "brand": "MasterFoods",
    "name": "Teriyaki Marinade",
    "imageUrl": "https://shop.coles.com.au/wcsstore/Coles-CAS/images/7/7/4/7741507-th.jpg",
    "categories": ["entertaining-at-home"],
    "tags": ["barbeque", "condiments-marinades"],
    "locations": {
      "vic": {
        "price": 2.5,
        "promoText": " ",
        "packageSize": "375g",
        "packagePrice": "$0.67 per 100G"
      }
    }
  },
  {
    "id": "praise-caesar-salad-croutons",
    "brand": "Praise",
    "name": "Caesar Salad Croutons",
    "imageUrl": "https://shop.coles.com.au/wcsstore/Coles-CAS/images/6/0/1/6015930-th.jpg",
    "categories": ["entertaining-at-home"],
    "tags": ["barbeque", "condiments-marinades"],
    "locations": {
      "vic": {
        "price": 4,
        "promoText": " ",
        "packageSize": "150g",
        "packagePrice": "$2.67 per 100G"
      }
    }
  },
  {
    "id": "trident-thai-sweet-chilli-sauce",
    "brand": "Trident",
    "name": "Thai Sweet Chilli Sauce",
    "imageUrl": "https://shop.coles.com.au/wcsstore/Coles-CAS/images/5/5/2/5526955-th.jpg",
    "categories": ["entertaining-at-home"],
    "tags": ["barbeque", "condiments-marinades"],
    "locations": {
      "vic": {
        "price": 4.3,
        "promoText": " ",
        "packageSize": "730mL",
        "packagePrice": "$0.59 per 100mL"
      }
    }
  },
  {
    "id": "beerenberg-caramelised-onion",
    "brand": "Beerenberg",
    "name": "Caramelised Onion Chutney",
    "imageUrl": "https://shop.coles.com.au/wcsstore/Coles-CAS/images/6/8/7/6874957-th.jpg",
    "categories": ["entertaining-at-home"],
    "tags": ["barbeque", "condiments-marinades"],
    "locations": {
      "vic": {
        "price": 5,
        "promoText": " ",
        "packageSize": "280g",
        "packagePrice": "$1.79 per 100G"
      }
    }
  },
  {
    "id": "coles-sauce-cranberry",
    "brand": "Coles",
    "name": "Cranberry Sauce",
    "imageUrl": "https://shop.coles.com.au/wcsstore/Coles-CAS/images/6/5/5/6551186-th.jpg",
    "categories": ["entertaining-at-home"],
    "tags": ["barbeque", "condiments-marinades"],
    "locations": {
      "vic": {
        "price": 2.65,
        "promoText": " ",
        "packageSize": "275g",
        "packagePrice": "$0.96 per 100G"
      }
    }
  },
  {
    "id": "coles-sauce-oyster",
    "brand": "Coles",
    "name": "Oyster Sauce",
    "imageUrl": "https://shop.coles.com.au/wcsstore/Coles-CAS/images/5/3/3/5332234-th.jpg",
    "categories": ["entertaining-at-home", "international-fods"],
    "tags": ["barbeque", "condiments-marinades"],
    "locations": {
      "vic": {
        "price": 2.1,
        "promoText": " ",
        "packageSize": "300mL",
        "packagePrice": "$0.70 per 100mL"
      }
    }
  },
  {
    "id": "coles-coleslaw-dressing",
    "brand": "Coles",
    "name": "Coleslaw Dressing",
    "imageUrl": "https://shop.coles.com.au/wcsstore/Coles-CAS/images/2/4/5/2459352-th.jpg",
    "categories": ["entertaining-at-home"],
    "tags": ["barbeque", "condiments-marinades"],
    "locations": {
      "vic": {
        "price": 1.8,
        "promoText": " ",
        "packageSize": "300mL",
        "packagePrice": "$0.60 per 100mL"
      }
    }
  },
  {
    "id": "eta-barbeque-sauce-original",
    "brand": "ETA",
    "name": "Original Barbecue Sauce",
    "imageUrl": "https://shop.coles.com.au/wcsstore/Coles-CAS/images/2/3/4/234577-th.jpg",
    "categories": ["entertaining-at-home"],
    "tags": ["barbeque", "condiments-marinades"],
    "locations": {
      "vic": {
        "price": 2.75,
        "promoText": " ",
        "packageSize": "375mL",
        "packagePrice": "$0.73 per 100mL"
      }
    }
  },
  {
    "id": "heinz-seriously-good-original-mayonnaise",
    "brand": "Heinz",
    "name": "Original Mayonnaise",
    "imageUrl": "https://shop.coles.com.au/wcsstore/Coles-CAS/images/2/0/6/2060251-th.jpg",
    "categories": ["entertaining-at-home"],
    "tags": ["barbeque", "condiments-marinades"],
    "locations": {
      "vic": {
        "price": 4,
        "promoText": " ",
        "packageSize": "295mL",
        "packagePrice": "$1.36 per 100mL"
      }
    }
  },
  {
    "id": "ocean-spray-whole-berry-cranberry-sauce",
    "brand": "Ocean Spray",
    "name": "Whole Cranberry Sauce",
    "imageUrl": "https://shop.coles.com.au/wcsstore/Coles-CAS/images/2/7/7/277627-th.jpg",
    "categories": ["entertaining-at-home"],
    "tags": ["barbeque", "condiments-marinades"],
    "locations": {
      "vic": {
        "price": 3.55,
        "promoText": " ",
        "packageSize": "275g",
        "packagePrice": "$1.29 per 100G"
      }
    }
  },
  {
    "id": "praise-mayonnaise-whole-egg-9821345p",
    "brand": "Praise",
    "name": "Whole Egg Mayonnaise",
    "imageUrl": "https://shop.coles.com.au/wcsstore/Coles-CAS/images/9/8/2/9821345-th.jpg",
    "categories": ["entertaining-at-home"],
    "tags": ["barbeque", "condiments-marinades"],
    "locations": {
      "vic": {
        "price": 5,
        "promoText": " ",
        "packageSize": "445g",
        "packagePrice": "$1.12 per 100G"
      }
    }
  },
  {
    "id": "coles-sauce-worcestershire",
    "brand": "Coles",
    "name": "Gluten Free Worcestershire Sauce",
    "imageUrl": "https://shop.coles.com.au/wcsstore/Coles-CAS/images/5/4/3/5437083-th.jpg",
    "categories": ["entertaining-at-home"],
    "tags": ["barbeque", "condiments-marinades"],
    "locations": {
      "vic": {
        "price": 2,
        "promoText": " ",
        "packageSize": "250mL",
        "packagePrice": "$0.80 per 100mL"
      }
    }
  },
  {
    "id": "coles-french-salad-dressing",
    "brand": "Coles",
    "name": "French Dressing",
    "imageUrl": "https://shop.coles.com.au/wcsstore/Coles-CAS/images/2/4/5/2459396-th.jpg",
    "categories": ["entertaining-at-home"],
    "tags": ["barbeque", "condiments-marinades"],
    "locations": {
      "vic": {
        "price": 1.8,
        "promoText": " ",
        "packageSize": "300mL",
        "packagePrice": "$0.60 per 100mL"
      }
    }
  },
  {
    "id": "coles-97%25-fat-free-mayonnaise",
    "brand": "Coles",
    "name": "97% Fat Free Mayonnaise",
    "imageUrl": "https://shop.coles.com.au/wcsstore/Coles-CAS/images/2/4/5/2454778-th.jpg",
    "categories": ["entertaining-at-home"],
    "tags": ["barbeque", "condiments-marinades"],
    "locations": {
      "vic": {
        "price": 2.6,
        "promoText": " ",
        "packageSize": "525g",
        "packagePrice": "$0.50 per 100G"
      }
    }
  },
  {
    "id": "coles-tartare-sauce",
    "brand": "Coles",
    "name": "Tartare Sauce",
    "imageUrl": "https://shop.coles.com.au/wcsstore/Coles-CAS/images/2/7/8/2781821-th.jpg",
    "categories": ["entertaining-at-home"],
    "tags": ["barbeque", "condiments-marinades"],
    "locations": {
      "vic": {
        "price": 2,
        "promoText": " ",
        "packageSize": "230g",
        "packagePrice": "$0.87 per 100G"
      }
    }
  },
  {
    "id": "coles-special-burger-sauce",
    "brand": "Coles",
    "name": "Special Burger Sauce",
    "imageUrl": "https://shop.coles.com.au/wcsstore/Coles-CAS/images/3/0/4/3041398-th.jpg",
    "categories": ["entertaining-at-home"],
    "tags": ["barbeque", "condiments-marinades"],
    "locations": {
      "vic": {
        "price": 2.75,
        "promoText": " ",
        "packageSize": "360g",
        "packagePrice": "$0.76 per 100G"
      }
    }
  },
  {
    "id": "holbrooks-worcestershire-sauce-128150p",
    "brand": "Holbrooks",
    "name": "Worcestershire Sauce",
    "imageUrl": "https://shop.coles.com.au/wcsstore/Coles-CAS/images/1/2/8/128150-th.jpg",
    "categories": ["entertaining-at-home"],
    "tags": ["barbeque", "condiments-marinades"],
    "locations": {
      "vic": {
        "price": 3.3,
        "promoText": " ",
        "packageSize": "250mL",
        "packagePrice": "$1.32 per 100mL"
      }
    }
  },
  {
    "id": "masterfoods-marinade-soy--honey-garlic",
    "brand": "MasterFoods",
    "name": "Soy Honey & Garlic Marinade",
    "imageUrl": "https://shop.coles.com.au/wcsstore/Coles-CAS/images/7/0/7/7072917-th.jpg",
    "categories": ["entertaining-at-home"],
    "tags": ["barbeque", "condiments-marinades"],
    "locations": {
      "vic": {
        "price": 2.5,
        "promoText": " ",
        "packageSize": "375g",
        "packagePrice": "$0.67 per 100G"
      }
    }
  },
  {
    "id": "mcilhenny-tabasco-sauce",
    "brand": "Mc Ilhenney Co.",
    "name": "Tabasco Pepper Sauce",
    "imageUrl": "https://shop.coles.com.au/wcsstore/Coles-CAS/images/5/9/0/5908576-th.jpg",
    "categories": ["entertaining-at-home"],
    "tags": ["barbeque", "condiments-marinades"],
    "locations": {
      "vic": {
        "price": 8.5,
        "promoText": " ",
        "packageSize": "150mL",
        "packagePrice": "$5.67 per 100mL"
      }
    }
  },
  {
    "id": "paul-newmans-own-dressing-creamy-caesar",
    "brand": "Paul Newman's Own",
    "name": "Creamy Caesar Dressing",
    "imageUrl": "https://shop.coles.com.au/wcsstore/Coles-CAS/images/9/8/2/9821298-th.jpg",
    "categories": ["entertaining-at-home"],
    "tags": ["barbeque", "condiments-marinades"],
    "locations": {
      "vic": {
        "price": 4,
        "promoText": " ",
        "packageSize": "250mL",
        "packagePrice": "$1.60 per 100mL"
      }
    }
  },
  {
    "id": "coles-sauce-barbeque",
    "brand": "Coles",
    "name": "Barbecue Sauce",
    "imageUrl": "https://shop.coles.com.au/wcsstore/Coles-CAS/images/5/2/9/5296083-th.jpg",
    "categories": ["entertaining-at-home"],
    "tags": ["barbeque", "condiments-marinades"],
    "locations": {
      "vic": {
        "price": 5.25,
        "promoText": " ",
        "packageSize": "2L",
        "packagePrice": "$0.26 per 100mL"
      }
    }
  },
  {
    "id": "coles-mild-american-mustard",
    "brand": "Coles",
    "name": "Mild American Mustard",
    "imageUrl": "https://shop.coles.com.au/wcsstore/Coles-CAS/images/2/4/0/2400430-th.jpg",
    "categories": ["entertaining-at-home"],
    "tags": ["barbeque", "condiments-marinades"],
    "locations": {
      "vic": {
        "price": 2,
        "promoText": " ",
        "packageSize": "250g",
        "packagePrice": "$0.80 per 100G"
      }
    }
  },
  {
    "id": "fountain-bbq-sauce",
    "brand": "Fountain",
    "name": "Barbecue Sauce",
    "imageUrl": "https://shop.coles.com.au/wcsstore/Coles-CAS/images/2/3/5/2359267-th.jpg",
    "categories": ["entertaining-at-home"],
    "tags": ["barbeque", "condiments-marinades"],
    "locations": {
      "vic": {
        "price": 6,
        "promoText": " ",
        "packageSize": "2L",
        "packagePrice": "$0.30 per 100mL"
      }
    }
  },
  {
    "id": "heinz-organic-tomato-ketchup-sauce",
    "brand": "Heinz",
    "name": "Organic Tomato Ketchup",
    "imageUrl": "https://shop.coles.com.au/wcsstore/Coles-CAS/images/9/1/2/9124079-th.jpg",
    "categories": ["entertaining-at-home", "healthy-living"],
    "tags": ["barbeque", "condiments-marinades"],
    "locations": {
      "vic": {
        "price": 4.3,
        "promoText": " ",
        "packageSize": "500mL",
        "packagePrice": "$0.86 per 100mL"
      }
    }
  },
  {
    "id": "heinz-tomato-ketchup-sauce",
    "brand": "Heinz",
    "name": "Tomato Ketchup",
    "imageUrl": "https://shop.coles.com.au/wcsstore/Coles-CAS/images/5/3/2/5328995-th.jpg",
    "categories": ["entertaining-at-home"],
    "tags": ["barbeque", "condiments-marinades"],
    "locations": {
      "vic": {
        "price": 3.2,
        "promoText": " ",
        "packageSize": "500mL",
        "packagePrice": "$0.64 per 100mL"
      }
    }
  },
  {
    "id": "hellmans-real-mayonnaise-jar",
    "brand": "Hellmann's",
    "name": "Real Mayonnaise Jar",
    "imageUrl": "https://shop.coles.com.au/wcsstore/Coles-CAS/images/3/0/2/3025573-th.jpg",
    "categories": ["entertaining-at-home"],
    "tags": ["barbeque", "condiments-marinades"],
    "locations": {
      "vic": {
        "price": 10.5,
        "promoText": " ",
        "packageSize": "800g",
        "packagePrice": "$1.31 per 100G"
      }
    }
  },
  {
    "id": "masterfoods-marinade-satay",
    "brand": "MasterFoods",
    "name": "Satay Marinade",
    "imageUrl": "https://shop.coles.com.au/wcsstore/Coles-CAS/images/7/7/1/7714297-th.jpg",
    "categories": ["entertaining-at-home"],
    "tags": ["barbeque", "condiments-marinades"],
    "locations": {
      "vic": {
        "price": 2.5,
        "promoText": " ",
        "packageSize": "375g",
        "packagePrice": "$0.67 per 100G"
      }
    }
  },
  {
    "id": "masterfoods-corn-relish-127249p",
    "brand": "MasterFoods",
    "name": "Corn Relish",
    "imageUrl": "https://shop.coles.com.au/wcsstore/Coles-CAS/images/1/2/7/127249-th.jpg",
    "categories": ["entertaining-at-home"],
    "tags": ["barbeque", "condiments-marinades"],
    "locations": {
      "vic": {
        "price": 3.45,
        "promoText": " ",
        "packageSize": "250g",
        "packagePrice": "$1.38 per 100G"
      }
    }
  },
  {
    "id": "masterfoods-barbecue-sauce",
    "brand": "MasterFoods",
    "name": "Barbecue Sauce",
    "imageUrl": "https://shop.coles.com.au/wcsstore/Coles-CAS/images/5/4/2/5428049-th.jpg",
    "categories": ["entertaining-at-home"],
    "tags": ["barbeque", "condiments-marinades"],
    "locations": {
      "vic": {
        "price": 4,
        "promoText": "Was $4.69 on Nov 2017 ",
        "packageSize": "920mL",
        "packagePrice": "$0.43 per 100mL"
      }
    }
  },
  {
    "id": "praise-mayonnaise-traditional-169012p",
    "brand": "Praise",
    "name": "Traditional Mayonnaise",
    "imageUrl": "https://shop.coles.com.au/wcsstore/Coles-CAS/images/1/6/9/169012-th.jpg",
    "categories": ["entertaining-at-home"],
    "tags": ["barbeque", "condiments-marinades"],
    "locations": {
      "vic": {
        "price": 5,
        "promoText": "Was $5.65 on May 2017 ",
        "packageSize": "700g",
        "packagePrice": "$0.71 per 100G"
      }
    }
  },
  {
    "id": "s-w-mayonnaise-real-whole-egg-6140181p",
    "brand": "S&W",
    "name": "Real Whole Egg Mayonnaise Cage Free",
    "imageUrl": "https://shop.coles.com.au/wcsstore/Coles-CAS/images/6/1/4/6140181-th.jpg",
    "categories": ["entertaining-at-home"],
    "tags": ["barbeque", "condiments-marinades"],
    "locations": {
      "vic": {
        "price": 9.5,
        "promoText": " ",
        "packageSize": "880g",
        "packagePrice": "$1.08 per 100G"
      }
    }
  },
  {
    "id": "-4938276p",
    "brand": "Coles",
    "name": "High Fibre Wholemeal Sandwich Bread",
    "imageUrl": "https://shop.coles.com.au/wcsstore/Coles-CAS/images/4/9/3/4938276-th.jpg",
    "categories": ["entertaining-at-home", "bread-bakery"],
    "tags": ["barbeque", "bread-wraps"],
    "locations": {
      "vic": {
        "price": 2.3,
        "promoText": " ",
        "packageSize": "700g",
        "packagePrice": "$0.33 per 100G"
      }
    }
  },
  {
    "id": "helgas-bread-traditional-wholemeal",
    "brand": "Helga's",
    "name": "Traditional Wholemeal Bread",
    "imageUrl": "https://shop.coles.com.au/wcsstore/Coles-CAS/images/5/9/6/5969435-th.jpg",
    "categories": ["entertaining-at-home", "bread-bakery"],
    "tags": ["barbeque", "bread-wraps"],
    "locations": {
      "vic": {
        "price": 3.9,
        "promoText": " ",
        "packageSize": "750g",
        "packagePrice": "$0.52 per 100G"
      }
    }
  },
  {
    "id": "coles-smart-buy-bread-white",
    "brand": "Coles",
    "name": "White Sandwich Bread",
    "imageUrl": "https://shop.coles.com.au/wcsstore/Coles-CAS/images/4/9/0/4901345-th.jpg",
    "categories": ["entertaining-at-home", "bread-bakery"],
    "tags": ["barbeque", "bread-wraps"],
    "locations": {
      "vic": {
        "price": 1.3,
        "promoText": " ",
        "packageSize": "650g",
        "packagePrice": "$0.20 per 100G"
      }
    }
  },
  {
    "id": "wonder-white-bread-wholemeal-plus-iron",
    "brand": "Wonder White",
    "name": "Wholemeal Bread Plus Iron",
    "imageUrl": "https://shop.coles.com.au/wcsstore/Coles-CAS/images/5/3/2/5322140-th.jpg",
    "categories": ["entertaining-at-home", "bread-bakery"],
    "tags": ["barbeque", "bread-wraps"],
    "locations": {
      "vic": {
        "price": 3.4,
        "promoText": " ",
        "packageSize": "700g",
        "packagePrice": "$0.49 per 100G"
      }
    }
  },
  {
    "id": "abbotts-village-bakery-country-grains",
    "brand": "Abbott's Village Bakery",
    "name": "Country Grains Bread",
    "imageUrl": "https://shop.coles.com.au/wcsstore/Coles-CAS/images/3/2/3/3237196-th.jpg",
    "categories": ["entertaining-at-home", "bread-bakery"],
    "tags": ["barbeque", "bread-wraps"],
    "locations": {
      "vic": {
        "price": 3.8,
        "promoText": " ",
        "packageSize": "800g",
        "packagePrice": "$0.48 per 100G"
      }
    }
  },
  {
    "id": "coles-soft-wholemeal-sandwich-loaf",
    "brand": "Coles",
    "name": "Soft Wholemeal Sandwich Bread Loaf",
    "imageUrl": "https://shop.coles.com.au/wcsstore/Coles-CAS/images/3/3/7/3378290-th.jpg",
    "categories": ["entertaining-at-home", "bread-bakery"],
    "tags": ["barbeque", "bread-wraps"],
    "locations": {
      "vic": {
        "price": 1.6,
        "promoText": " ",
        "packageSize": "650g",
        "packagePrice": "$0.25 per 100G"
      }
    }
  },
  {
    "id": "helgas-bread-continental-bakehouse-light-rye",
    "brand": "Helga's",
    "name": "Light Rye Bread",
    "imageUrl": "https://shop.coles.com.au/wcsstore/Coles-CAS/images/5/0/7/5072836-th.jpg",
    "categories": ["entertaining-at-home", "bread-bakery"],
    "tags": ["barbeque", "bread-wraps"],
    "locations": {
      "vic": {
        "price": 3.9,
        "promoText": " ",
        "packageSize": "680g",
        "packagePrice": "$0.57 per 100G"
      }
    }
  },
  {
    "id": "tip-top-bread-the-one-toast",
    "brand": "Tip Top",
    "name": "The One White Toast Bread",
    "imageUrl": "https://shop.coles.com.au/wcsstore/Coles-CAS/images/8/9/5/8956189-th.jpg",
    "categories": ["entertaining-at-home", "bread-bakery"],
    "tags": ["barbeque", "bread-wraps"],
    "locations": {
      "vic": {
        "price": 3.4,
        "promoText": " ",
        "packageSize": "700g",
        "packagePrice": "$0.49 per 100G"
      }
    }
  },
  {
    "id": "coles-soft-white-toast-loaf-3378289p",
    "brand": "Coles",
    "name": "Soft White Toast Bread Loaf",
    "imageUrl": "https://shop.coles.com.au/wcsstore/Coles-CAS/images/3/3/7/3378289-th.jpg",
    "categories": ["entertaining-at-home", "bread-bakery"],
    "tags": ["barbeque", "bread-wraps"],
    "locations": {
      "vic": {
        "price": 1.6,
        "promoText": " ",
        "packageSize": "650g",
        "packagePrice": "$0.25 per 100G"
      }
    }
  },
  {
    "id": "coles-brioche-hamburger-bun-4pk",
    "brand": "Coles",
    "name": "Brioche Hamburger Buns 4 Pack",
    "imageUrl": "https://shop.coles.com.au/wcsstore/Coles-CAS/images/3/5/7/3572292-th.jpg",
    "categories": ["entertaining-at-home", "bread-bakery"],
    "tags": ["barbeque", "bread-wraps"],
    "locations": {
      "vic": {
        "price": 2.7,
        "promoText": " ",
        "packageSize": "200g",
        "packagePrice": "$1.35 per 100G"
      }
    }
  },
  {
    "id": "tip-top-bread-the-one-sandwich",
    "brand": "Tip Top",
    "name": "The One White Sandwich Bread",
    "imageUrl": "https://shop.coles.com.au/wcsstore/Coles-CAS/images/8/9/5/8956156-th.jpg",
    "categories": ["entertaining-at-home", "bread-bakery"],
    "tags": ["barbeque", "bread-wraps"],
    "locations": {
      "vic": {
        "price": 3.4,
        "promoText": " ",
        "packageSize": "700g",
        "packagePrice": "$0.49 per 100G"
      }
    }
  },
  {
    "id": "abbotts-village-bakery-rustic-white",
    "brand": "Abbott's Village Bakery",
    "name": "Rustic White Bread",
    "imageUrl": "https://shop.coles.com.au/wcsstore/Coles-CAS/images/3/2/3/3237185-th.jpg",
    "categories": ["entertaining-at-home", "bread-bakery"],
    "tags": ["barbeque", "bread-wraps"],
    "locations": {
      "vic": {
        "price": 3.8,
        "promoText": " ",
        "packageSize": "700g",
        "packagePrice": "$0.54 per 100G"
      }
    }
  },
  {
    "id": "-4938312p",
    "brand": "Coles",
    "name": "High Fibre Multigrain Sandwich Bread",
    "imageUrl": "https://shop.coles.com.au/wcsstore/Coles-CAS/images/4/9/3/4938312-th.jpg",
    "categories": ["entertaining-at-home", "bread-bakery"],
    "tags": ["barbeque", "bread-wraps"],
    "locations": {
      "vic": {
        "price": 2.3,
        "promoText": " ",
        "packageSize": "700g",
        "packagePrice": "$0.33 per 100G"
      }
    }
  },
  {
    "id": "helgas-bread-traditional-white",
    "brand": "Helga's",
    "name": "Traditional White Bread",
    "imageUrl": "https://shop.coles.com.au/wcsstore/Coles-CAS/images/5/9/6/5969945-th.jpg",
    "categories": ["entertaining-at-home", "bread-bakery"],
    "tags": ["barbeque", "bread-wraps"],
    "locations": {
      "vic": {
        "price": 3.9,
        "promoText": " ",
        "packageSize": "750g",
        "packagePrice": "$0.52 per 100G"
      }
    }
  },
  {
    "id": "mountain-bread-rye-flat",
    "brand": "Mountain Bread",
    "name": "Rye Wraps 8 pack",
    "imageUrl": "https://shop.coles.com.au/wcsstore/Coles-CAS/images/5/2/1/5213790-th.jpg",
    "categories": ["entertaining-at-home", "bread-bakery"],
    "tags": ["barbeque", "bread-wraps"],
    "locations": {
      "vic": {
        "price": 4,
        "promoText": " ",
        "packageSize": "200g",
        "packagePrice": "$2.00 per 100G"
      }
    }
  },
  {
    "id": "burgen-bread-soy-linseed-6712445p",
    "brand": "Burgen",
    "name": "Soy & Linseed Bread",
    "imageUrl": "https://shop.coles.com.au/wcsstore/Coles-CAS/images/6/7/1/6712445-th.jpg",
    "categories": ["entertaining-at-home", "bread-bakery"],
    "tags": ["barbeque", "bread-wraps"],
    "locations": {
      "vic": {
        "price": 5,
        "promoText": " ",
        "packageSize": "700g",
        "packagePrice": "$0.71 per 100G"
      }
    }
  },
  {
    "id": "helgas-sourdough",
    "brand": "Helga's",
    "name": "Sourdough Bread",
    "imageUrl": "https://shop.coles.com.au/wcsstore/Coles-CAS/images/3/5/5/3558247-th.jpg",
    "categories": ["entertaining-at-home", "bread-bakery"],
    "tags": ["barbeque", "bread-wraps"],
    "locations": {
      "vic": {
        "price": 3.9,
        "promoText": " ",
        "packageSize": "650g",
        "packagePrice": "$0.60 per 100G"
      }
    }
  },
  {
    "id": "abbotts-village-bakery-bread-rye-light",
    "brand": "Abbott's Village Bakery",
    "name": "Light Rye Bread",
    "imageUrl": "https://shop.coles.com.au/wcsstore/Coles-CAS/images/7/2/2/7226023-th.jpg",
    "categories": ["entertaining-at-home", "bread-bakery"],
    "tags": ["barbeque", "bread-wraps"],
    "locations": {
      "vic": {
        "price": 3.8,
        "promoText": " ",
        "packageSize": "680g",
        "packagePrice": "$0.56 per 100G"
      }
    }
  },
  {
    "id": "wonder-active-bread",
    "brand": "Wonder",
    "name": "Active High Fibre Low GI+ Protein Soft White Bread",
    "imageUrl": "https://shop.coles.com.au/wcsstore/Coles-CAS/images/3/5/7/3573295-th.jpg",
    "categories": ["entertaining-at-home", "bread-bakery"],
    "tags": ["barbeque", "bread-wraps"],
    "locations": {
      "vic": {
        "price": 3.4,
        "promoText": " ",
        "packageSize": "680g",
        "packagePrice": "$0.50 per 100G"
      }
    }
  },
  {
    "id": "coles-rolls-dinner-white",
    "brand": "Coles",
    "name": "White Dinner Rolls 6 pack",
    "imageUrl": "https://shop.coles.com.au/wcsstore/Coles-CAS/images/1/5/9/1597180-th.jpg",
    "categories": ["entertaining-at-home", "bread-bakery"],
    "tags": ["barbeque", "bread-wraps"],
    "locations": {
      "vic": {
        "price": 2,
        "promoText": "Was $2.25 on Feb 2020 ",
        "packageSize": "220g",
        "packagePrice": "$0.91 per 100G"
      }
    }
  },
  {
    "id": "helgas-bread-pumpkin-five-seed",
    "brand": "Helga's",
    "name": "Pumpkin Five Seed Bread",
    "imageUrl": "https://shop.coles.com.au/wcsstore/Coles-CAS/images/6/0/0/6009530-th.jpg",
    "categories": ["entertaining-at-home", "bread-bakery"],
    "tags": ["barbeque", "bread-wraps"],
    "locations": {
      "vic": {
        "price": 3.9,
        "promoText": " ",
        "packageSize": "720g",
        "packagePrice": "$0.54 per 100G"
      }
    }
  },
  {
    "id": "coles-bagel-plain-4-pack",
    "brand": "Coles",
    "name": "Bagels Plain 4 pack",
    "imageUrl": "https://shop.coles.com.au/wcsstore/Coles-CAS/images/3/3/6/3362960-th.jpg",
    "categories": ["entertaining-at-home", "bread-bakery"],
    "tags": ["barbeque", "bread-wraps"],
    "locations": {
      "vic": {
        "price": 3,
        "promoText": "Was $3.50 on Jan 2020 ",
        "packageSize": "360g",
        "packagePrice": "$0.83 per 100G"
      }
    }
  },
  {
    "id": "mission-wraps-mini-original-8-pack",
    "brand": "Mission",
    "name": "Original  Mini Wraps 8 pack",
    "imageUrl": "https://shop.coles.com.au/wcsstore/Coles-CAS/images/7/8/6/7863592-th.jpg",
    "categories": ["entertaining-at-home", "bread-bakery"],
    "tags": ["barbeque", "bread-wraps"],
    "locations": {
      "vic": {
        "price": 4,
        "promoText": "$1.00 ",
        "packageSize": "384g",
        "packagePrice": "$1.04 per 100G"
      }
    }
  },
  {
    "id": "helgas-bread-continental-bakehouse-wholemeal-grain-loaf",
    "brand": "Helga's",
    "name": "Continental Bakehouse Wholemeal Grain Bread",
    "imageUrl": "https://shop.coles.com.au/wcsstore/Coles-CAS/images/6/6/7/6676716-th.jpg",
    "categories": ["entertaining-at-home", "bread-bakery"],
    "tags": ["barbeque", "bread-wraps"],
    "locations": {
      "vic": {
        "price": 3.9,
        "promoText": " ",
        "packageSize": "850g",
        "packagePrice": "$0.46 per 100G"
      }
    }
  },
  {
    "id": "mission-wraps-original-8-pack",
    "brand": "Mission",
    "name": "Original Wraps 8 pack",
    "imageUrl": "https://shop.coles.com.au/wcsstore/Coles-CAS/images/6/9/5/6955662-th.jpg",
    "categories": ["entertaining-at-home", "bread-bakery"],
    "tags": ["barbeque", "bread-wraps"],
    "locations": {
      "vic": {
        "price": 5,
        "promoText": " ",
        "packageSize": "567g",
        "packagePrice": "$0.88 per 100G"
      }
    }
  },
  {
    "id": "-4938243p",
    "brand": "Coles",
    "name": "High Fibre White Sandwich Bread",
    "imageUrl": "https://shop.coles.com.au/wcsstore/Coles-CAS/images/4/9/3/4938243-th.jpg",
    "categories": ["entertaining-at-home", "bread-bakery"],
    "tags": ["barbeque", "bread-wraps"],
    "locations": {
      "vic": {
        "price": 2.3,
        "promoText": " ",
        "packageSize": "700g",
        "packagePrice": "$0.33 per 100G"
      }
    }
  },
  {
    "id": "coles-soft-white-multigrain-sandwich-loaf",
    "brand": "Coles",
    "name": "Soft Multigrain Sandwich Bread",
    "imageUrl": "https://shop.coles.com.au/wcsstore/Coles-CAS/images/3/3/7/3378314-th.jpg",
    "categories": ["entertaining-at-home", "bread-bakery"],
    "tags": ["barbeque", "bread-wraps"],
    "locations": {
      "vic": {
        "price": 1.6,
        "promoText": " ",
        "packageSize": "650g",
        "packagePrice": "$0.25 per 100G"
      }
    }
  },
  {
    "id": "tip-top-bread-sunblest-white-sandwich",
    "brand": "Tip Top",
    "name": "Sunblest White Bread",
    "imageUrl": "https://shop.coles.com.au/wcsstore/Coles-CAS/images/7/9/5/7953924-th.jpg",
    "categories": ["entertaining-at-home", "bread-bakery"],
    "tags": ["barbeque", "bread-wraps"],
    "locations": {
      "vic": {
        "price": 3,
        "promoText": " ",
        "packageSize": "650g",
        "packagePrice": "$0.46 per 100G"
      }
    }
  },
  {
    "id": "wonder-white-bread-7-vitamins-minerals-toast",
    "brand": "Wonder White",
    "name": "Toast Bread +7 Vitamins & Minerals",
    "imageUrl": "https://shop.coles.com.au/wcsstore/Coles-CAS/images/5/8/2/5827361-th.jpg",
    "categories": ["entertaining-at-home", "bread-bakery"],
    "tags": ["barbeque", "bread-wraps"],
    "locations": {
      "vic": {
        "price": 3.4,
        "promoText": " ",
        "packageSize": "700g",
        "packagePrice": "$0.49 per 100G"
      }
    }
  },
  {
    "id": "abbotts-village-bakery-gluten-free-soy-linseed",
    "brand": "Abbott's Village Bakery",
    "name": "Gluten Free Soy & Linseed Bread",
    "imageUrl": "https://shop.coles.com.au/wcsstore/Coles-CAS/images/2/8/3/2834247-th.jpg",
    "categories": ["entertaining-at-home", "bread-bakery"],
    "tags": ["barbeque", "bread-wraps"],
    "locations": {
      "vic": {
        "price": 6,
        "promoText": "$1.00 ",
        "packageSize": "500g",
        "packagePrice": "$1.20 per 100G"
      }
    }
  },
  {
    "id": "tip-top-bread-rolls-hot-dog-white",
    "brand": "Tip Top",
    "name": "White Bread Hot Dog Rolls",
    "imageUrl": "https://shop.coles.com.au/wcsstore/Coles-CAS/images/7/0/5/7057200-th.jpg",
    "categories": ["entertaining-at-home", "bread-bakery"],
    "tags": ["barbeque", "bread-wraps"],
    "locations": {
      "vic": {
        "price": 4,
        "promoText": " ",
        "packageSize": "6 pack",
        "packagePrice": "$0.67 per 1Ea"
      }
    }
  },
  {
    "id": "mission-wraps-wholegrain",
    "brand": "Mission",
    "name": "Wholegrain Wraps 8 pack",
    "imageUrl": "https://shop.coles.com.au/wcsstore/Coles-CAS/images/7/8/6/7863480-th.jpg",
    "categories": ["entertaining-at-home", "bread-bakery"],
    "tags": ["barbeque", "bread-wraps"],
    "locations": {
      "vic": {
        "price": 5,
        "promoText": " ",
        "packageSize": "567g",
        "packagePrice": "$0.88 per 100G"
      }
    }
  },
  {
    "id": "abes-bagels-natural",
    "brand": "Abe's Bagels",
    "name": "Natural Bagels 4 Pack",
    "imageUrl": "https://shop.coles.com.au/wcsstore/Coles-CAS/images/2/9/0/2901978-th.jpg",
    "categories": ["entertaining-at-home", "bread-bakery"],
    "tags": ["barbeque", "bread-wraps"],
    "locations": {
      "vic": {
        "price": 5,
        "promoText": " ",
        "packageSize": "360g",
        "packagePrice": "$1.39 per 100G"
      }
    }
  },
  {
    "id": "helgas-wraps-wholegrain",
    "brand": "Helga's",
    "name": "Mixed Grain Wraps 8 pack",
    "imageUrl": "https://shop.coles.com.au/wcsstore/Coles-CAS/images/1/5/7/1576463-th.jpg",
    "categories": ["entertaining-at-home", "bread-bakery"],
    "tags": ["barbeque", "bread-wraps"],
    "locations": {
      "vic": {
        "price": 4,
        "promoText": "$1.00 ",
        "packageSize": "560g",
        "packagePrice": "$0.71 per 100G"
      }
    }
  },
  {
    "id": "abbotts-village-bakery-bread-harvest-seeds-grains",
    "brand": "Abbott's Village Bakery",
    "name": "Harvest Seeds & Grains Bread",
    "imageUrl": "https://shop.coles.com.au/wcsstore/Coles-CAS/images/7/5/3/7534885-th.jpg",
    "categories": ["entertaining-at-home", "bread-bakery"],
    "tags": ["barbeque", "bread-wraps"],
    "locations": {
      "vic": {
        "price": 3.8,
        "promoText": " ",
        "packageSize": "750g",
        "packagePrice": "$0.51 per 100G"
      }
    }
  },
  {
    "id": "tip-top-bread-9-grain-original-9201680p",
    "brand": "Tip Top",
    "name": "9 Grain Original Bread",
    "imageUrl": "https://shop.coles.com.au/wcsstore/Coles-CAS/images/9/2/0/9201680-th.jpg",
    "categories": ["entertaining-at-home", "bread-bakery"],
    "tags": ["barbeque", "bread-wraps"],
    "locations": {
      "vic": {
        "price": 3.4,
        "promoText": " ",
        "packageSize": "700g",
        "packagePrice": "$0.49 per 100G"
      }
    }
  },
  {
    "id": "coles-smart-buy-rolls-hamburger",
    "brand": "Coles",
    "name": "Hamburger Rolls",
    "imageUrl": "https://shop.coles.com.au/wcsstore/Coles-CAS/images/5/6/9/5696751-th.jpg",
    "categories": ["entertaining-at-home", "bread-bakery"],
    "tags": ["barbeque", "bread-wraps"],
    "locations": {
      "vic": {
        "price": 2.5,
        "promoText": " ",
        "packageSize": "6 pack",
        "packagePrice": "$0.42 per 1Ea"
      }
    }
  },
  {
    "id": "helgas-gluten-free-wholemeal",
    "brand": "Helga's",
    "name": "Gluten Free Traditional Wholemeal Bread",
    "imageUrl": "https://shop.coles.com.au/wcsstore/Coles-CAS/images/3/2/3/3237957-th.jpg",
    "categories": ["entertaining-at-home", "bread-bakery"],
    "tags": ["barbeque", "bread-wraps"],
    "locations": {
      "vic": {
        "price": 7,
        "promoText": " ",
        "packageSize": "500g",
        "packagePrice": "$1.40 per 100G"
      }
    }
  },
  {
    "id": "helgas-wraps-wholemeal",
    "brand": "Helga's",
    "name": "Traditional Wholemeal Large Wraps 8 pack",
    "imageUrl": "https://shop.coles.com.au/wcsstore/Coles-CAS/images/3/3/0/3308410-th.jpg",
    "categories": ["entertaining-at-home", "bread-bakery"],
    "tags": ["barbeque", "bread-wraps"],
    "locations": {
      "vic": {
        "price": 4,
        "promoText": "$1.00 ",
        "packageSize": "560g",
        "packagePrice": "$0.71 per 100G"
      }
    }
  },
  {
    "id": "mission-wraps-mini-wholewheat",
    "brand": "Mission",
    "name": "Whole Wheat Mini Wraps 8 pack",
    "imageUrl": "https://shop.coles.com.au/wcsstore/Coles-CAS/images/7/8/6/7863606-th.jpg",
    "categories": ["entertaining-at-home", "bread-bakery"],
    "tags": ["barbeque", "bread-wraps"],
    "locations": {
      "vic": {
        "price": 4,
        "promoText": "$1.00 ",
        "packageSize": "384g",
        "packagePrice": "$1.04 per 100G"
      }
    }
  },
  {
    "id": "helgas-bread-continental-bakehouse-soy-linseed",
    "brand": "Helga's",
    "name": "Soy Linseed Bread",
    "imageUrl": "https://shop.coles.com.au/wcsstore/Coles-CAS/images/6/9/1/6913695-th.jpg",
    "categories": ["entertaining-at-home", "bread-bakery"],
    "tags": ["barbeque", "bread-wraps"],
    "locations": {
      "vic": {
        "price": 3.9,
        "promoText": " ",
        "packageSize": "850g",
        "packagePrice": "$0.46 per 100G"
      }
    }
  },
  {
    "id": "tip-top-bread-the-one-wholemeal-sandwich",
    "brand": "Tip Top",
    "name": "The One Wholemeal Sandwich Bread",
    "imageUrl": "https://shop.coles.com.au/wcsstore/Coles-CAS/images/1/1/3/1139480-th.jpg",
    "categories": ["entertaining-at-home", "bread-bakery"],
    "tags": ["barbeque", "bread-wraps"],
    "locations": {
      "vic": {
        "price": 3.4,
        "promoText": " ",
        "packageSize": "700g",
        "packagePrice": "$0.49 per 100G"
      }
    }
  },
  {
    "id": "abbotts-village-bakery-gluten-free-mixed-seeds",
    "brand": "Abbott's Village Bakery",
    "name": "Gluten Free Mixed Seeds bread",
    "imageUrl": "https://shop.coles.com.au/wcsstore/Coles-CAS/images/2/8/3/2834225-th.jpg",
    "categories": ["entertaining-at-home", "bread-bakery"],
    "tags": ["barbeque", "bread-wraps"],
    "locations": {
      "vic": {
        "price": 6,
        "promoText": "$1.00 ",
        "packageSize": "500g",
        "packagePrice": "$1.20 per 100G"
      }
    }
  },
  {
    "id": "mission-wraps-low-carb-6-pack",
    "brand": "Mission",
    "name": "Low Carb Wraps 6 pack",
    "imageUrl": "https://shop.coles.com.au/wcsstore/Coles-CAS/images/3/3/1/3313727-th.jpg",
    "categories": ["entertaining-at-home", "bread-bakery"],
    "tags": ["barbeque", "bread-wraps"],
    "locations": {
      "vic": {
        "price": 4,
        "promoText": "$1.00 ",
        "packageSize": "288g",
        "packagePrice": "$1.39 per 100G"
      }
    }
  },
  {
    "id": "mountain-bread-organic-flat-bread",
    "brand": "Mountain Bread",
    "name": "Natural Wraps 8 Pack",
    "imageUrl": "https://shop.coles.com.au/wcsstore/Coles-CAS/images/9/2/8/9280325-th.jpg",
    "categories": ["entertaining-at-home", "bread-bakery"],
    "tags": ["barbeque", "bread-wraps"],
    "locations": {
      "vic": {
        "price": 4,
        "promoText": " ",
        "packageSize": "200g",
        "packagePrice": "$2.00 per 100G"
      }
    }
  },
  {
    "id": "tip-top-bread-rolls-hamburger-white",
    "brand": "Tip Top",
    "name": "White Hamburger Rolls",
    "imageUrl": "https://shop.coles.com.au/wcsstore/Coles-CAS/images/7/0/5/7057276-th.jpg",
    "categories": ["entertaining-at-home", "bread-bakery"],
    "tags": ["barbeque", "bread-wraps"],
    "locations": {
      "vic": {
        "price": 4,
        "promoText": " ",
        "packageSize": "6 pack",
        "packagePrice": "$0.67 per 1Ea"
      }
    }
  },
  {
    "id": "coles-gluten-free-white-loaf",
    "brand": "Coles",
    "name": "Gluten Free White Bread",
    "imageUrl": "https://shop.coles.com.au/wcsstore/Coles-CAS/images/3/2/1/3216673-th.jpg",
    "categories": ["entertaining-at-home", "bread-bakery"],
    "tags": ["barbeque", "bread-wraps"],
    "locations": {
      "vic": {
        "price": 4.5,
        "promoText": " ",
        "packageSize": "500g",
        "packagePrice": "$0.90 per 100G"
      }
    }
  },
  {
    "id": "helgas-wraps-white",
    "brand": "Helga's",
    "name": "Traditional White Wraps 8 pack",
    "imageUrl": "https://shop.coles.com.au/wcsstore/Coles-CAS/images/1/5/7/1576474-th.jpg",
    "categories": ["entertaining-at-home", "bread-bakery"],
    "tags": ["barbeque", "bread-wraps"],
    "locations": {
      "vic": {
        "price": 4,
        "promoText": "$1.00 ",
        "packageSize": "560g",
        "packagePrice": "$0.71 per 100G"
      }
    }
  },
  {
    "id": "coles-smart-buy-rolls-hot-dog",
    "brand": "Coles",
    "name": "Hot Dog Rolls",
    "imageUrl": "https://shop.coles.com.au/wcsstore/Coles-CAS/images/5/6/9/5696762-th.jpg",
    "categories": ["entertaining-at-home", "bread-bakery"],
    "tags": ["barbeque", "bread-wraps"],
    "locations": {
      "vic": {
        "price": 2.5,
        "promoText": " ",
        "packageSize": "6 pack",
        "packagePrice": "$0.42 per 1Ea"
      }
    }
  },
  {
    "id": "mission-wraps-spinach-herb-8-pack",
    "brand": "Mission",
    "name": "Spinach & Herb Wraps 8 pack",
    "imageUrl": "https://shop.coles.com.au/wcsstore/Coles-CAS/images/7/6/2/7620921-th.jpg",
    "categories": ["entertaining-at-home", "bread-bakery"],
    "tags": ["barbeque", "bread-wraps"],
    "locations": {
      "vic": {
        "price": 5,
        "promoText": " ",
        "packageSize": "567g",
        "packagePrice": "$0.88 per 100G"
      }
    }
  },
  {
    "id": "mission-ss-reduced-sodium-wraps-10",
    "brand": "Mission",
    "name": "Salt Reduced Wraps 8 pack",
    "imageUrl": "https://shop.coles.com.au/wcsstore/Coles-CAS/images/3/6/3/3639597-th.jpg",
    "categories": ["entertaining-at-home", "bread-bakery"],
    "tags": ["barbeque", "bread-wraps"],
    "locations": {
      "vic": {
        "price": 5,
        "promoText": " ",
        "packageSize": "567g",
        "packagePrice": "$0.88 per 100G"
      }
    }
  },
  {
    "id": "tip-top-bread-sunblest-wholemeal-sandwich-9395101p",
    "brand": "Tip Top",
    "name": "Sunblest Wholemeal Sandwich Bread",
    "imageUrl": "https://shop.coles.com.au/wcsstore/Coles-CAS/images/9/3/9/9395101-th.jpg",
    "categories": ["entertaining-at-home", "bread-bakery"],
    "tags": ["barbeque", "bread-wraps"],
    "locations": {
      "vic": {
        "price": 3,
        "promoText": " ",
        "packageSize": "650g",
        "packagePrice": "$0.46 per 100G"
      }
    }
  },
  {
    "id": "abbotts-village-bakery-bread-wholemeal-farmhouse",
    "brand": "Abbott's Village Bakery",
    "name": "Farmhouse Wholemeal Bread",
    "imageUrl": "https://shop.coles.com.au/wcsstore/Coles-CAS/images/7/2/2/7226034-th.jpg",
    "categories": ["entertaining-at-home", "bread-bakery"],
    "tags": ["barbeque", "bread-wraps"],
    "locations": {
      "vic": {
        "price": 3.8,
        "promoText": " ",
        "packageSize": "750g",
        "packagePrice": "$0.51 per 100G"
      }
    }
  },
  {
    "id": "-8104382p",
    "brand": "Coles",
    "name": "High Fibre White Toast Bread",
    "imageUrl": "https://shop.coles.com.au/wcsstore/Coles-CAS/images/8/1/0/8104382-th.jpg",
    "categories": ["entertaining-at-home", "bread-bakery"],
    "tags": ["barbeque", "bread-wraps"],
    "locations": {
      "vic": {
        "price": 2.3,
        "promoText": " ",
        "packageSize": "700g",
        "packagePrice": "$0.33 per 100G"
      }
    }
  },
  {
    "id": "mission-wrap-lite",
    "brand": "Mission",
    "name": "Lite Wrap 8 pack",
    "imageUrl": "https://shop.coles.com.au/wcsstore/Coles-CAS/images/8/6/3/8636359-th.jpg",
    "categories": ["entertaining-at-home", "bread-bakery"],
    "tags": ["barbeque", "bread-wraps"],
    "locations": {
      "vic": {
        "price": 5,
        "promoText": " ",
        "packageSize": "567g",
        "packagePrice": "$0.88 per 100G"
      }
    }
  },
  {
    "id": "tip-top-sandwich-thins-wholemeal",
    "brand": "Tip Top",
    "name": "Thins Wholemeal Sandwich",
    "imageUrl": "https://shop.coles.com.au/wcsstore/Coles-CAS/images/2/9/1/2917060-th.jpg",
    "categories": ["entertaining-at-home", "bread-bakery"],
    "tags": ["barbeque", "bread-wraps"],
    "locations": {
      "vic": {
        "price": 3.5,
        "promoText": "Any 2 $5",
        "packageSize": "240g",
        "packagePrice": "$1.46 per 100G"
      }
    }
  },
  {
    "id": "helgas-wraps-spinach-garden-herb",
    "brand": "Helga's",
    "name": "Spinach & Herb Large Wraps 7 pack",
    "imageUrl": "https://shop.coles.com.au/wcsstore/Coles-CAS/images/3/3/0/3308512-th.jpg",
    "categories": ["entertaining-at-home", "bread-bakery"],
    "tags": ["barbeque", "bread-wraps"],
    "locations": {
      "vic": {
        "price": 4,
        "promoText": "$1.00 ",
        "packageSize": "490g",
        "packagePrice": "$0.82 per 100G"
      }
    }
  },
  {
    "id": "country-life-gluten-free-white",
    "brand": "Country Life",
    "name": "Gluten Free White Bread",
    "imageUrl": "https://shop.coles.com.au/wcsstore/Coles-CAS/images/3/2/3/3237979-th.jpg",
    "categories": ["entertaining-at-home", "bread-bakery"],
    "tags": ["barbeque", "bread-wraps"],
    "locations": {
      "vic": {
        "price": 6,
        "promoText": " ",
        "packageSize": "400g",
        "packagePrice": "$1.50 per 100G"
      }
    }
  },
  {
    "id": "helgas-white-gluten-freee",
    "brand": "Helga's",
    "name": "Gluten Free White Bread Slices",
    "imageUrl": "https://shop.coles.com.au/wcsstore/Coles-CAS/images/3/2/3/3237913-th.jpg",
    "categories": ["entertaining-at-home", "bread-bakery"],
    "tags": ["barbeque", "bread-wraps"],
    "locations": {
      "vic": {
        "price": 7,
        "promoText": " ",
        "packageSize": "470g",
        "packagePrice": "$1.49 per 100G"
      }
    }
  },
  {
    "id": "simsons-pantry--premium-white-wraps-8pack",
    "brand": "Simson's Pantry",
    "name": "Premium White Large Wraps 8 pack",
    "imageUrl": "https://shop.coles.com.au/wcsstore/Coles-CAS/images/2/8/1/2815606-th.jpg",
    "categories": ["entertaining-at-home", "bread-bakery"],
    "tags": ["barbeque", "bread-wraps"],
    "locations": {
      "vic": {
        "price": 4.2,
        "promoText": " ",
        "packageSize": "560g",
        "packagePrice": "$0.75 per 100G"
      }
    }
  },
  {
    "id": "mission-wraps-zesty-garlic-herb-8-pack",
    "brand": "Mission",
    "name": "Roasted Garlic Wraps 8 pack",
    "imageUrl": "https://shop.coles.com.au/wcsstore/Coles-CAS/images/6/9/5/6955673-th.jpg",
    "categories": ["entertaining-at-home", "bread-bakery"],
    "tags": ["barbeque", "bread-wraps"],
    "locations": {
      "vic": {
        "price": 5,
        "promoText": " ",
        "packageSize": "567g",
        "packagePrice": "$0.88 per 100G"
      }
    }
  },
  {
    "id": "capsicum-red-loose",
    "brand": "Coles",
    "name": "Red Capsicum",
    "imageUrl": "https://shop.coles.com.au/wcsstore/Coles-CAS/images/4/5/8/4580208-th.jpg",
    "categories": ["entertaining-at-home", "fruit-vegetables"],
    "tags": ["barbeque", "vegetables-salads"],
    "locations": {
      "vic": {
        "price": 1.18,
        "promoText": " ",
        "packageSize": "approx. 200g",
        "packagePrice": "$5.90 per 1Kg"
      }
    }
  },
  {
    "id": "zucchini-green-loose",
    "brand": "Coles",
    "name": "Green Zucchini",
    "imageUrl": "https://shop.coles.com.au/wcsstore/Coles-CAS/images/4/9/1/4910506-th.jpg",
    "categories": ["entertaining-at-home", "fruit-vegetables"],
    "tags": ["barbeque", "vegetables-salads"],
    "locations": {
      "vic": {
        "price": 0.89,
        "promoText": " ",
        "packageSize": "Approx. 150g",
        "packagePrice": "$5.90 per 1Kg"
      }
    }
  },
  {
    "id": "carrots-prepacked",
    "brand": "Coles",
    "name": "Carrots Prepacked",
    "imageUrl": "https://shop.coles.com.au/wcsstore/Coles-CAS/images/9/0/0/9006560-th.jpg",
    "categories": ["entertaining-at-home", "fruit-vegetables"],
    "tags": ["barbeque", "vegetables-salads"],
    "locations": {
      "vic": {
        "price": 2,
        "promoText": " ",
        "packageSize": "1kg",
        "packagePrice": "$2.00 per 1Kg"
      }
    }
  },
  {
    "id": "potatoes-sweet-gold-loose",
    "brand": "Coles",
    "name": "Gold Sweet Potatoes",
    "imageUrl": "https://shop.coles.com.au/wcsstore/Coles-CAS/images/4/1/9/4199503-th.jpg",
    "categories": ["entertaining-at-home", "fruit-vegetables"],
    "tags": ["barbeque", "vegetables-salads"],
    "locations": {
      "vic": {
        "price": 1.72,
        "promoText": " ",
        "packageSize": "Approx. 350g",
        "packagePrice": "$4.90 per 1Kg"
      }
    }
  },
  {
    "id": "tomatoes-greenhouse-truss-loose",
    "brand": "Coles",
    "name": "Greenhouse Truss Tomatoes",
    "imageUrl": "https://shop.coles.com.au/wcsstore/Coles-CAS/images/4/6/2/4628676-th.jpg",
    "categories": ["entertaining-at-home", "fruit-vegetables"],
    "tags": ["barbeque", "vegetables-salads"],
    "locations": {
      "vic": {
        "price": 1.25,
        "promoText": " ",
        "packageSize": "Approx. 140g",
        "packagePrice": "$8.90 per 1Kg"
      }
    }
  },
  {
    "id": "onions-brown-prepacked-4803991p",
    "brand": "Coles",
    "name": "Brown Onions Prepacked",
    "imageUrl": "https://shop.coles.com.au/wcsstore/Coles-CAS/images/4/8/0/4803991-th.jpg",
    "categories": ["entertaining-at-home", "fruit-vegetables"],
    "tags": ["barbeque", "vegetables-salads"],
    "locations": {
      "vic": {
        "price": 2.5,
        "promoText": " ",
        "packageSize": "1kg",
        "packagePrice": "$2.50 per 1Kg"
      }
    }
  },
  {
    "id": "coles-fresh-garlic---loose",
    "brand": "Coles",
    "name": "Garlic loose",
    "imageUrl": "https://shop.coles.com.au/wcsstore/Coles-CAS/images/6/1/0/6105715-th.jpg",
    "categories": ["entertaining-at-home", "fruit-vegetables"],
    "tags": ["barbeque", "vegetables-salads"],
    "locations": {
      "vic": {
        "price": 1.5,
        "promoText": " ",
        "packageSize": "approx. 60g",
        "packagePrice": "$25.00 per 1Kg"
      }
    }
  },
  {
    "id": "cucumber-lebanese-loose",
    "brand": "Coles",
    "name": "Lebanese Cucumbers",
    "imageUrl": "https://shop.coles.com.au/wcsstore/Coles-CAS/images/4/5/7/4575208-th.jpg",
    "categories": ["entertaining-at-home", "fruit-vegetables"],
    "tags": ["barbeque", "vegetables-salads"],
    "locations": {
      "vic": {
        "price": 1.39,
        "promoText": " ",
        "packageSize": "Approx. 140g",
        "packagePrice": "$9.90 per 1Kg"
      }
    }
  },
  {
    "id": "tomatoes-grape-perino-prepacked",
    "brand": "Coles",
    "name": "Grape Perino Tomatoes Prepacked",
    "imageUrl": "https://shop.coles.com.au/wcsstore/Coles-CAS/images/7/2/6/7265535-th.jpg",
    "categories": ["entertaining-at-home", "fruit-vegetables"],
    "tags": ["barbeque", "vegetables-salads"],
    "locations": {
      "vic": {
        "price": 4.5,
        "promoText": " ",
        "packageSize": "200g",
        "packagePrice": "$22.50 per 1Kg"
      }
    }
  },
  {
    "id": "potatoes-washed-prepacked-1206748p",
    "brand": "Coles",
    "name": "White Potatoes Prepacked",
    "imageUrl": "https://shop.coles.com.au/wcsstore/Coles-CAS/images/1/2/0/1206748-th.jpg",
    "categories": ["entertaining-at-home", "fruit-vegetables"],
    "tags": ["barbeque", "vegetables-salads"],
    "locations": {
      "vic": {
        "price": 4,
        "promoText": " ",
        "packageSize": "2kg",
        "packagePrice": "$2.00 per 1Kg"
      }
    }
  },
  {
    "id": "onions-brown-loose",
    "brand": "Coles",
    "name": "Brown Onions",
    "imageUrl": "https://shop.coles.com.au/wcsstore/Coles-CAS/images/4/2/3/4239517-th.jpg",
    "categories": ["entertaining-at-home", "fruit-vegetables"],
    "tags": ["barbeque", "vegetables-salads"],
    "locations": {
      "vic": {
        "price": 0.54,
        "promoText": " ",
        "packageSize": "Approx. 180g",
        "packagePrice": "$3.00 per 1Kg"
      }
    }
  },
  {
    "id": "broccoli--baby",
    "brand": "Coles",
    "name": "Baby Broccoli",
    "imageUrl": "https://shop.coles.com.au/wcsstore/Coles-CAS/images/5/9/8/5982477-th.jpg",
    "categories": ["entertaining-at-home", "fruit-vegetables"],
    "tags": ["barbeque", "vegetables-salads"],
    "locations": {
      "vic": {
        "price": 2.5,
        "promoText": " ",
        "packageSize": "1 bunch",
        "packagePrice": "$2.50 per 1Ea"
      }
    }
  },
  {
    "id": "tomatoes-field-loose",
    "brand": "Coles",
    "name": "Field Tomatoes Loose",
    "imageUrl": "https://shop.coles.com.au/wcsstore/Coles-CAS/images/4/5/9/4597109-th.jpg",
    "categories": ["entertaining-at-home", "fruit-vegetables"],
    "tags": ["barbeque", "vegetables-salads"],
    "locations": {
      "vic": {
        "price": 0.49,
        "promoText": " ",
        "packageSize": "Approx. 110g",
        "packagePrice": "$4.50 per 1Kg"
      }
    }
  },
  {
    "id": "cauliflower-whole",
    "brand": "Coles",
    "name": "Cauliflower Medium",
    "imageUrl": "https://shop.coles.com.au/wcsstore/Coles-CAS/images/4/6/0/4601603-th.jpg",
    "categories": ["entertaining-at-home", "fruit-vegetables"],
    "tags": ["barbeque", "vegetables-salads"],
    "locations": {
      "vic": {
        "price": 4.9,
        "promoText": " ",
        "packageSize": "",
        "packagePrice": "$4.90 per 1Ea"
      }
    }
  },
  {
    "id": "cucumber-continental",
    "brand": "Coles",
    "name": "Continental Cucumber",
    "imageUrl": "https://shop.coles.com.au/wcsstore/Coles-CAS/images/4/5/7/4575605-th.jpg",
    "categories": ["entertaining-at-home", "fruit-vegetables"],
    "tags": ["barbeque", "vegetables-salads"],
    "locations": {
      "vic": {
        "price": 3.5,
        "promoText": " ",
        "packageSize": "",
        "packagePrice": "$3.50 per 1Ea"
      }
    }
  },
  {
    "id": "tomatoes-cherry-prepacked",
    "brand": "Coles",
    "name": "Cherry Field Tomatoes Prepacked",
    "imageUrl": "https://shop.coles.com.au/wcsstore/Coles-CAS/images/4/8/3/4834736-th.jpg",
    "categories": ["entertaining-at-home", "fruit-vegetables"],
    "tags": ["barbeque", "vegetables-salads"],
    "locations": {
      "vic": {
        "price": 3.5,
        "promoText": " ",
        "packageSize": "250g",
        "packagePrice": "$14.00 per 1Kg"
      }
    }
  },
  {
    "id": "carrots-baby-prepacked",
    "brand": "Coles",
    "name": "Baby Carrots Prepacked",
    "imageUrl": "https://shop.coles.com.au/wcsstore/Coles-CAS/images/4/2/3/4236122-th.jpg",
    "categories": ["entertaining-at-home", "fruit-vegetables"],
    "tags": ["barbeque", "vegetables-salads"],
    "locations": {
      "vic": {
        "price": 1.8,
        "promoText": " ",
        "packageSize": "500g",
        "packagePrice": "$3.60 per 1Kg"
      }
    }
  },
  {
    "id": "pumpkin-butternut-cut-wrapped",
    "brand": "Coles",
    "name": "Butternut Pumpkin Cut",
    "imageUrl": "https://shop.coles.com.au/wcsstore/Coles-CAS/images/4/1/9/4190600-th.jpg",
    "categories": ["entertaining-at-home", "fruit-vegetables"],
    "tags": ["barbeque", "vegetables-salads"],
    "locations": {
      "vic": {
        "price": 2.45,
        "promoText": " ",
        "packageSize": "Approx. 700g",
        "packagePrice": "$3.50 per 1Kg"
      }
    }
  },
  {
    "id": "onions-red-loose",
    "brand": "Coles",
    "name": "Red Onions",
    "imageUrl": "https://shop.coles.com.au/wcsstore/Coles-CAS/images/4/2/1/4218459-th.jpg",
    "categories": ["entertaining-at-home", "fruit-vegetables"],
    "tags": ["barbeque", "vegetables-salads"],
    "locations": {
      "vic": {
        "price": 0.7,
        "promoText": " ",
        "packageSize": "Approx. 200g",
        "packagePrice": "$3.50 per 1Kg"
      }
    }
  },
  {
    "id": "potatoes-creme-gold-loose",
    "brand": "Coles",
    "name": "Creme Gold Washed Potatoes",
    "imageUrl": "https://shop.coles.com.au/wcsstore/Coles-CAS/images/1/1/8/1182162-th.jpg",
    "categories": ["entertaining-at-home", "fruit-vegetables"],
    "tags": ["barbeque", "vegetables-salads"],
    "locations": {
      "vic": {
        "price": 0.56,
        "promoText": " ",
        "packageSize": "approx 140g",
        "packagePrice": "$4.00 per 1Kg"
      }
    }
  },
  {
    "id": "lettuce-iceberg",
    "brand": "Coles",
    "name": "Iceberg Lettuce",
    "imageUrl": "https://shop.coles.com.au/wcsstore/Coles-CAS/images/4/5/8/4584071-th.jpg",
    "categories": ["entertaining-at-home", "fruit-vegetables"],
    "tags": ["barbeque", "vegetables-salads"],
    "locations": {
      "vic": {
        "price": 3.9,
        "promoText": " ",
        "packageSize": "",
        "packagePrice": "$3.90 per 1Ea"
      }
    }
  },
  {
    "id": "carrots-loose",
    "brand": "Coles",
    "name": "Carrots Loose",
    "imageUrl": "https://shop.coles.com.au/wcsstore/Coles-CAS/images/4/2/2/4223335-th.jpg",
    "categories": ["entertaining-at-home", "fruit-vegetables"],
    "tags": ["barbeque", "vegetables-salads"],
    "locations": {
      "vic": {
        "price": 0.37,
        "promoText": " ",
        "packageSize": "Approx. 170g",
        "packagePrice": "$2.20 per 1Kg"
      }
    }
  },
  {
    "id": "pumpkin-kent-cut-wrapped",
    "brand": "Coles",
    "name": "Kent Pumpkin Cut",
    "imageUrl": "https://shop.coles.com.au/wcsstore/Coles-CAS/images/4/2/0/4202540-th.jpg",
    "categories": ["entertaining-at-home", "fruit-vegetables"],
    "tags": ["barbeque", "vegetables-salads"],
    "locations": {
      "vic": {
        "price": 2.7,
        "promoText": " ",
        "packageSize": "Approx. 900g",
        "packagePrice": "$3.00 per 1Kg"
      }
    }
  },
  {
    "id": "lettuce-cos-baby",
    "brand": "Coles",
    "name": "Baby Cos Lettuce",
    "imageUrl": "https://shop.coles.com.au/wcsstore/Coles-CAS/images/4/6/4/4646485-th.jpg",
    "categories": ["entertaining-at-home", "fruit-vegetables"],
    "tags": ["barbeque", "vegetables-salads"],
    "locations": {
      "vic": {
        "price": 3.5,
        "promoText": " ",
        "packageSize": "2 pack",
        "packagePrice": "$1.75 per 1Ea"
      }
    }
  },
  {
    "id": "qukes-baby-prepacked",
    "brand": "Coles",
    "name": "Baby Cucumbers Prepacked",
    "imageUrl": "https://shop.coles.com.au/wcsstore/Coles-CAS/images/4/5/7/4578148-th.jpg",
    "categories": ["entertaining-at-home", "fruit-vegetables"],
    "tags": ["barbeque", "vegetables-salads"],
    "locations": {
      "vic": {
        "price": 4.5,
        "promoText": " ",
        "packageSize": "250g",
        "packagePrice": "$18.00 per 1Kg"
      }
    }
  },
  {
    "id": "asparagus-green",
    "brand": "Coles",
    "name": "Green Asparagus",
    "imageUrl": "https://shop.coles.com.au/wcsstore/Coles-CAS/images/4/8/3/4838737-th.jpg",
    "categories": ["entertaining-at-home", "fruit-vegetables"],
    "tags": ["barbeque", "vegetables-salads"],
    "locations": {
      "vic": {
        "price": 3.9,
        "promoText": " ",
        "packageSize": "1 bunch",
        "packagePrice": "$3.90 per 1Ea"
      }
    }
  },
  {
    "id": "capsicum-green-loose",
    "brand": "Coles",
    "name": "Green Capsicum Loose",
    "imageUrl": "https://shop.coles.com.au/wcsstore/Coles-CAS/images/7/2/1/7214862-th.jpg",
    "categories": ["entertaining-at-home", "fruit-vegetables"],
    "tags": ["barbeque", "vegetables-salads"],
    "locations": {
      "vic": {
        "price": 1.48,
        "promoText": " ",
        "packageSize": "Approx. 250g",
        "packagePrice": "$5.90 per 1Kg"
      }
    }
  },
  {
    "id": "leeks-loose",
    "brand": "Coles",
    "name": "Leeks",
    "imageUrl": "https://shop.coles.com.au/wcsstore/Coles-CAS/images/4/5/9/4595930-th.jpg",
    "categories": ["entertaining-at-home", "fruit-vegetables"],
    "tags": ["barbeque", "vegetables-salads"],
    "locations": {
      "vic": {
        "price": 2.5,
        "promoText": " ",
        "packageSize": "",
        "packagePrice": "$2.50 per 1Ea"
      }
    }
  },
  {
    "id": "corn-sweet-loose",
    "brand": "Coles",
    "name": "Sweet Corn",
    "imageUrl": "https://shop.coles.com.au/wcsstore/Coles-CAS/images/4/5/6/4562603-th.jpg",
    "categories": ["entertaining-at-home", "fruit-vegetables"],
    "tags": ["barbeque", "vegetables-salads"],
    "locations": {
      "vic": {
        "price": 1.5,
        "promoText": " ",
        "packageSize": "",
        "packagePrice": "$1.50 per 1Ea"
      }
    }
  },
  {
    "id": "celery-pieces-prepacked",
    "brand": "Coles",
    "name": "Celery Sticks Prepacked",
    "imageUrl": "https://shop.coles.com.au/wcsstore/Coles-CAS/images/1/0/6/1069160-th.jpg",
    "categories": ["entertaining-at-home", "fruit-vegetables"],
    "tags": ["barbeque", "vegetables-salads"],
    "locations": {
      "vic": {
        "price": 4.5,
        "promoText": " ",
        "packageSize": "300g",
        "packagePrice": "$15.00 per 1Kg"
      }
    }
  },
  {
    "id": "celery-bunch",
    "brand": "Coles",
    "name": "Celery",
    "imageUrl": "https://shop.coles.com.au/wcsstore/Coles-CAS/images/4/8/4/4845732-th.jpg",
    "categories": ["entertaining-at-home", "fruit-vegetables"],
    "tags": ["barbeque", "vegetables-salads"],
    "locations": {
      "vic": {
        "price": 3.9,
        "promoText": " ",
        "packageSize": "1 bunch",
        "packagePrice": "$3.90 per 1Ea"
      }
    }
  },
  {
    "id": "eggplant-purple-loose",
    "brand": "Coles",
    "name": "Purple Eggplant",
    "imageUrl": "https://shop.coles.com.au/wcsstore/Coles-CAS/images/4/5/8/4583206-th.jpg",
    "categories": ["entertaining-at-home", "fruit-vegetables"],
    "tags": ["barbeque", "vegetables-salads"],
    "locations": {
      "vic": {
        "price": 4.95,
        "promoText": " ",
        "packageSize": "",
        "packagePrice": "$9.90 per 1Kg"
      }
    }
  },
  {
    "id": "capsicum-yellow-loose",
    "brand": "Coles",
    "name": "Yellow Capsicum",
    "imageUrl": "https://shop.coles.com.au/wcsstore/Coles-CAS/images/7/2/1/7215355-th.jpg",
    "categories": ["entertaining-at-home", "fruit-vegetables"],
    "tags": ["barbeque", "vegetables-salads"],
    "locations": {
      "vic": {
        "price": 1.89,
        "promoText": " ",
        "packageSize": "Approx. 320g",
        "packagePrice": "$5.90 per 1Kg"
      }
    }
  },
  {
    "id": "coles-fresh-red-onions-prepacked",
    "brand": "Coles",
    "name": "Red Onions Prepacked",
    "imageUrl": "https://shop.coles.com.au/wcsstore/Coles-CAS/images/8/4/6/8467604-th.jpg",
    "categories": ["entertaining-at-home", "fruit-vegetables"],
    "tags": ["barbeque", "vegetables-salads"],
    "locations": {
      "vic": {
        "price": 3,
        "promoText": " ",
        "packageSize": "1kg",
        "packagePrice": "$3.00 per 1Kg"
      }
    }
  },
  {
    "id": "cauliflower-half",
    "brand": "Coles",
    "name": "Cauliflower Half",
    "imageUrl": "https://shop.coles.com.au/wcsstore/Coles-CAS/images/4/6/0/4601320-th.jpg",
    "categories": ["entertaining-at-home", "fruit-vegetables"],
    "tags": ["barbeque", "vegetables-salads"],
    "locations": {
      "vic": {
        "price": 3,
        "promoText": " ",
        "packageSize": "",
        "packagePrice": "$3.00 per 1Ea"
      }
    }
  },
  {
    "id": "tomatoes-vine-ripened-truss-prepacked",
    "brand": "Coles",
    "name": "Vine Ripened Tomatoes Prepacked",
    "imageUrl": "https://shop.coles.com.au/wcsstore/Coles-CAS/images/4/8/3/4835171-th.jpg",
    "categories": ["entertaining-at-home", "fruit-vegetables"],
    "tags": ["barbeque", "vegetables-salads"],
    "locations": {
      "vic": {
        "price": 5.9,
        "promoText": " ",
        "packageSize": "500g",
        "packagePrice": "$11.80 per 1Kg"
      }
    }
  },
  {
    "id": "pumpkin-butternut-whole",
    "brand": "Coles",
    "name": "Butternut Pumpkin Whole",
    "imageUrl": "https://shop.coles.com.au/wcsstore/Coles-CAS/images/4/1/8/4183423-th.jpg",
    "categories": ["entertaining-at-home", "fruit-vegetables"],
    "tags": ["barbeque", "vegetables-salads"],
    "locations": {
      "vic": {
        "price": 7,
        "promoText": " ",
        "packageSize": "approx. 2Kg",
        "packagePrice": "$3.50 per 1Kg"
      }
    }
  },
  {
    "id": "potatoes-brushed-prepacked-4213819p",
    "brand": "Coles",
    "name": "Brushed Potatoes Prepacked",
    "imageUrl": "https://shop.coles.com.au/wcsstore/Coles-CAS/images/4/2/1/4213819-th.jpg",
    "categories": ["entertaining-at-home", "fruit-vegetables"],
    "tags": ["barbeque", "vegetables-salads"],
    "locations": {
      "vic": {
        "price": 8,
        "promoText": " ",
        "packageSize": "3kg",
        "packagePrice": "$2.67 per 1Kg"
      }
    }
  },
  {
    "id": "bic-bic-child-resistant-lighter-maxi-2pk",
    "brand": "Bic",
    "name": "Maxi Lighters",
    "imageUrl": "https://shop.coles.com.au/wcsstore/Coles-CAS/images/2/5/1/2512794-th.jpg",
    "categories": ["entertaining-at-home"],
    "tags": ["barbeque", "accessories-utensils"],
    "locations": {
      "vic": {
        "price": 3.5,
        "promoText": " ",
        "packageSize": "2 pack",
        "packagePrice": "$1.75 per 1Ea"
      }
    }
  },
  {
    "id": "redheads-firelighters",
    "brand": "Redheads",
    "name": "Firelighters",
    "imageUrl": "https://shop.coles.com.au/wcsstore/Coles-CAS/images/4/9/9/4994890-th.jpg",
    "categories": ["entertaining-at-home"],
    "tags": ["barbeque", "accessories-utensils"],
    "locations": {
      "vic": {
        "price": 2.95,
        "promoText": "$1.55 ",
        "packageSize": "24 pack",
        "packagePrice": "$0.12 per 1Ea"
      }
    }
  },
  {
    "id": "redheads-extra-long-matches",
    "brand": "Redheads",
    "name": "Extra Long Safety Matches",
    "imageUrl": "https://shop.coles.com.au/wcsstore/Coles-CAS/images/4/9/2/492845-th.jpg",
    "categories": ["entertaining-at-home"],
    "tags": ["barbeque", "accessories-utensils"],
    "locations": {
      "vic": {
        "price": 2.75,
        "promoText": " ",
        "packageSize": "45 pack",
        "packagePrice": "$6.11 per 100Ea"
      }
    }
  },
  {
    "id": "redheads-matches-shrink-wrapped",
    "brand": "Redheads",
    "name": "Safety Matches",
    "imageUrl": "https://shop.coles.com.au/wcsstore/Coles-CAS/images/3/4/0/3404720-th.jpg",
    "categories": ["entertaining-at-home"],
    "tags": ["barbeque", "accessories-utensils"],
    "locations": {
      "vic": {
        "price": 2.15,
        "promoText": " ",
        "packageSize": "450 pack",
        "packagePrice": "$0.48 per 100Ea"
      }
    }
  },
  {
    "id": "bic-u140-fluo-utility-lighter",
    "brand": "Bic",
    "name": "Mega Lighter",
    "imageUrl": "https://shop.coles.com.au/wcsstore/Coles-CAS/images/2/3/9/2396252-th.jpg",
    "categories": ["entertaining-at-home"],
    "tags": ["barbeque", "accessories-utensils"],
    "locations": {
      "vic": {
        "price": 7,
        "promoText": " ",
        "packageSize": "",
        "packagePrice": "$7.00 per 1Ea"
      }
    }
  },
  {
    "id": "grillman-bamboo-skewers-50-pack",
    "brand": "Grillman",
    "name": "BBQ Bamboo Skewers 50 Pieces",
    "imageUrl": "https://shop.coles.com.au/wcsstore/Coles-CAS/images/2/1/5/2153782-th.jpg",
    "categories": ["entertaining-at-home"],
    "tags": ["barbeque", "accessories-utensils"],
    "locations": {
      "vic": {
        "price": 4,
        "promoText": " ",
        "packageSize": "1 Pack",
        "packagePrice": "$4.00 per 1Ea"
      }
    }
  },
  {
    "id": "redheads-handypak-thicker-longer-matches",
    "brand": "Redheads",
    "name": "Thicker & Longer Matches Handypak",
    "imageUrl": "https://shop.coles.com.au/wcsstore/Coles-CAS/images/5/1/1/5115316-th.jpg",
    "categories": ["entertaining-at-home"],
    "tags": ["barbeque", "accessories-utensils"],
    "locations": {
      "vic": {
        "price": 2.75,
        "promoText": " ",
        "packageSize": "3 pack",
        "packagePrice": "$1.02 per 100Ea"
      }
    }
  },
  {
    "id": "coles-firelighters",
    "brand": "Coles",
    "name": "Firelighters",
    "imageUrl": "https://shop.coles.com.au/wcsstore/Coles-CAS/images/5/0/8/5083763-th.jpg",
    "categories": ["entertaining-at-home"],
    "tags": ["barbeque", "accessories-utensils"],
    "locations": {
      "vic": {
        "price": 3,
        "promoText": " ",
        "packageSize": "24 pack",
        "packagePrice": "$0.13 per 1Ea"
      }
    }
  },
  {
    "id": "grillman-small-aluminium-trays",
    "brand": "Grillman",
    "name": "BBQ Small Aluminium Trays",
    "imageUrl": "https://shop.coles.com.au/wcsstore/Coles-CAS/images/2/1/6/2163185-th.jpg",
    "categories": ["entertaining-at-home"],
    "tags": ["barbeque", "accessories-utensils"],
    "locations": {
      "vic": {
        "price": 4,
        "promoText": " ",
        "packageSize": "5 pack",
        "packagePrice": "$0.80 per 1Ea"
      }
    }
  },
  {
    "id": "grillman-medium-aluminium-trays",
    "brand": "Grillman",
    "name": "BBQ Medium Aluminium Trays",
    "imageUrl": "https://shop.coles.com.au/wcsstore/Coles-CAS/images/2/1/5/2153818-th.jpg",
    "categories": ["entertaining-at-home"],
    "tags": ["barbeque", "accessories-utensils"],
    "locations": {
      "vic": {
        "price": 4,
        "promoText": " ",
        "packageSize": "3 pack",
        "packagePrice": "$1.33 per 1Ea"
      }
    }
  },
  {
    "id": "gasmate-cartridge-butane",
    "brand": "Gasmate",
    "name": "Butane Gas Cartridges",
    "imageUrl": "https://shop.coles.com.au/wcsstore/Coles-CAS/images/5/0/9/5096335-th.jpg",
    "categories": ["entertaining-at-home"],
    "tags": ["barbeque", "accessories-utensils"],
    "locations": {
      "vic": {
        "price": 8,
        "promoText": " ",
        "packageSize": "4 pack",
        "packagePrice": "$2.00 per 1Ea"
      }
    }
  },
  {
    "id": "grillman-hot-plate-liners",
    "brand": "Grillman",
    "name": "BBQ Reusable Hot Plate Liners 500mm X 400mm",
    "imageUrl": "https://shop.coles.com.au/wcsstore/Coles-CAS/images/2/1/5/2153807-th.jpg",
    "categories": ["entertaining-at-home"],
    "tags": ["barbeque", "accessories-utensils"],
    "locations": {
      "vic": {
        "price": 10,
        "promoText": " ",
        "packageSize": "",
        "packagePrice": "$10.00 per 1Ea"
      }
    }
  },
  {
    "id": "grillman-spatula",
    "brand": "Grillman",
    "name": "Spatula",
    "imageUrl": "https://shop.coles.com.au/wcsstore/Coles-CAS/images/2/1/5/2153512-th.jpg",
    "categories": ["entertaining-at-home"],
    "tags": ["barbeque", "accessories-utensils"],
    "locations": {
      "vic": {
        "price": 10,
        "promoText": " ",
        "packageSize": "",
        "packagePrice": "$10.00 per 1Ea"
      }
    }
  },
  {
    "id": "heat-beads-barbecue-fuel",
    "brand": "Heat Beads",
    "name": "Original BBQ Briquettes",
    "imageUrl": "https://shop.coles.com.au/wcsstore/Coles-CAS/images/5/4/2/5423974-th.jpg",
    "categories": ["entertaining-at-home"],
    "tags": ["barbeque", "accessories-utensils"],
    "locations": {
      "vic": {
        "price": 9.95,
        "promoText": " ",
        "packageSize": "4kg",
        "packagePrice": "$2.49 per 1Kg"
      }
    }
  },
  {
    "id": "jiffy-firelighters",
    "brand": "Jiffy",
    "name": "Firelighters",
    "imageUrl": "https://shop.coles.com.au/wcsstore/Coles-CAS/images/1/1/2/112638-th.jpg",
    "categories": ["entertaining-at-home"],
    "tags": ["barbeque", "accessories-utensils"],
    "locations": {
      "vic": {
        "price": 4.7,
        "promoText": " ",
        "packageSize": "24 pack",
        "packagePrice": "$0.20 per 1Ea"
      }
    }
  },
  {
    "id": "selleys-wipes-bbq-tough",
    "brand": "Selleys",
    "name": "BBQ Tough 12 Wipes",
    "imageUrl": "https://shop.coles.com.au/wcsstore/Coles-CAS/images/5/0/9/5097134-th.jpg",
    "categories": ["entertaining-at-home"],
    "tags": ["barbeque", "accessories-utensils"],
    "locations": {
      "vic": {
        "price": 5.75,
        "promoText": " ",
        "packageSize": "1 pack",
        "packagePrice": "$5.75 per 1Ea"
      }
    }
  },
  {
    "id": "selleys-bbq-kleen",
    "brand": "Selleys",
    "name": "BBQ Touch Clean",
    "imageUrl": "https://shop.coles.com.au/wcsstore/Coles-CAS/images/4/5/6/4568133-th.jpg",
    "categories": ["entertaining-at-home"],
    "tags": ["barbeque", "accessories-utensils"],
    "locations": {
      "vic": {
        "price": 8.6,
        "promoText": " ",
        "packageSize": "400g",
        "packagePrice": "$2.15 per 100G"
      }
    }
  },
  {
    "id": "selleys-bbq-tough-wipes",
    "brand": "Selleys",
    "name": "BBQ Tough 25 Wipes",
    "imageUrl": "https://shop.coles.com.au/wcsstore/Coles-CAS/images/1/0/5/1058196-th.jpg",
    "categories": ["entertaining-at-home"],
    "tags": ["barbeque", "accessories-utensils"],
    "locations": {
      "vic": {
        "price": 8,
        "promoText": "$2.00 ",
        "packageSize": "1 pack",
        "packagePrice": "$8.00 per 1Ea"
      }
    }
  },
  {
    "id": "simply-better-tofu-plain-firm",
    "brand": "Simply Better",
    "name": "Plain Firm Tofu",
    "imageUrl": "https://shop.coles.com.au/wcsstore/Coles-CAS/images/5/0/0/5005602-th.jpg",
    "categories": [
      "entertaining-at-home",
      "dairy-eggs-meals",
      "healthy-living"
    ],
    "tags": ["barbeque", "vegetarian-options-4405497"],
    "locations": {
      "vic": {
        "price": 4.8,
        "promoText": " ",
        "packageSize": "375g",
        "packagePrice": "$1.28 per 100G"
      }
    }
  },
  {
    "id": "simply-better-tofu-plain-firm-organic-5005613p",
    "brand": "Simply Better",
    "name": "Organic Plain Firm Tofu",
    "imageUrl": "https://shop.coles.com.au/wcsstore/Coles-CAS/images/5/0/0/5005613-th.jpg",
    "categories": [
      "entertaining-at-home",
      "dairy-eggs-meals",
      "healthy-living"
    ],
    "tags": ["barbeque", "vegetarian-options-4405497"],
    "locations": {
      "vic": {
        "price": 5.35,
        "promoText": " ",
        "packageSize": "500g",
        "packagePrice": "$1.07 per 100G"
      }
    }
  },
  {
    "id": "the-beyond-burger",
    "brand": "The Beyond Burger",
    "name": "Plant Based Burger Patties",
    "imageUrl": "https://shop.coles.com.au/wcsstore/Coles-CAS/images/3/3/2/3325920-th.jpg",
    "categories": ["entertaining-at-home", "meat-seafood-deli"],
    "tags": ["barbeque", "vegetarian-options-4405497"],
    "locations": {
      "vic": {
        "price": 12,
        "promoText": " ",
        "packageSize": "226g",
        "packagePrice": "$53.10 per 1Kg"
      }
    }
  },
  {
    "id": "soyco-tofu-japanese-teriyaki",
    "brand": "Soyco",
    "name": "Tofu Japanese Teriyaki",
    "imageUrl": "https://shop.coles.com.au/wcsstore/Coles-CAS/images/5/5/5/5552650-th.jpg",
    "categories": [
      "entertaining-at-home",
      "dairy-eggs-meals",
      "healthy-living"
    ],
    "tags": ["barbeque", "vegetarian-options-4405497"],
    "locations": {
      "vic": {
        "price": 5.1,
        "promoText": " ",
        "packageSize": "200g",
        "packagePrice": "$2.55 per 100G"
      }
    }
  },
  {
    "id": "soyco-tofu-malaysian-satay",
    "brand": "Soyco",
    "name": "Tofu Malaysian Peanut Satay",
    "imageUrl": "https://shop.coles.com.au/wcsstore/Coles-CAS/images/9/0/9/9099120-th.jpg",
    "categories": [
      "entertaining-at-home",
      "dairy-eggs-meals",
      "healthy-living"
    ],
    "tags": ["barbeque", "vegetarian-options-4405497"],
    "locations": {
      "vic": {
        "price": 5.1,
        "promoText": " ",
        "packageSize": "200g",
        "packagePrice": "$2.55 per 100G"
      }
    }
  },
  {
    "id": "yumis-delights-spicy-zucchini-lentils-dip",
    "brand": "Yumi's",
    "name": "Gluten Free Zucchini & Lentil Veggie Bites",
    "imageUrl": "https://shop.coles.com.au/wcsstore/Coles-CAS/images/2/1/2/2122010-th.jpg",
    "categories": [
      "entertaining-at-home",
      "dairy-eggs-meals",
      "healthy-living"
    ],
    "tags": ["barbeque", "vegetarian-options-4405497"],
    "locations": {
      "vic": {
        "price": 5.5,
        "promoText": " ",
        "packageSize": "225g",
        "packagePrice": "$2.44 per 100G"
      }
    }
  },
  {
    "id": "yumis-delights-curried-pumpkin-spinach-dip",
    "brand": "Yumi's",
    "name": "Gluten Free Curried Pumpkin & Spinach Veggie Bites",
    "imageUrl": "https://shop.coles.com.au/wcsstore/Coles-CAS/images/2/1/2/2121990-th.jpg",
    "categories": [
      "entertaining-at-home",
      "dairy-eggs-meals",
      "healthy-living"
    ],
    "tags": ["barbeque", "vegetarian-options-4405497"],
    "locations": {
      "vic": {
        "price": 5.5,
        "promoText": " ",
        "packageSize": "225g",
        "packagePrice": "$2.44 per 100G"
      }
    }
  },
  {
    "id": "bean-supreme-rosemary-sage-parsley-sausage-3516407p",
    "brand": "Bean Supreme",
    "name": "Parsley Sage & Rosemary Sausages 6 Pack",
    "imageUrl": "https://shop.coles.com.au/wcsstore/Coles-CAS/images/3/5/1/3516407-th.jpg",
    "categories": [
      "entertaining-at-home",
      "dairy-eggs-meals",
      "healthy-living"
    ],
    "tags": ["barbeque", "vegetarian-options-4405497"],
    "locations": {
      "vic": {
        "price": 8,
        "promoText": " ",
        "packageSize": "375g",
        "packagePrice": "$2.13 per 100G"
      }
    }
  },
  {
    "id": "tly-joyce-tofu-firm",
    "brand": "TLY Joyce",
    "name": "Firm Tofu",
    "imageUrl": "https://shop.coles.com.au/wcsstore/Coles-CAS/images/6/7/0/6701121-th.jpg",
    "categories": [
      "entertaining-at-home",
      "dairy-eggs-meals",
      "healthy-living"
    ],
    "tags": ["barbeque", "vegetarian-options-4405497"],
    "locations": {
      "vic": {
        "price": 2.7,
        "promoText": " ",
        "packageSize": "300g",
        "packagePrice": "$0.90 per 100G"
      }
    }
  },
  {
    "id": "coles-curried-pumpkin-corn-frozen-burgers",
    "brand": "Coles",
    "name": "Nature's Kitchen Curried Pumpkin & Corn Burger",
    "imageUrl": "https://shop.coles.com.au/wcsstore/Coles-CAS/images/2/7/5/2752153-th.jpg",
    "categories": [
      "entertaining-at-home",
      "dairy-eggs-meals",
      "healthy-living"
    ],
    "tags": ["barbeque", "vegetarian-options-4405497"],
    "locations": {
      "vic": {
        "price": 3.5,
        "promoText": " ",
        "packageSize": "250g",
        "packagePrice": "$1.40 per 100G"
      }
    }
  },
  {
    "id": "coles-sweet-potato-blackbean-burgers",
    "brand": "Coles",
    "name": "Nature's Kitchen Sweet Potato & Black Bean Burger",
    "imageUrl": "https://shop.coles.com.au/wcsstore/Coles-CAS/images/2/7/5/2752164-th.jpg",
    "categories": [
      "entertaining-at-home",
      "dairy-eggs-meals",
      "healthy-living"
    ],
    "tags": ["barbeque", "vegetarian-options-4405497"],
    "locations": {
      "vic": {
        "price": 3.5,
        "promoText": " ",
        "packageSize": "250g",
        "packagePrice": "$1.40 per 100G"
      }
    }
  },
  {
    "id": "coles-brand-tofu-southern-smoked-infused",
    "brand": "Coles",
    "name": "Nature's Kitchen Oven Baked Falafel Bites",
    "imageUrl": "https://shop.coles.com.au/wcsstore/Coles-CAS/images/2/7/5/2752211-th.jpg",
    "categories": [
      "entertaining-at-home",
      "dairy-eggs-meals",
      "healthy-living"
    ],
    "tags": ["barbeque", "vegetarian-options-4405497"],
    "locations": {
      "vic": {
        "price": 4,
        "promoText": " ",
        "packageSize": "225g",
        "packagePrice": "$1.78 per 100G"
      }
    }
  },
  {
    "id": "vegie-delights-bbq-sausages-3516350p",
    "brand": "Vegie Delights",
    "name": "BBQ Sausages",
    "imageUrl": "https://shop.coles.com.au/wcsstore/Coles-CAS/images/3/5/1/3516350-th.jpg",
    "categories": [
      "entertaining-at-home",
      "dairy-eggs-meals",
      "healthy-living"
    ],
    "tags": ["barbeque", "vegetarian-options-4405497"],
    "locations": {
      "vic": {
        "price": 6,
        "promoText": "Was $7.00 on Jun 2019 ",
        "packageSize": "300g",
        "packagePrice": "$2.00 per 100G"
      }
    }
  },
  {
    "id": "eatwell-burgers-vegetarian-lentil",
    "brand": "Australian Eatwell",
    "name": "Lentil Vegie Burgers 4 pack",
    "imageUrl": "https://shop.coles.com.au/wcsstore/Coles-CAS/images/5/7/3/5732367-th.jpg",
    "categories": [
      "entertaining-at-home",
      "dairy-eggs-meals",
      "healthy-living"
    ],
    "tags": ["barbeque", "vegetarian-options-4405497"],
    "locations": {
      "vic": {
        "price": 6.3,
        "promoText": " ",
        "packageSize": "500g",
        "packagePrice": "$1.26 per 100G"
      }
    }
  },
  {
    "id": "vegie-delights-beef-style-burger-3516393p",
    "brand": "Vegie Delights",
    "name": "Beef Style Burgers",
    "imageUrl": "https://shop.coles.com.au/wcsstore/Coles-CAS/images/3/5/1/3516393-th.jpg",
    "categories": [
      "entertaining-at-home",
      "dairy-eggs-meals",
      "healthy-living"
    ],
    "tags": ["barbeque", "vegetarian-options-4405497"],
    "locations": {
      "vic": {
        "price": 6,
        "promoText": "Was $6.50 on Jun 2019 ",
        "packageSize": "300g",
        "packagePrice": "$2.00 per 100G"
      }
    }
  },
  {
    "id": "coles-meat-free-beef-style-burgers-3512891p",
    "brand": "Coles",
    "name": "Nature's Kitchen Meat Free Smokey Grill Burgers",
    "imageUrl": "https://shop.coles.com.au/wcsstore/Coles-CAS/images/3/5/1/3512891-th.jpg",
    "categories": [
      "entertaining-at-home",
      "dairy-eggs-meals",
      "healthy-living"
    ],
    "tags": ["barbeque", "vegetarian-options-4405497"],
    "locations": {
      "vic": {
        "price": 6,
        "promoText": " ",
        "packageSize": "250g",
        "packagePrice": "$2.40 per 100G"
      }
    }
  },
  {
    "id": "puregg-egg-white-simply",
    "brand": "Puregg",
    "name": "Simply Egg Whites",
    "imageUrl": "https://shop.coles.com.au/wcsstore/Coles-CAS/images/1/6/4/1642218-th.jpg",
    "categories": ["entertaining-at-home", "healthy-living"],
    "tags": ["barbeque", "vegetarian-options-4405497"],
    "locations": {
      "vic": {
        "price": 5.5,
        "promoText": " ",
        "packageSize": "500g",
        "packagePrice": "$1.10 per 100G"
      }
    }
  },
  {
    "id": "pureland-tofu",
    "brand": "Pureland",
    "name": "Organic Tofu",
    "imageUrl": "https://shop.coles.com.au/wcsstore/Coles-CAS/images/5/1/8/5185209-th.jpg",
    "categories": [
      "entertaining-at-home",
      "dairy-eggs-meals",
      "healthy-living"
    ],
    "tags": ["barbeque", "vegetarian-options-4405497"],
    "locations": {
      "vic": {
        "price": 5.3,
        "promoText": " ",
        "packageSize": "500g",
        "packagePrice": "$1.06 per 100G"
      }
    }
  },
  {
    "id": "the-alternative-meat-burger",
    "brand": "The Alternative Meat Co.",
    "name": "Plant Based Burger",
    "imageUrl": "https://shop.coles.com.au/wcsstore/Coles-CAS/images/3/5/0/3504907-th.jpg",
    "categories": ["entertaining-at-home", "meat-seafood-deli"],
    "tags": ["barbeque", "vegetarian-options-4405497"],
    "locations": {
      "vic": {
        "price": 8.5,
        "promoText": " ",
        "packageSize": "220g",
        "packagePrice": "$38.64 per 1Kg"
      }
    }
  },
  {
    "id": "coles-vegan-burger-sauce",
    "brand": "Coles",
    "name": "Vegan Special Burger Sauce",
    "imageUrl": "https://shop.coles.com.au/wcsstore/Coles-CAS/images/3/4/1/3410268-th.jpg",
    "categories": [
      "entertaining-at-home",
      "meat-seafood-deli",
      "frozen",
      "healthy-living"
    ],
    "tags": ["barbeque", "vegetarian-options-4405497"],
    "locations": {
      "vic": {
        "price": 2.75,
        "promoText": " ",
        "packageSize": "365mL",
        "packagePrice": "$0.75 per 100mL"
      }
    }
  },
  {
    "id": "coles-carrot-cake",
    "brand": "Coles",
    "name": "Carrot Cake",
    "imageUrl": "https://shop.coles.com.au/wcsstore/Coles-CAS/images/3/4/7/3472877-th.jpg",
    "categories": ["entertaining-at-home", "bread-bakery"],
    "tags": ["party-fod-supplies", "cakes-swets"],
    "locations": {
      "vic": {
        "price": 4,
        "promoText": " ",
        "packageSize": "300g",
        "packagePrice": "$1.33 per 100G"
      }
    }
  },
  {
    "id": "coles-bakery-cake-fruit-light",
    "brand": "Coles",
    "name": "Light Fruit Cake",
    "imageUrl": "https://shop.coles.com.au/wcsstore/Coles-CAS/images/7/8/6/7864722-th.jpg",
    "categories": ["entertaining-at-home", "bread-bakery"],
    "tags": ["party-fod-supplies", "cakes-swets"],
    "locations": {
      "vic": {
        "price": 5,
        "promoText": " ",
        "packageSize": "800g",
        "packagePrice": "$0.63 per 100G"
      }
    }
  },
  {
    "id": "coles-bakery-lamington-fingers-18-pack",
    "brand": "Coles",
    "name": "Lamington Fingers 18 pack",
    "imageUrl": "https://shop.coles.com.au/wcsstore/Coles-CAS/images/7/5/4/7545928-th.jpg",
    "categories": ["entertaining-at-home", "bread-bakery"],
    "tags": ["party-fod-supplies", "cakes-swets"],
    "locations": {
      "vic": {
        "price": 2.5,
        "promoText": " ",
        "packageSize": "350g",
        "packagePrice": "$0.71 per 100G"
      }
    }
  },
  {
    "id": "coles-banana-muffins-9-pack",
    "brand": "Coles",
    "name": "Banana Mini Muffins 9 Pack",
    "imageUrl": "https://shop.coles.com.au/wcsstore/Coles-CAS/images/2/7/2/2728964-th.jpg",
    "categories": ["entertaining-at-home", "bread-bakery"],
    "tags": ["party-fod-supplies", "cakes-swets"],
    "locations": {
      "vic": {
        "price": 3.5,
        "promoText": " ",
        "packageSize": "315g",
        "packagePrice": "$1.11 per 100G"
      }
    }
  },
  {
    "id": "coles-mini-chocolate-chip-muffin-9pk",
    "brand": "Coles",
    "name": "Chocolate Chip Mini Muffins 9 Pack",
    "imageUrl": "https://shop.coles.com.au/wcsstore/Coles-CAS/images/2/4/0/2409310-th.jpg",
    "categories": ["entertaining-at-home", "bread-bakery"],
    "tags": ["party-fod-supplies", "cakes-swets"],
    "locations": {
      "vic": {
        "price": 3.5,
        "promoText": " ",
        "packageSize": "315g",
        "packagePrice": "$1.11 per 100G"
      }
    }
  },
  {
    "id": "coles-blueberry-muffin-4pk",
    "brand": "Coles",
    "name": "Blueberry Muffins",
    "imageUrl": "https://shop.coles.com.au/wcsstore/Coles-CAS/images/2/4/0/2409274-th.jpg",
    "categories": ["entertaining-at-home", "bread-bakery"],
    "tags": ["party-fod-supplies", "cakes-swets"],
    "locations": {
      "vic": {
        "price": 3.5,
        "promoText": " ",
        "packageSize": "4 pack",
        "packagePrice": "$0.88 per 1Ea"
      }
    }
  },
  {
    "id": "sara-lee-cake-chocolate-buttercake-frozen",
    "brand": "Sara Lee",
    "name": "Frozen Chocolate Buttercake",
    "imageUrl": "https://shop.coles.com.au/wcsstore/Coles-CAS/images/2/6/8/268900-th.jpg",
    "categories": ["entertaining-at-home", "frozen"],
    "tags": ["party-fod-supplies", "cakes-swets"],
    "locations": {
      "vic": {
        "price": 4,
        "promoText": "$2.25 ",
        "packageSize": "350g",
        "packagePrice": "$1.14 per 100G"
      }
    }
  },
  {
    "id": "coles-banana-muffin-4-pack",
    "brand": "Coles",
    "name": "Banana Muffins 4 Pack",
    "imageUrl": "https://shop.coles.com.au/wcsstore/Coles-CAS/images/3/2/3/3235419-th.jpg",
    "categories": ["entertaining-at-home", "bread-bakery"],
    "tags": ["party-fod-supplies", "cakes-swets"],
    "locations": {
      "vic": {
        "price": 3.5,
        "promoText": " ",
        "packageSize": "440g",
        "packagePrice": "$0.80 per 100G"
      }
    }
  },
  {
    "id": "cadbury-mini-rolls-chocolate-5-pack",
    "brand": "Cadbury",
    "name": "Milk Chocolate Mini Rolls 5 pack",
    "imageUrl": "https://shop.coles.com.au/wcsstore/Coles-CAS/images/1/9/6/1967369-th.jpg",
    "categories": ["entertaining-at-home", "bread-bakery"],
    "tags": ["party-fod-supplies", "cakes-swets"],
    "locations": {
      "vic": {
        "price": 1.87,
        "promoText": "$1.88 ",
        "packageSize": "115g",
        "packagePrice": "$1.63 per 100G"
      }
    }
  },
  {
    "id": "coles-mini-blueberry-muffin-9pk",
    "brand": "Coles",
    "name": "Blueberry Mini Muffins 9 Pack",
    "imageUrl": "https://shop.coles.com.au/wcsstore/Coles-CAS/images/2/4/0/2409300-th.jpg",
    "categories": ["entertaining-at-home", "bread-bakery"],
    "tags": ["party-fod-supplies", "cakes-swets"],
    "locations": {
      "vic": {
        "price": 3.5,
        "promoText": " ",
        "packageSize": "315g",
        "packagePrice": "$1.11 per 100G"
      }
    }
  },
  {
    "id": "coles-chocolate-chip-muffin-4pk",
    "brand": "Coles",
    "name": "Chocolate Chip Muffins 4 Pack",
    "imageUrl": "https://shop.coles.com.au/wcsstore/Coles-CAS/images/2/4/0/2409285-th.jpg",
    "categories": ["entertaining-at-home", "bread-bakery"],
    "tags": ["party-fod-supplies", "cakes-swets"],
    "locations": {
      "vic": {
        "price": 3.5,
        "promoText": " ",
        "packageSize": "480g",
        "packagePrice": "$0.73 per 100G"
      }
    }
  },
  {
    "id": "cadbury-caramel-cake-bars",
    "brand": "Cadbury",
    "name": "Caramel Cake Bars",
    "imageUrl": "https://shop.coles.com.au/wcsstore/Coles-CAS/images/2/9/9/2995993-th.jpg",
    "categories": ["entertaining-at-home", "bread-bakery"],
    "tags": ["party-fod-supplies", "cakes-swets"],
    "locations": {
      "vic": {
        "price": 1.87,
        "promoText": "$1.88 ",
        "packageSize": "105g",
        "packagePrice": "$1.78 per 100G"
      }
    }
  },
  {
    "id": "cadbury-chocolate-cake-bars",
    "brand": "Cadbury",
    "name": "Milk Chocolate Cake Bars",
    "imageUrl": "https://shop.coles.com.au/wcsstore/Coles-CAS/images/2/9/9/2995982-th.jpg",
    "categories": ["entertaining-at-home", "bread-bakery"],
    "tags": ["party-fod-supplies", "cakes-swets"],
    "locations": {
      "vic": {
        "price": 1.87,
        "promoText": "$1.88 ",
        "packageSize": "105g",
        "packagePrice": "$1.78 per 100G"
      }
    }
  },
  {
    "id": "coles-slices-caramel",
    "brand": "Coles",
    "name": "Caramel Slice",
    "imageUrl": "https://shop.coles.com.au/wcsstore/Coles-CAS/images/1/3/8/1387132-th.jpg",
    "categories": ["entertaining-at-home", "bread-bakery"],
    "tags": ["party-fod-supplies", "cakes-swets"],
    "locations": {
      "vic": {
        "price": 4,
        "promoText": " ",
        "packageSize": "175g",
        "packagePrice": "$2.29 per 100G"
      }
    }
  },
  {
    "id": "coles-brownies-5-pack",
    "brand": "Coles",
    "name": "Brownies 5 pack",
    "imageUrl": "https://shop.coles.com.au/wcsstore/Coles-CAS/images/2/6/8/2682036-th.jpg",
    "categories": ["entertaining-at-home", "bread-bakery"],
    "tags": ["party-fod-supplies", "cakes-swets"],
    "locations": {
      "vic": {
        "price": 3.5,
        "promoText": " ",
        "packageSize": "250g",
        "packagePrice": "$1.40 per 100G"
      }
    }
  },
  {
    "id": "coles-tiramisu",
    "brand": "Coles",
    "name": "Frozen Tiramisu",
    "imageUrl": "https://shop.coles.com.au/wcsstore/Coles-CAS/images/3/1/4/3145972-th.jpg",
    "categories": ["entertaining-at-home", "frozen"],
    "tags": ["party-fod-supplies", "cakes-swets"],
    "locations": {
      "vic": {
        "price": 5,
        "promoText": " ",
        "packageSize": "500g",
        "packagePrice": "$1.00 per 100G"
      }
    }
  },
  {
    "id": "coles-bakery-sponge-roll-jam",
    "brand": "Coles Bakery",
    "name": "Jam Sponge Roll",
    "imageUrl": "https://shop.coles.com.au/wcsstore/Coles-CAS/images/8/7/8/8782565-th.jpg",
    "categories": ["entertaining-at-home", "bread-bakery"],
    "tags": ["party-fod-supplies", "cakes-swets"],
    "locations": {
      "vic": {
        "price": 2.5,
        "promoText": " ",
        "packageSize": "400g",
        "packagePrice": "$0.63 per 100G"
      }
    }
  },
  {
    "id": "mr-kipling-angel-slice-2762237p",
    "brand": "Mr Kipling",
    "name": "Angel Slice 6 pack",
    "imageUrl": "https://shop.coles.com.au/wcsstore/Coles-CAS/images/2/7/6/2762237-th.jpg",
    "categories": ["entertaining-at-home", "bread-bakery"],
    "tags": ["party-fod-supplies", "cakes-swets"],
    "locations": {
      "vic": {
        "price": 4,
        "promoText": " ",
        "packageSize": "165g",
        "packagePrice": "$2.42 per 100G"
      }
    }
  },
  {
    "id": "coles-double-chocolate-muffins-4pk",
    "brand": "Coles",
    "name": "Double Chocolate Muffins 4 Pack",
    "imageUrl": "https://shop.coles.com.au/wcsstore/Coles-CAS/images/2/4/0/2409296-th.jpg",
    "categories": ["entertaining-at-home", "bread-bakery"],
    "tags": ["party-fod-supplies", "cakes-swets"],
    "locations": {
      "vic": {
        "price": 3.5,
        "promoText": " ",
        "packageSize": "480g",
        "packagePrice": "$0.73 per 100G"
      }
    }
  },
  {
    "id": "coles-bakery-cake-mud-white",
    "brand": "Coles",
    "name": "White Mud Cake",
    "imageUrl": "https://shop.coles.com.au/wcsstore/Coles-CAS/images/7/5/7/7570233-th.jpg",
    "categories": ["entertaining-at-home", "bread-bakery"],
    "tags": ["party-fod-supplies", "cakes-swets"],
    "locations": {
      "vic": {
        "price": 4.8,
        "promoText": " ",
        "packageSize": "600g",
        "packagePrice": "$0.80 per 100G"
      }
    }
  },
  {
    "id": "coles-bakery-sponge-roll-mini-jam",
    "brand": "Coles",
    "name": "Mini Jam Rolls",
    "imageUrl": "https://shop.coles.com.au/wcsstore/Coles-CAS/images/5/0/5/5057708-th.jpg",
    "categories": ["entertaining-at-home", "bread-bakery"],
    "tags": ["party-fod-supplies", "cakes-swets"],
    "locations": {
      "vic": {
        "price": 2.5,
        "promoText": " ",
        "packageSize": "6 pack",
        "packagePrice": "$0.42 per 1Ea"
      }
    }
  },
  {
    "id": "coles-slices-hedgehog",
    "brand": "Coles",
    "name": "Hedgehog Slice 5 pack",
    "imageUrl": "https://shop.coles.com.au/wcsstore/Coles-CAS/images/1/3/8/1387154-th.jpg",
    "categories": ["entertaining-at-home", "bread-bakery"],
    "tags": ["party-fod-supplies", "cakes-swets"],
    "locations": {
      "vic": {
        "price": 4,
        "promoText": " ",
        "packageSize": "175g",
        "packagePrice": "$2.29 per 100G"
      }
    }
  },
  {
    "id": "jon-jon-ginger-kisses-8-pack",
    "brand": "Jon-Jon",
    "name": "Ginger Kisses Cream Filled Sponge Cake 8 pack",
    "imageUrl": "https://shop.coles.com.au/wcsstore/Coles-CAS/images/2/6/0/2603798-th.jpg",
    "categories": ["entertaining-at-home", "bread-bakery"],
    "tags": ["party-fod-supplies", "cakes-swets"],
    "locations": {
      "vic": {
        "price": 3.7,
        "promoText": " ",
        "packageSize": "200g",
        "packagePrice": "$1.85 per 100G"
      }
    }
  },
  {
    "id": "mr-kipling-lemon-snack-pack",
    "brand": "Mr Kipling",
    "name": "Lemon Slices 6 Pack",
    "imageUrl": "https://shop.coles.com.au/wcsstore/Coles-CAS/images/1/6/4/1647164-th.jpg",
    "categories": ["entertaining-at-home", "bread-bakery"],
    "tags": ["party-fod-supplies", "cakes-swets"],
    "locations": {
      "vic": {
        "price": 4,
        "promoText": " ",
        "packageSize": "165g",
        "packagePrice": "$2.42 per 100G"
      }
    }
  },
  {
    "id": "coles-bakery-cake-mud",
    "brand": "Coles",
    "name": "Chocolate Mud Cake",
    "imageUrl": "https://shop.coles.com.au/wcsstore/Coles-CAS/images/7/5/2/7523211-th.jpg",
    "categories": ["entertaining-at-home", "bread-bakery"],
    "tags": ["party-fod-supplies", "cakes-swets"],
    "locations": {
      "vic": {
        "price": 4.8,
        "promoText": " ",
        "packageSize": "600g",
        "packagePrice": "$0.80 per 100G"
      }
    }
  },
  {
    "id": "coles-bakery-sponge-unfilled-rectangular",
    "brand": "Coles",
    "name": "Rectangular Double Sponge Unfilled Cake",
    "imageUrl": "https://shop.coles.com.au/wcsstore/Coles-CAS/images/7/5/7/7577731-th.jpg",
    "categories": ["entertaining-at-home", "bread-bakery"],
    "tags": ["party-fod-supplies", "cakes-swets"],
    "locations": {
      "vic": {
        "price": 5,
        "promoText": " ",
        "packageSize": "450g",
        "packagePrice": "$1.11 per 100G"
      }
    }
  },
  {
    "id": "coles-bakery-sponge-roll-mini-chocolate",
    "brand": "Coles",
    "name": "Chocolate Mini Rolls 6 pack",
    "imageUrl": "https://shop.coles.com.au/wcsstore/Coles-CAS/images/5/0/5/5057683-th.jpg",
    "categories": ["entertaining-at-home", "bread-bakery"],
    "tags": ["party-fod-supplies", "cakes-swets"],
    "locations": {
      "vic": {
        "price": 2.5,
        "promoText": " ",
        "packageSize": "250g",
        "packagePrice": "$1.00 per 100G"
      }
    }
  },
  {
    "id": "coles-smart-buy-cake-fruit-light",
    "brand": "Coles",
    "name": "Lightly Fruited Sultana Cake",
    "imageUrl": "https://shop.coles.com.au/wcsstore/Coles-CAS/images/4/9/9/4991100-th.jpg",
    "categories": ["entertaining-at-home", "bread-bakery"],
    "tags": ["party-fod-supplies", "cakes-swets"],
    "locations": {
      "vic": {
        "price": 3.3,
        "promoText": " ",
        "packageSize": "800g",
        "packagePrice": "$0.41 per 100G"
      }
    }
  },
  {
    "id": "coles-pavlova",
    "brand": "Coles",
    "name": "Pavlova",
    "imageUrl": "https://shop.coles.com.au/wcsstore/Coles-CAS/images/1/5/3/1534306-th.jpg",
    "categories": ["entertaining-at-home", "bread-bakery"],
    "tags": ["party-fod-supplies", "cakes-swets"],
    "locations": {
      "vic": {
        "price": 8,
        "promoText": " ",
        "packageSize": "500g",
        "packagePrice": "$1.60 per 100G"
      }
    }
  },
  {
    "id": "nestle-chocolate-bar-medium-peppermint-crisp",
    "brand": "Nestle",
    "name": "Peppermint Crisp Chocolate Bar",
    "imageUrl": "https://shop.coles.com.au/wcsstore/Coles-CAS/images/1/4/2/142424-th.jpg",
    "categories": ["entertaining-at-home", "bread-bakery"],
    "tags": ["party-fod-supplies", "cakes-swets"],
    "locations": {
      "vic": {
        "price": 2,
        "promoText": " ",
        "packageSize": "35g",
        "packagePrice": "$5.71 per 100G"
      }
    }
  },
  {
    "id": "coles-lemon-drizzle",
    "brand": "Coles",
    "name": "Lemon Cake",
    "imageUrl": "https://shop.coles.com.au/wcsstore/Coles-CAS/images/3/4/7/3472899-th.jpg",
    "categories": ["entertaining-at-home", "bread-bakery"],
    "tags": ["party-fod-supplies", "cakes-swets"],
    "locations": {
      "vic": {
        "price": 4,
        "promoText": " ",
        "packageSize": "300g",
        "packagePrice": "$1.33 per 100G"
      }
    }
  },
  {
    "id": "four-n-twenty-pie-meat-traditional-frozen-4-pack",
    "brand": "Four'N Twenty",
    "name": "Frozen Classic Meat Pies 4 Pack",
    "imageUrl": "https://shop.coles.com.au/wcsstore/Coles-CAS/images/5/1/1/5112318-th.jpg",
    "categories": ["entertaining-at-home", "frozen"],
    "tags": ["party-fod-supplies", "pastries-for-entertaining"],
    "locations": {
      "vic": {
        "price": 6.5,
        "promoText": " ",
        "packageSize": "700g",
        "packagePrice": "$0.93 per 100G"
      }
    }
  },
  {
    "id": "patties-party-pack-frozen",
    "brand": "Patties",
    "name": "Frozen Party Pack 30 Pieces",
    "imageUrl": "https://shop.coles.com.au/wcsstore/Coles-CAS/images/6/0/7/6079240-th.jpg",
    "categories": ["entertaining-at-home", "frozen"],
    "tags": ["party-fod-supplies", "pastries-for-entertaining"],
    "locations": {
      "vic": {
        "price": 12,
        "promoText": "$3.50 ",
        "packageSize": "1.25kg",
        "packagePrice": "$0.96 per 100G"
      }
    }
  },
  {
    "id": "patties-pies-party-frozen-5237153p",
    "brand": "Patties",
    "name": "Frozen Party Classic Beef Pies 12 pack",
    "imageUrl": "https://shop.coles.com.au/wcsstore/Coles-CAS/images/5/2/3/5237153-th.jpg",
    "categories": ["entertaining-at-home", "frozen"],
    "tags": ["party-fod-supplies", "pastries-for-entertaining"],
    "locations": {
      "vic": {
        "price": 8.5,
        "promoText": " ",
        "packageSize": "560g",
        "packagePrice": "$1.52 per 100G"
      }
    }
  },
  {
    "id": "four-n-twenty-pies-angus-beef-frozen",
    "brand": "Four'N Twenty",
    "name": "Frozen Angus Aussie Beef Pies 4 pack",
    "imageUrl": "https://shop.coles.com.au/wcsstore/Coles-CAS/images/7/7/8/7785375-th.jpg",
    "categories": ["entertaining-at-home", "frozen"],
    "tags": ["party-fod-supplies", "pastries-for-entertaining"],
    "locations": {
      "vic": {
        "price": 10,
        "promoText": " ",
        "packageSize": "760g",
        "packagePrice": "$1.32 per 100G"
      }
    }
  },
  {
    "id": "herbert-adams-gourmet-king-island-beef-party-pies",
    "brand": "Herbert Adams",
    "name": "Frozen Gourmet King Island Beef Party Pies 12 pack",
    "imageUrl": "https://shop.coles.com.au/wcsstore/Coles-CAS/images/8/6/9/8693170-th.jpg",
    "categories": ["entertaining-at-home", "frozen"],
    "tags": ["party-fod-supplies", "pastries-for-entertaining"],
    "locations": {
      "vic": {
        "price": 8.7,
        "promoText": " ",
        "packageSize": "420g",
        "packagePrice": "$2.07 per 100G"
      }
    }
  },
  {
    "id": "herbert-adams-frozen-slow-cooked-chunky-beef-pies",
    "brand": "Herbert Adams",
    "name": "Frozen Gourmet Chunky Sous Vide Beef In Rich Gravy Pies 2 pack",
    "imageUrl": "https://shop.coles.com.au/wcsstore/Coles-CAS/images/1/8/8/1888320-th.jpg",
    "categories": ["entertaining-at-home", "frozen"],
    "tags": ["party-fod-supplies", "pastries-for-entertaining"],
    "locations": {
      "vic": {
        "price": 7.8,
        "promoText": " ",
        "packageSize": "400g",
        "packagePrice": "$1.95 per 100G"
      }
    }
  },
  {
    "id": "balfours-pies-traditional-frozen",
    "brand": "Balfours",
    "name": "Frozen Traditional Square Meat Pies 4 pack",
    "imageUrl": "https://shop.coles.com.au/wcsstore/Coles-CAS/images/6/0/7/6070086-th.jpg",
    "categories": ["entertaining-at-home", "frozen"],
    "tags": ["party-fod-supplies", "pastries-for-entertaining"],
    "locations": {
      "vic": {
        "price": 5.6,
        "promoText": "$2.40 ",
        "packageSize": "680g",
        "packagePrice": "$0.82 per 100G"
      }
    }
  },
  {
    "id": "balfours-pies-party-frozen",
    "brand": "Balfours",
    "name": "Frozen Party Pies 12 pack",
    "imageUrl": "https://shop.coles.com.au/wcsstore/Coles-CAS/images/9/5/5/9550521-th.jpg",
    "categories": ["entertaining-at-home", "frozen"],
    "tags": ["party-fod-supplies", "pastries-for-entertaining"],
    "locations": {
      "vic": {
        "price": 5.6,
        "promoText": "$2.40 ",
        "packageSize": "600g",
        "packagePrice": "$0.93 per 100G"
      }
    }
  },
  {
    "id": "borgs-fetta-triangles-frozen",
    "brand": "Borg's",
    "name": "Frozen Triangles Fetta Cheese Appetisers",
    "imageUrl": "https://shop.coles.com.au/wcsstore/Coles-CAS/images/9/3/1/9319715-th.jpg",
    "categories": ["entertaining-at-home", "frozen"],
    "tags": ["party-fod-supplies", "pastries-for-entertaining"],
    "locations": {
      "vic": {
        "price": 3,
        "promoText": " ",
        "packageSize": "360g",
        "packagePrice": "$0.83 per 100G"
      }
    }
  },
  {
    "id": "borgs-pastizzi-spinach-frozen",
    "brand": "Borg's",
    "name": "Frozen Spinach & Ricotta Cheese Pastries",
    "imageUrl": "https://shop.coles.com.au/wcsstore/Coles-CAS/images/6/9/5/6956450-th.jpg",
    "categories": ["entertaining-at-home", "frozen"],
    "tags": ["party-fod-supplies", "pastries-for-entertaining"],
    "locations": {
      "vic": {
        "price": 8.75,
        "promoText": " ",
        "packageSize": "1kg",
        "packagePrice": "$0.88 per 100G"
      }
    }
  },
  {
    "id": "mrs-macs-frozen-sausage-roll",
    "brand": "Mrs Mac's",
    "name": "Frozen Microwave Giant Sausage Roll",
    "imageUrl": "https://shop.coles.com.au/wcsstore/Coles-CAS/images/5/0/3/5039976-th.jpg",
    "categories": ["entertaining-at-home", "frozen"],
    "tags": ["party-fod-supplies", "pastries-for-entertaining"],
    "locations": {
      "vic": {
        "price": 2.5,
        "promoText": " ",
        "packageSize": "175g",
        "packagePrice": "$1.43 per 100G"
      }
    }
  },
  {
    "id": "herbert-adams-rolls-cheese-spinach-frozen",
    "brand": "Herbert Adams",
    "name": "Frozen Cheese & Spinach Rolls 2 pack",
    "imageUrl": "https://shop.coles.com.au/wcsstore/Coles-CAS/images/8/9/6/8963581-th.jpg",
    "categories": ["entertaining-at-home", "frozen"],
    "tags": ["party-fod-supplies", "pastries-for-entertaining"],
    "locations": {
      "vic": {
        "price": 5.4,
        "promoText": " ",
        "packageSize": "440g",
        "packagePrice": "$1.23 per 100G"
      }
    }
  },
  {
    "id": "four-n-twenty-sausage-rolls-jumbo-frozen",
    "brand": "Four'N Twenty",
    "name": "Frozen Jumbo Sausage Rolls 6 Pieces",
    "imageUrl": "https://shop.coles.com.au/wcsstore/Coles-CAS/images/5/5/2/5522488-th.jpg",
    "categories": ["entertaining-at-home", "frozen"],
    "tags": ["party-fod-supplies", "pastries-for-entertaining"],
    "locations": {
      "vic": {
        "price": 7,
        "promoText": " ",
        "packageSize": "700g",
        "packagePrice": "$1.00 per 100G"
      }
    }
  },
  {
    "id": "herbert-adams-pies-chicken-leek-frozen",
    "brand": "Herbert Adams",
    "name": "Frozen Chicken & Leek Pie 2 pack",
    "imageUrl": "https://shop.coles.com.au/wcsstore/Coles-CAS/images/7/1/4/7144734-th.jpg",
    "categories": ["entertaining-at-home", "frozen"],
    "tags": ["party-fod-supplies", "pastries-for-entertaining"],
    "locations": {
      "vic": {
        "price": 7.8,
        "promoText": " ",
        "packageSize": "420g",
        "packagePrice": "$1.86 per 100G"
      }
    }
  },
  {
    "id": "patties-sausage-rolls-party-frozen",
    "brand": "Patties",
    "name": "Frozen Party Sausage Rolls 12 pack",
    "imageUrl": "https://shop.coles.com.au/wcsstore/Coles-CAS/images/6/8/6/6868080-th.jpg",
    "categories": ["entertaining-at-home", "frozen"],
    "tags": ["party-fod-supplies", "pastries-for-entertaining"],
    "locations": {
      "vic": {
        "price": 8.5,
        "promoText": " ",
        "packageSize": "450g",
        "packagePrice": "$1.89 per 100G"
      }
    }
  },
  {
    "id": "sargents-party-pack-frozen",
    "brand": "Sargents",
    "name": "Frozen 18 Party Pies and 18 Sausage Rolls",
    "imageUrl": "https://shop.coles.com.au/wcsstore/Coles-CAS/images/9/5/7/9572058-th.jpg",
    "categories": ["entertaining-at-home", "frozen"],
    "tags": ["party-fod-supplies", "pastries-for-entertaining"],
    "locations": {
      "vic": {
        "price": 10.5,
        "promoText": "$3.00 ",
        "packageSize": "1.2kg",
        "packagePrice": "$0.88 per 100G"
      }
    }
  },
  {
    "id": "coles-smart-buy-pie-party-frozen",
    "brand": "Coles",
    "name": "Frozen Party Pies 24 Pack",
    "imageUrl": "https://shop.coles.com.au/wcsstore/Coles-CAS/images/5/6/1/5613641-th.jpg",
    "categories": ["entertaining-at-home", "frozen"],
    "tags": ["party-fod-supplies", "pastries-for-entertaining"],
    "locations": {
      "vic": {
        "price": 6.2,
        "promoText": " ",
        "packageSize": "1.1kg",
        "packagePrice": "$5.64 per 1Kg"
      }
    }
  },
  {
    "id": "coles-pie-beef-steak-party-12-pack-frozen",
    "brand": "Coles",
    "name": "Frozen Beef Party Pies 12 pack",
    "imageUrl": "https://shop.coles.com.au/wcsstore/Coles-CAS/images/9/3/5/9351525-th.jpg",
    "categories": ["entertaining-at-home", "frozen"],
    "tags": ["party-fod-supplies", "pastries-for-entertaining"],
    "locations": {
      "vic": {
        "price": 4.9,
        "promoText": " ",
        "packageSize": "550g",
        "packagePrice": "$0.89 per 100G"
      }
    }
  },
  {
    "id": "coles-mozzarella-dippers-with-sauce",
    "brand": "Coles",
    "name": "Mozzarella Dippers and Sauce 10 Pack",
    "imageUrl": "https://shop.coles.com.au/wcsstore/Coles-CAS/images/2/4/8/2481930-th.jpg",
    "categories": ["entertaining-at-home", "frozen"],
    "tags": ["party-fod-supplies", "pastries-for-entertaining"],
    "locations": {
      "vic": {
        "price": 5,
        "promoText": " ",
        "packageSize": "330g",
        "packagePrice": "$1.52 per 100G"
      }
    }
  },
  {
    "id": "coles-spinach-feta-ricotta-roll",
    "brand": "Coles",
    "name": "Frozen Spinach Ricotta & Fetta Rolls 10 Pack",
    "imageUrl": "https://shop.coles.com.au/wcsstore/Coles-CAS/images/3/1/6/3169960-th.jpg",
    "categories": ["entertaining-at-home", "frozen"],
    "tags": ["party-fod-supplies", "pastries-for-entertaining"],
    "locations": {
      "vic": {
        "price": 5,
        "promoText": " ",
        "packageSize": "450g",
        "packagePrice": "$1.11 per 100G"
      }
    }
  },
  {
    "id": "herbert-adams-slow-cooked-chunky-beef-pepper-pies",
    "brand": "Herbert Adams",
    "name": "Frozen Gourmet Chunky Sous Vide Beef & Peppercorn Pies 2 pack",
    "imageUrl": "https://shop.coles.com.au/wcsstore/Coles-CAS/images/2/9/0/2900669-th.jpg",
    "categories": ["entertaining-at-home", "frozen"],
    "tags": ["party-fod-supplies", "pastries-for-entertaining"],
    "locations": {
      "vic": {
        "price": 7.8,
        "promoText": " ",
        "packageSize": "400g",
        "packagePrice": "$1.95 per 100G"
      }
    }
  },
  {
    "id": "herbert-adams--king-island-frozen-beef-sausage-rolls",
    "brand": "Herbert Adams",
    "name": "Frozen King Island Frozen Beef Sausage Rolls 12 pack",
    "imageUrl": "https://shop.coles.com.au/wcsstore/Coles-CAS/images/2/9/0/2900636-th.jpg",
    "categories": ["entertaining-at-home", "frozen"],
    "tags": ["party-fod-supplies", "pastries-for-entertaining"],
    "locations": {
      "vic": {
        "price": 8.7,
        "promoText": " ",
        "packageSize": "420g",
        "packagePrice": "$2.07 per 100G"
      }
    }
  },
  {
    "id": "mrs-macs-frozen-beef-pie",
    "brand": "Mrs Mac's",
    "name": "Frozen Microwave Beef Pie",
    "imageUrl": "https://shop.coles.com.au/wcsstore/Coles-CAS/images/5/0/4/5040013-th.jpg",
    "categories": ["entertaining-at-home", "frozen"],
    "tags": ["party-fod-supplies", "pastries-for-entertaining"],
    "locations": {
      "vic": {
        "price": 2.5,
        "promoText": " ",
        "packageSize": "200g",
        "packagePrice": "$1.25 per 100G"
      }
    }
  },
  {
    "id": "coles-pie-beef-4-pack-frozen",
    "brand": "Coles",
    "name": "Frozen Beef Pies 4 pack",
    "imageUrl": "https://shop.coles.com.au/wcsstore/Coles-CAS/images/5/1/8/5181729-th.jpg",
    "categories": ["entertaining-at-home", "frozen"],
    "tags": ["party-fod-supplies", "pastries-for-entertaining"],
    "locations": {
      "vic": {
        "price": 4.35,
        "promoText": " ",
        "packageSize": "700g",
        "packagePrice": "$0.62 per 100G"
      }
    }
  },
  {
    "id": "coles-corn-fritters-10-pack",
    "brand": "Coles",
    "name": "Frozen Mini Corn Fritters 10 Pack",
    "imageUrl": "https://shop.coles.com.au/wcsstore/Coles-CAS/images/3/0/5/3051154-th.jpg",
    "categories": ["entertaining-at-home", "frozen"],
    "tags": ["party-fod-supplies", "pastries-for-entertaining"],
    "locations": {
      "vic": {
        "price": 5,
        "promoText": " ",
        "packageSize": "300g",
        "packagePrice": "$1.67 per 100G"
      }
    }
  },
  {
    "id": "herbert-adams-pie-gourmet-beef-king-island-frozen",
    "brand": "Herbert Adams",
    "name": "Frozen Gourmet King Island Beef In Rich Gravy Pie  2 pack",
    "imageUrl": "https://shop.coles.com.au/wcsstore/Coles-CAS/images/5/0/4/5043485-th.jpg",
    "categories": ["entertaining-at-home", "frozen"],
    "tags": ["party-fod-supplies", "pastries-for-entertaining"],
    "locations": {
      "vic": {
        "price": 7.8,
        "promoText": " ",
        "packageSize": "420g",
        "packagePrice": "$1.86 per 100G"
      }
    }
  },
  {
    "id": "herbert-adams-frozen-slow-cooked-chunky-beef-mushroom-pies",
    "brand": "Herbert Adams",
    "name": "Frozen Gourmet Chunky Sous Vide Beef & Button Mushroom Pies 2 pack",
    "imageUrl": "https://shop.coles.com.au/wcsstore/Coles-CAS/images/1/8/8/1888310-th.jpg",
    "categories": ["entertaining-at-home", "frozen"],
    "tags": ["party-fod-supplies", "pastries-for-entertaining"],
    "locations": {
      "vic": {
        "price": 7.8,
        "promoText": " ",
        "packageSize": "400g",
        "packagePrice": "$1.95 per 100G"
      }
    }
  },
  {
    "id": "patties-chickpea-spinach-caramelised-onion-rolls",
    "brand": "Patties",
    "name": "Frozen Chickpea Spinach & Caramelised Onion Rolls 12 Pack",
    "imageUrl": "https://shop.coles.com.au/wcsstore/Coles-CAS/images/3/4/7/3473122-th.jpg",
    "categories": ["entertaining-at-home", "frozen"],
    "tags": ["party-fod-supplies", "pastries-for-entertaining"],
    "locations": {
      "vic": {
        "price": 8.5,
        "promoText": " ",
        "packageSize": "450g",
        "packagePrice": "$1.89 per 100G"
      }
    }
  },
  {
    "id": "temptation-quiche-petite-variety-pack-frozen",
    "brand": "Temptation",
    "name": "Frozen Petite Quiches Variety 30 Pack",
    "imageUrl": "https://shop.coles.com.au/wcsstore/Coles-CAS/images/7/9/8/7984611-th.jpg",
    "categories": ["entertaining-at-home", "frozen"],
    "tags": ["party-fod-supplies", "pastries-for-entertaining"],
    "locations": {
      "vic": {
        "price": 8,
        "promoText": "$2.00 ",
        "packageSize": "500g",
        "packagePrice": "$1.60 per 100G"
      }
    }
  },
  {
    "id": "coles-sausage-rolls-party-12-pack-frozen",
    "brand": "Coles",
    "name": "Frozen Party Sausage Rolls 12 pack",
    "imageUrl": "https://shop.coles.com.au/wcsstore/Coles-CAS/images/5/0/7/5079030-th.jpg",
    "categories": ["entertaining-at-home", "frozen"],
    "tags": ["party-fod-supplies", "pastries-for-entertaining"],
    "locations": {
      "vic": {
        "price": 4.9,
        "promoText": " ",
        "packageSize": "500g",
        "packagePrice": "$0.98 per 100G"
      }
    }
  },
  {
    "id": "coles-smart-buy-pie-meat-frozen",
    "brand": "Coles",
    "name": "Frozen Meat Pies 6 Pack",
    "imageUrl": "https://shop.coles.com.au/wcsstore/Coles-CAS/images/7/9/3/79394-th.jpg",
    "categories": ["entertaining-at-home", "frozen"],
    "tags": ["party-fod-supplies", "pastries-for-entertaining"],
    "locations": {
      "vic": {
        "price": 4,
        "promoText": " ",
        "packageSize": "900g",
        "packagePrice": "$0.44 per 100G"
      }
    }
  },
  {
    "id": "coles-chicken-vegetable-pie-4-pack-frozen",
    "brand": "Coles",
    "name": "Frozen Chicken & Vegetable Pie 4 pack",
    "imageUrl": "https://shop.coles.com.au/wcsstore/Coles-CAS/images/1/5/1/1517839-th.jpg",
    "categories": ["entertaining-at-home", "frozen"],
    "tags": ["party-fod-supplies", "pastries-for-entertaining"],
    "locations": {
      "vic": {
        "price": 3.5,
        "promoText": " ",
        "packageSize": "700g",
        "packagePrice": "$0.50 per 100G"
      }
    }
  },
  {
    "id": "coles-vegetable-samosas-10-pack",
    "brand": "Coles",
    "name": "Frozen Vegetable Samosas 10 Pack",
    "imageUrl": "https://shop.coles.com.au/wcsstore/Coles-CAS/images/2/4/8/2482081-th.jpg",
    "categories": ["entertaining-at-home", "frozen"],
    "tags": ["party-fod-supplies", "pastries-for-entertaining"],
    "locations": {
      "vic": {
        "price": 5,
        "promoText": " ",
        "packageSize": "300g",
        "packagePrice": "$1.67 per 100G"
      }
    }
  },
  {
    "id": "coles-frozen-party-pack-30-pack",
    "brand": "Coles",
    "name": "Pies & Sausage Rolls 30 Pack",
    "imageUrl": "https://shop.coles.com.au/wcsstore/Coles-CAS/images/2/7/3/2733104-th.jpg",
    "categories": ["entertaining-at-home", "frozen"],
    "tags": ["party-fod-supplies", "pastries-for-entertaining"],
    "locations": {
      "vic": {
        "price": 9.8,
        "promoText": " ",
        "packageSize": "1.25kg",
        "packagePrice": "$7.84 per 1Kg"
      }
    }
  },
  {
    "id": "coles-party-sausage-roll-beef-onion",
    "brand": "Coles",
    "name": "Beef & Onion Party Sausage Rolls 12 pack",
    "imageUrl": "https://shop.coles.com.au/wcsstore/Coles-CAS/images/3/1/6/3169959-th.jpg",
    "categories": ["entertaining-at-home", "frozen"],
    "tags": ["party-fod-supplies", "pastries-for-entertaining"],
    "locations": {
      "vic": {
        "price": 5,
        "promoText": " ",
        "packageSize": "450g",
        "packagePrice": "$1.11 per 100G"
      }
    }
  },
  {
    "id": "mini-chicken-kiev-mini-chicken-kiev",
    "brand": "Coles",
    "name": "Frozen Mini Chicken Kiev Balls 8 Pack",
    "imageUrl": "https://shop.coles.com.au/wcsstore/Coles-CAS/images/3/3/1/3311029-th.jpg",
    "categories": ["entertaining-at-home", "frozen"],
    "tags": ["party-fod-supplies", "pastries-for-entertaining"],
    "locations": {
      "vic": {
        "price": 5,
        "promoText": " ",
        "packageSize": "320g",
        "packagePrice": "$1.56 per 100G"
      }
    }
  },
  {
    "id": "coles-premium-party-pack",
    "brand": "Coles",
    "name": "Chunky Beef Party Pies And Beef & Onion Sausage Rolls 18 Pack",
    "imageUrl": "https://shop.coles.com.au/wcsstore/Coles-CAS/images/3/4/7/3473246-th.jpg",
    "categories": ["entertaining-at-home", "frozen"],
    "tags": ["party-fod-supplies", "pastries-for-entertaining"],
    "locations": {
      "vic": {
        "price": 10,
        "promoText": " ",
        "packageSize": "765g",
        "packagePrice": "$1.31 per 100G"
      }
    }
  },
  {
    "id": "four-n-twenty-pies-angus-beef-pepper-frozen",
    "brand": "Four'N Twenty",
    "name": "Frozen Angus Beef & Pepper Pies 4 pack",
    "imageUrl": "https://shop.coles.com.au/wcsstore/Coles-CAS/images/7/7/8/7785386-th.jpg",
    "categories": ["entertaining-at-home", "frozen"],
    "tags": ["party-fod-supplies", "pastries-for-entertaining"],
    "locations": {
      "vic": {
        "price": 10,
        "promoText": " ",
        "packageSize": "760g",
        "packagePrice": "$1.32 per 100G"
      }
    }
  },
  {
    "id": "four-n-twenty-pie-meat-beef-cheese-frozen-4-pack",
    "brand": "Four'N Twenty",
    "name": "Frozen Beef & Cheese Pies 4 pack",
    "imageUrl": "https://shop.coles.com.au/wcsstore/Coles-CAS/images/4/5/4/4541272-th.jpg",
    "categories": ["entertaining-at-home", "frozen"],
    "tags": ["party-fod-supplies", "pastries-for-entertaining"],
    "locations": {
      "vic": {
        "price": 6.5,
        "promoText": " ",
        "packageSize": "700g",
        "packagePrice": "$0.93 per 100G"
      }
    }
  },
  {
    "id": "four-n-twenty-beef-golden-ale-pies",
    "brand": "Four'N Twenty",
    "name": "Frozen Angus Craft Beer & Classic Beef Pies With Golden Ale 4 Pack",
    "imageUrl": "https://shop.coles.com.au/wcsstore/Coles-CAS/images/3/0/5/3050617-th.jpg",
    "categories": ["entertaining-at-home", "frozen"],
    "tags": ["party-fod-supplies", "pastries-for-entertaining"],
    "locations": {
      "vic": {
        "price": 10,
        "promoText": " ",
        "packageSize": "700g",
        "packagePrice": "$1.43 per 100G"
      }
    }
  },
  {
    "id": "marathon-hot-dogs-puffy-cocktail-frozen-20-pack",
    "brand": "Marathon",
    "name": "Frozen Puffy Dogs 20 pack",
    "imageUrl": "https://shop.coles.com.au/wcsstore/Coles-CAS/images/9/6/6/9666800-th.jpg",
    "categories": ["entertaining-at-home", "frozen"],
    "tags": ["party-fod-supplies", "pastries-for-entertaining"],
    "locations": {
      "vic": {
        "price": 7.9,
        "promoText": " ",
        "packageSize": "600g",
        "packagePrice": "$1.32 per 100G"
      }
    }
  },
  {
    "id": "mrs-macs-frozen-pastie",
    "brand": "Mrs Mac's",
    "name": "Frozen Microwave Traditional Beef Pastie",
    "imageUrl": "https://shop.coles.com.au/wcsstore/Coles-CAS/images/5/0/3/5039954-th.jpg",
    "categories": ["entertaining-at-home", "frozen"],
    "tags": ["party-fod-supplies", "pastries-for-entertaining"],
    "locations": {
      "vic": {
        "price": 2.5,
        "promoText": " ",
        "packageSize": "165g",
        "packagePrice": "$1.52 per 100G"
      }
    }
  },
  {
    "id": "patties-pies-party-sausage-rolls-combo-frozen",
    "brand": "Patties",
    "name": "Frozen Mini Combo Party Pies & Sausage Rolls 40 pack",
    "imageUrl": "https://shop.coles.com.au/wcsstore/Coles-CAS/images/8/9/4/8949591-th.jpg",
    "categories": ["entertaining-at-home", "frozen"],
    "tags": ["party-fod-supplies", "pastries-for-entertaining"],
    "locations": {
      "vic": {
        "price": 12,
        "promoText": "$3.50 ",
        "packageSize": "1kg",
        "packagePrice": "$1.20 per 100G"
      }
    }
  },
  {
    "id": "coles-pastry-puff-ready-rolled-6-sheets-frozen",
    "brand": "Coles",
    "name": "Frozen Puff Pastry Ready Rolled 6 pack",
    "imageUrl": "https://shop.coles.com.au/wcsstore/Coles-CAS/images/4/5/0/450550-th.jpg",
    "categories": ["entertaining-at-home", "frozen"],
    "tags": ["party-fod-supplies", "pastries-for-entertaining"],
    "locations": {
      "vic": {
        "price": 0,
        "promoText": " ",
        "packageSize": "1kg",
        "packagePrice": ""
      }
    }
  },
  {
    "id": "coles-camembert-wedges",
    "brand": "Coles",
    "name": "Camembert Wedges",
    "imageUrl": "https://shop.coles.com.au/wcsstore/Coles-CAS/images/3/2/9/3293685-th.jpg",
    "categories": ["entertaining-at-home", "frozen"],
    "tags": ["party-fod-supplies", "pastries-for-entertaining"],
    "locations": {
      "vic": {
        "price": 5,
        "promoText": " ",
        "packageSize": "176g",
        "packagePrice": "$2.84 per 100G"
      }
    }
  },
  {
    "id": "four-n-twenty-traveller-classic-beef-pie",
    "brand": "Four N Twenty",
    "name": "Traveller Microwavable Classic Beef Pie",
    "imageUrl": "https://shop.coles.com.au/wcsstore/Coles-CAS/images/3/5/4/3542553-th.jpg",
    "categories": ["entertaining-at-home", "frozen"],
    "tags": ["party-fod-supplies", "pastries-for-entertaining"],
    "locations": {
      "vic": {
        "price": 3.2,
        "promoText": " ",
        "packageSize": "160g",
        "packagePrice": "$2.00 per 100G"
      }
    }
  },
  {
    "id": "sargents-premium-frozen-vegetable-pies-2-pack",
    "brand": "Sargents",
    "name": "Frozen Vegetable Pies 2 pack",
    "imageUrl": "https://shop.coles.com.au/wcsstore/Coles-CAS/images/1/9/0/1905372-th.jpg",
    "categories": ["entertaining-at-home", "frozen"],
    "tags": ["party-fod-supplies", "pastries-for-entertaining"],
    "locations": {
      "vic": {
        "price": 4.5,
        "promoText": "$1.40 ",
        "packageSize": "420g",
        "packagePrice": "$1.07 per 100G"
      }
    }
  },
  {
    "id": "hong-kong-dim-sim-kitchen-pork-chive-dumpling",
    "brand": "Hong Kong Dim Sim Kitchen",
    "name": "Frozen Pork & Chive Dumplings 10 Pieces",
    "imageUrl": "https://shop.coles.com.au/wcsstore/Coles-CAS/images/2/3/5/2356724-th.jpg",
    "categories": ["entertaining-at-home", "frozen"],
    "tags": ["party-fod-supplies", "spring-rolls-dumplings"],
    "locations": {
      "vic": {
        "price": 5,
        "promoText": "Any 2 $7",
        "packageSize": "200g",
        "packagePrice": "$2.50 per 100G"
      }
    }
  },
  {
    "id": "chans-yum-cha-at-home-prawn-hargow",
    "brand": "Mr Chen's",
    "name": "Frozen Prawn Hargow Dumplings 12 pack",
    "imageUrl": "https://shop.coles.com.au/wcsstore/Coles-CAS/images/9/5/1/9513445-th.jpg",
    "categories": ["entertaining-at-home", "frozen"],
    "tags": ["party-fod-supplies", "spring-rolls-dumplings"],
    "locations": {
      "vic": {
        "price": 7.5,
        "promoText": " ",
        "packageSize": "300g",
        "packagePrice": "$2.50 per 100G"
      }
    }
  },
  {
    "id": "chans-yum-cha-at-home-ginger-prawn-dumpling",
    "brand": "Mr Chen's",
    "name": "Frozen Ginger Prawn Dumpling 8 pack",
    "imageUrl": "https://shop.coles.com.au/wcsstore/Coles-CAS/images/2/5/0/2508550-th.jpg",
    "categories": ["entertaining-at-home", "frozen"],
    "tags": ["party-fod-supplies", "spring-rolls-dumplings"],
    "locations": {
      "vic": {
        "price": 7.5,
        "promoText": " ",
        "packageSize": "240g",
        "packagePrice": "$3.13 per 100G"
      }
    }
  },
  {
    "id": "pacific-west-spring-rolls-cocktail-mega-value-pack-frozen",
    "brand": "Pacific West",
    "name": "Frozen Cocktail Spring Rolls 68 pack",
    "imageUrl": "https://shop.coles.com.au/wcsstore/Coles-CAS/images/4/6/7/4675530-th.jpg",
    "categories": ["entertaining-at-home", "frozen"],
    "tags": ["party-fod-supplies", "spring-rolls-dumplings"],
    "locations": {
      "vic": {
        "price": 11.5,
        "promoText": " ",
        "packageSize": "1kg",
        "packagePrice": "$11.50 per 1KG"
      }
    }
  },
  {
    "id": "mr-chens-family-dumpling-pack",
    "brand": "Mr.Chen's",
    "name": "Frozen Family Dumpling Pack 20 Pieces",
    "imageUrl": "https://shop.coles.com.au/wcsstore/Coles-CAS/images/3/0/5/3051132-th.jpg",
    "categories": ["entertaining-at-home", "frozen"],
    "tags": ["party-fod-supplies", "spring-rolls-dumplings"],
    "locations": {
      "vic": {
        "price": 17,
        "promoText": " ",
        "packageSize": "625g",
        "packagePrice": "$2.72 per 100G"
      }
    }
  },
  {
    "id": "marathon-spring-rolls-frozen",
    "brand": "Marathon",
    "name": "Frozen Spring Rolls 4 pack",
    "imageUrl": "https://shop.coles.com.au/wcsstore/Coles-CAS/images/3/1/1/311973-th.jpg",
    "categories": ["entertaining-at-home", "frozen"],
    "tags": ["party-fod-supplies", "spring-rolls-dumplings"],
    "locations": {
      "vic": {
        "price": 6.5,
        "promoText": " ",
        "packageSize": "640g",
        "packagePrice": "$1.02 per 100G"
      }
    }
  },
  {
    "id": "golden-wok-vegetable-dumpling",
    "brand": "Golden Wok",
    "name": "Frozen Diana Chan's Vegetable Dumplings",
    "imageUrl": "https://shop.coles.com.au/wcsstore/Coles-CAS/images/3/3/1/3311517-th.jpg",
    "categories": ["entertaining-at-home", "frozen"],
    "tags": ["party-fod-supplies", "spring-rolls-dumplings"],
    "locations": {
      "vic": {
        "price": 7.5,
        "promoText": " ",
        "packageSize": "230g",
        "packagePrice": "$3.26 per 100G"
      }
    }
  },
  {
    "id": "kailis-bros-prawn-hargow",
    "brand": "KB",
    "name": "Frozen Prawn Hargow",
    "imageUrl": "https://shop.coles.com.au/wcsstore/Coles-CAS/images/3/0/5/3051074-th.jpg",
    "categories": ["entertaining-at-home", "frozen"],
    "tags": ["party-fod-supplies", "spring-rolls-dumplings"],
    "locations": {
      "vic": {
        "price": 13.6,
        "promoText": "$3.40 ",
        "packageSize": "750g",
        "packagePrice": "$1.81 per 100G"
      }
    }
  },
  {
    "id": "coles-vegetable-cocktail-frozen-spring-rolls-60-pack",
    "brand": "Coles",
    "name": "Frozen Vegetable Spring Rolls 60 pack",
    "imageUrl": "https://shop.coles.com.au/wcsstore/Coles-CAS/images/2/4/8/2481952-th.jpg",
    "categories": ["entertaining-at-home", "frozen"],
    "tags": ["party-fod-supplies", "spring-rolls-dumplings"],
    "locations": {
      "vic": {
        "price": 5.8,
        "promoText": " ",
        "packageSize": "1kg",
        "packagePrice": "$0.58 per 100G"
      }
    }
  },
  {
    "id": "coles--cocktail-beef-spring-rolls",
    "brand": "Coles",
    "name": "Frozen Beef Cocktail Spring Rolls 12 pack",
    "imageUrl": "https://shop.coles.com.au/wcsstore/Coles-CAS/images/2/7/9/2796625-th.jpg",
    "categories": ["entertaining-at-home", "frozen"],
    "tags": ["party-fod-supplies", "spring-rolls-dumplings"],
    "locations": {
      "vic": {
        "price": 2.15,
        "promoText": " ",
        "packageSize": "240g",
        "packagePrice": "$0.90 per 100G"
      }
    }
  },
  {
    "id": "golden-wok-korean-beef-dumpling",
    "brand": "Golden Wok",
    "name": "Frozen Diana Chan's Korean Beef Dumplings",
    "imageUrl": "https://shop.coles.com.au/wcsstore/Coles-CAS/images/3/3/1/3311506-th.jpg",
    "categories": ["entertaining-at-home", "frozen"],
    "tags": ["party-fod-supplies", "spring-rolls-dumplings"],
    "locations": {
      "vic": {
        "price": 7.5,
        "promoText": " ",
        "packageSize": "230g",
        "packagePrice": "$3.26 per 100G"
      }
    }
  },
  {
    "id": "golden-wok-szechuan-pork-dumpling",
    "brand": "Golden Wok",
    "name": "Frozen Diana Chan's Szechuan Pork Dumplings",
    "imageUrl": "https://shop.coles.com.au/wcsstore/Coles-CAS/images/3/3/1/3311492-th.jpg",
    "categories": ["entertaining-at-home", "frozen"],
    "tags": ["party-fod-supplies", "spring-rolls-dumplings"],
    "locations": {
      "vic": {
        "price": 7.5,
        "promoText": " ",
        "packageSize": "230g",
        "packagePrice": "$3.26 per 100G"
      }
    }
  },
  {
    "id": "golden-wok-thai-chicken-dumpling",
    "brand": "Golden Wok",
    "name": "Frozen Diana Chan's Thai Chicken Dumplings",
    "imageUrl": "https://shop.coles.com.au/wcsstore/Coles-CAS/images/3/3/1/3310784-th.jpg",
    "categories": ["entertaining-at-home", "frozen"],
    "tags": ["party-fod-supplies", "spring-rolls-dumplings"],
    "locations": {
      "vic": {
        "price": 7.5,
        "promoText": " ",
        "packageSize": "230g",
        "packagePrice": "$3.26 per 100G"
      }
    }
  },
  {
    "id": "hanabi-frozen-prawn-pork-dumplings",
    "brand": "Hanabi",
    "name": "Prawn & Pork Dumplings",
    "imageUrl": "https://shop.coles.com.au/wcsstore/Coles-CAS/images/2/1/4/2143440-th.jpg",
    "categories": ["entertaining-at-home", "frozen"],
    "tags": ["party-fod-supplies", "spring-rolls-dumplings"],
    "locations": {
      "vic": {
        "price": 10,
        "promoText": " ",
        "packageSize": "500g",
        "packagePrice": "$2.00 per 100G"
      }
    }
  },
  {
    "id": "coles-cocktail-vegetable-spring-rolls",
    "brand": "Coles",
    "name": "Frozen Vegetable Spring Rolls 16 Pack",
    "imageUrl": "https://shop.coles.com.au/wcsstore/Coles-CAS/images/2/4/8/2481963-th.jpg",
    "categories": ["entertaining-at-home", "frozen"],
    "tags": ["party-fod-supplies", "spring-rolls-dumplings"],
    "locations": {
      "vic": {
        "price": 2.6,
        "promoText": " ",
        "packageSize": "270g",
        "packagePrice": "$0.96 per 100G"
      }
    }
  },
  {
    "id": "crazy-dragon-pork-dumplings",
    "brand": "Crazy Dragon",
    "name": "Frozen Pork Dumplings",
    "imageUrl": "https://shop.coles.com.au/wcsstore/Coles-CAS/images/2/8/1/2815650-th.jpg",
    "categories": ["entertaining-at-home", "frozen"],
    "tags": ["party-fod-supplies", "spring-rolls-dumplings"],
    "locations": {
      "vic": {
        "price": 10,
        "promoText": "$5.00 ",
        "packageSize": "1kg",
        "packagePrice": "$1.00 per 100G"
      }
    }
  },
  {
    "id": "hanabi-frozen-chive-pork-dumplings",
    "brand": "Hanabi",
    "name": "Chive & Pork Dumplings",
    "imageUrl": "https://shop.coles.com.au/wcsstore/Coles-CAS/images/2/1/4/2143280-th.jpg",
    "categories": ["entertaining-at-home", "frozen"],
    "tags": ["party-fod-supplies", "spring-rolls-dumplings"],
    "locations": {
      "vic": {
        "price": 10,
        "promoText": " ",
        "packageSize": "500g",
        "packagePrice": "$2.00 per 100G"
      }
    }
  },
  {
    "id": "crazy-dragon-chicken-dumplings",
    "brand": "Crazy Dragon",
    "name": "Frozen Chicken Dumplings",
    "imageUrl": "https://shop.coles.com.au/wcsstore/Coles-CAS/images/2/8/1/2815661-th.jpg",
    "categories": ["entertaining-at-home", "frozen"],
    "tags": ["party-fod-supplies", "spring-rolls-dumplings"],
    "locations": {
      "vic": {
        "price": 10,
        "promoText": "$5.00 ",
        "packageSize": "1kg",
        "packagePrice": "$1.00 per 100G"
      }
    }
  },
  {
    "id": "hanabi-frozen-cabbage-pork-dumplings",
    "brand": "Hanabi",
    "name": "Cabbage & Pork Dumplings",
    "imageUrl": "https://shop.coles.com.au/wcsstore/Coles-CAS/images/2/1/4/2143290-th.jpg",
    "categories": ["entertaining-at-home", "frozen"],
    "tags": ["party-fod-supplies", "spring-rolls-dumplings"],
    "locations": {
      "vic": {
        "price": 10,
        "promoText": " ",
        "packageSize": "500g",
        "packagePrice": "$2.00 per 100G"
      }
    }
  },
  {
    "id": "mai-hong-pastry-spring-roll-20-sheets",
    "brand": "Mai Hong",
    "name": "Frozen Spring Roll Pastry Sheets 20 pack",
    "imageUrl": "https://shop.coles.com.au/wcsstore/Coles-CAS/images/5/9/7/5978334-th.jpg",
    "categories": ["entertaining-at-home", "frozen"],
    "tags": ["party-fod-supplies", "spring-rolls-dumplings"],
    "locations": {
      "vic": {
        "price": 3,
        "promoText": " ",
        "packageSize": "250g",
        "packagePrice": "$1.20 per 100G"
      }
    }
  },
  {
    "id": "coles-gluten-free-vegan-spring-rolls",
    "brand": "Coles",
    "name": "Vegan Vegetable 12 Spring Rolls",
    "imageUrl": "https://shop.coles.com.au/wcsstore/Coles-CAS/images/3/5/0/3506196-th.jpg",
    "categories": ["entertaining-at-home", "frozen"],
    "tags": ["party-fod-supplies", "spring-rolls-dumplings"],
    "locations": {
      "vic": {
        "price": 6,
        "promoText": " ",
        "packageSize": "216g",
        "packagePrice": "$2.78 per 100G"
      }
    }
  },
  {
    "id": "chans-yum-cha-at-home-steam-selections",
    "brand": "Mr Chen's",
    "name": "Frozen Steam Selection Dumplings 9 pack",
    "imageUrl": "https://shop.coles.com.au/wcsstore/Coles-CAS/images/9/5/1/9513467-th.jpg",
    "categories": ["entertaining-at-home", "frozen"],
    "tags": ["party-fod-supplies", "spring-rolls-dumplings"],
    "locations": {
      "vic": {
        "price": 7.5,
        "promoText": " ",
        "packageSize": "240g",
        "packagePrice": "$3.13 per 100G"
      }
    }
  },
  {
    "id": "pacific-west-spring-rolls-cocktail-frozen",
    "brand": "Pacific West",
    "name": "Frozen Cocktail Spring Rolls 24 pack",
    "imageUrl": "https://shop.coles.com.au/wcsstore/Coles-CAS/images/5/2/0/5201236-th.jpg",
    "categories": ["entertaining-at-home", "frozen"],
    "tags": ["party-fod-supplies", "spring-rolls-dumplings"],
    "locations": {
      "vic": {
        "price": 4.2,
        "promoText": "$1.80 ",
        "packageSize": "430g",
        "packagePrice": "$0.98 per 100G"
      }
    }
  },
  {
    "id": "coles-smart-buy-serviettes-1-ply",
    "brand": "Coles",
    "name": "White Serviettes",
    "imageUrl": "https://shop.coles.com.au/wcsstore/Coles-CAS/images/8/7/6/8766853-th.jpg",
    "categories": ["entertaining-at-home"],
    "tags": ["party-fod-supplies", "party-supplies"],
    "locations": {
      "vic": {
        "price": 0.95,
        "promoText": " ",
        "packageSize": "100pack",
        "packagePrice": "$0.95 per 100Ea"
      }
    }
  },
  {
    "id": "cook-dine-white-lunch-serviettes",
    "brand": "Cook & Dine",
    "name": "White Lunch Serviettes",
    "imageUrl": "https://shop.coles.com.au/wcsstore/Coles-CAS/images/2/3/6/2361451-th.jpg",
    "categories": ["entertaining-at-home"],
    "tags": ["party-fod-supplies", "party-supplies"],
    "locations": {
      "vic": {
        "price": 2,
        "promoText": " ",
        "packageSize": "50 pack",
        "packagePrice": "$4.00 per 100Ea"
      }
    }
  },
  {
    "id": "cook-dine-white-plastic-bowl-2369238p",
    "brand": "Cook & Dine",
    "name": "White Plastic Bowls",
    "imageUrl": "https://shop.coles.com.au/wcsstore/Coles-CAS/images/2/3/6/2369238-th.jpg",
    "categories": ["entertaining-at-home"],
    "tags": ["party-fod-supplies", "party-supplies"],
    "locations": {
      "vic": {
        "price": 5,
        "promoText": " ",
        "packageSize": "50 pack",
        "packagePrice": "$10.00 per 100Ea"
      }
    }
  },
  {
    "id": "cook-dine-white-plastic-knife-1548005p",
    "brand": "Cook & Dine",
    "name": "Plastic Knives",
    "imageUrl": "https://shop.coles.com.au/wcsstore/Coles-CAS/images/1/5/4/1548005-th.jpg",
    "categories": ["entertaining-at-home"],
    "tags": ["party-fod-supplies", "party-supplies"],
    "locations": {
      "vic": {
        "price": 1,
        "promoText": " ",
        "packageSize": "20 pack",
        "packagePrice": "$0.05 per 1Ea"
      }
    }
  },
  {
    "id": "cook-dine-white-plastic-cups-200ml",
    "brand": "Cook & Dine",
    "name": "White Plastic Cups 200ml",
    "imageUrl": "https://shop.coles.com.au/wcsstore/Coles-CAS/images/1/5/4/1548038-th.jpg",
    "categories": ["entertaining-at-home"],
    "tags": ["party-fod-supplies", "party-supplies"],
    "locations": {
      "vic": {
        "price": 1,
        "promoText": " ",
        "packageSize": "20 pack",
        "packagePrice": "$0.05 per 1Ea"
      }
    }
  },
  {
    "id": "cook-dine-white-paper-plate-dinner-1610200p",
    "brand": "Cook & Dine",
    "name": "White Paper Dinner Plates",
    "imageUrl": "https://shop.coles.com.au/wcsstore/Coles-CAS/images/1/6/1/1610200-th.jpg",
    "categories": ["entertaining-at-home"],
    "tags": ["party-fod-supplies", "party-supplies"],
    "locations": {
      "vic": {
        "price": 3,
        "promoText": " ",
        "packageSize": "50 pack",
        "packagePrice": "$6.00 per 100Ea"
      }
    }
  },
  {
    "id": "cook-dine-plastic-forks",
    "brand": "Cook & Dine",
    "name": "Plastic Forks",
    "imageUrl": "https://shop.coles.com.au/wcsstore/Coles-CAS/images/2/3/6/2361484-th.jpg",
    "categories": ["entertaining-at-home"],
    "tags": ["party-fod-supplies", "party-supplies"],
    "locations": {
      "vic": {
        "price": 2,
        "promoText": " ",
        "packageSize": "50 pack",
        "packagePrice": "$4.00 per 100Ea"
      }
    }
  },
  {
    "id": "cook-dine-plastic-spoons",
    "brand": "Cook & Dine",
    "name": "Plastic Spoons",
    "imageUrl": "https://shop.coles.com.au/wcsstore/Coles-CAS/images/2/3/6/2361495-th.jpg",
    "categories": ["entertaining-at-home"],
    "tags": ["party-fod-supplies", "party-supplies"],
    "locations": {
      "vic": {
        "price": 2,
        "promoText": " ",
        "packageSize": "50 pack",
        "packagePrice": "$4.00 per 100Ea"
      }
    }
  },
  {
    "id": "cook-dine-white-plastic-snack-plate",
    "brand": "Cook & Dine",
    "name": "Plastic Snack Plates",
    "imageUrl": "https://shop.coles.com.au/wcsstore/Coles-CAS/images/2/3/7/2371513-th.jpg",
    "categories": ["entertaining-at-home"],
    "tags": ["party-fod-supplies", "party-supplies"],
    "locations": {
      "vic": {
        "price": 2.2,
        "promoText": " ",
        "packageSize": "20 pack",
        "packagePrice": "$0.11 per 1Ea"
      }
    }
  },
  {
    "id": "cook-dine-white-plastic-cups-200ml-2371841p",
    "brand": "Cook & Dine",
    "name": "Plastic Cups 200mL",
    "imageUrl": "https://shop.coles.com.au/wcsstore/Coles-CAS/images/2/3/7/2371841-th.jpg",
    "categories": ["entertaining-at-home"],
    "tags": ["party-fod-supplies", "party-supplies"],
    "locations": {
      "vic": {
        "price": 2.2,
        "promoText": " ",
        "packageSize": "50 pack",
        "packagePrice": "$4.40 per 100Ea"
      }
    }
  },
  {
    "id": "deeko-hypo-serviettes-1ply",
    "brand": "Deeko",
    "name": "White Serviettes",
    "imageUrl": "https://shop.coles.com.au/wcsstore/Coles-CAS/images/8/4/7/8478870-th.jpg",
    "categories": ["entertaining-at-home"],
    "tags": ["party-fod-supplies", "party-supplies"],
    "locations": {
      "vic": {
        "price": 3.6,
        "promoText": " ",
        "packageSize": "200 pack",
        "packagePrice": "$1.80 per 100Ea"
      }
    }
  },
  {
    "id": "deeko-hypo-allergenic-serviettes-white",
    "brand": "Deeko",
    "name": "White Serviettes",
    "imageUrl": "https://shop.coles.com.au/wcsstore/Coles-CAS/images/8/7/9/8792321-th.jpg",
    "categories": ["entertaining-at-home"],
    "tags": ["party-fod-supplies", "party-supplies"],
    "locations": {
      "vic": {
        "price": 1.6,
        "promoText": " ",
        "packageSize": "80 pack",
        "packagePrice": "$2.00 per 100Ea"
      }
    }
  },
  {
    "id": "cook-dine-plastic-white-bowl",
    "brand": "Cook & Dine",
    "name": "White Plastic Bowls",
    "imageUrl": "https://shop.coles.com.au/wcsstore/Coles-CAS/images/2/3/6/2369169-th.jpg",
    "categories": ["entertaining-at-home"],
    "tags": ["party-fod-supplies", "party-supplies"],
    "locations": {
      "vic": {
        "price": 3.3,
        "promoText": " ",
        "packageSize": "20 pack",
        "packagePrice": "$0.17 per 1Ea"
      }
    }
  },
  {
    "id": "cook-dine--white-plastic-dinner-plate",
    "brand": "Cook & Dine",
    "name": "Plastic Dinner Plate",
    "imageUrl": "https://shop.coles.com.au/wcsstore/Coles-CAS/images/2/3/7/2371499-th.jpg",
    "categories": ["entertaining-at-home"],
    "tags": ["party-fod-supplies", "party-supplies"],
    "locations": {
      "vic": {
        "price": 6,
        "promoText": " ",
        "packageSize": "50 pack",
        "packagePrice": "$12.00 per 100Ea"
      }
    }
  },
  {
    "id": "cook-dine-clear-tumbler-450ml",
    "brand": "Cook & Dine",
    "name": "Large Plastic Tumblers 450mL",
    "imageUrl": "https://shop.coles.com.au/wcsstore/Coles-CAS/images/1/5/4/1548322-th.jpg",
    "categories": ["entertaining-at-home"],
    "tags": ["party-fod-supplies", "party-supplies"],
    "locations": {
      "vic": {
        "price": 3.3,
        "promoText": " ",
        "packageSize": "24 pack",
        "packagePrice": "$0.14 per 1Ea"
      }
    }
  },
  {
    "id": "cook-dine-white-paper-plate-dinner",
    "brand": "Cook & Dine",
    "name": "White Paper Dinner Plate",
    "imageUrl": "https://shop.coles.com.au/wcsstore/Coles-CAS/images/1/5/4/1547294-th.jpg",
    "categories": ["entertaining-at-home"],
    "tags": ["party-fod-supplies", "party-supplies"],
    "locations": {
      "vic": {
        "price": 1.5,
        "promoText": " ",
        "packageSize": "20 pack",
        "packagePrice": "$0.08 per 1Ea"
      }
    }
  },
  {
    "id": "cook-dine-white-paper-plate-snack",
    "brand": "Cook & Dine",
    "name": "White Paper Snack Plate",
    "imageUrl": "https://shop.coles.com.au/wcsstore/Coles-CAS/images/1/5/4/1547261-th.jpg",
    "categories": ["entertaining-at-home"],
    "tags": ["party-fod-supplies", "party-supplies"],
    "locations": {
      "vic": {
        "price": 1.5,
        "promoText": " ",
        "packageSize": "20 pack",
        "packagePrice": "$0.08 per 1Ea"
      }
    }
  },
  {
    "id": "cook-dine-plastic-white-dinner-plates",
    "brand": "Cook & Dine",
    "name": "Plastic White Dinner Plates",
    "imageUrl": "https://shop.coles.com.au/wcsstore/Coles-CAS/images/2/3/7/2371466-th.jpg",
    "categories": ["entertaining-at-home"],
    "tags": ["party-fod-supplies", "party-supplies"],
    "locations": {
      "vic": {
        "price": 3.3,
        "promoText": " ",
        "packageSize": "20 pack",
        "packagePrice": "$0.17 per 1Ea"
      }
    }
  },
  {
    "id": "cook-dine-coffee-cup-with-lid",
    "brand": "Cook & Dine",
    "name": "Coffee Cups With Lid",
    "imageUrl": "https://shop.coles.com.au/wcsstore/Coles-CAS/images/2/3/7/2371852-th.jpg",
    "categories": ["entertaining-at-home"],
    "tags": ["party-fod-supplies", "party-supplies"],
    "locations": {
      "vic": {
        "price": 8.5,
        "promoText": " ",
        "packageSize": "20 pack",
        "packagePrice": "$0.43 per 1Ea"
      }
    }
  },
  {
    "id": "cook-dine-large-plastic-red-cup-20-pack",
    "brand": "Cook & Dine",
    "name": "Large Plastic Red Cups",
    "imageUrl": "https://shop.coles.com.au/wcsstore/Coles-CAS/images/2/7/6/2761835-th.jpg",
    "categories": ["entertaining-at-home"],
    "tags": ["party-fod-supplies", "party-supplies"],
    "locations": {
      "vic": {
        "price": 4.4,
        "promoText": " ",
        "packageSize": "20 pack",
        "packagePrice": "$0.22 per 1Ea"
      }
    }
  },
  {
    "id": "mccain-pizza-bbq-meatlovers-family-frozen",
    "brand": "McCain",
    "name": "Frozen BBQ Meatlovers Family Pizza",
    "imageUrl": "https://shop.coles.com.au/wcsstore/Coles-CAS/images/7/0/1/7010250-th.jpg",
    "categories": ["entertaining-at-home", "frozen"],
    "tags": ["party-fod-supplies", "pizza"],
    "locations": {
      "vic": {
        "price": 5.5,
        "promoText": "$1.50 ",
        "packageSize": "500g",
        "packagePrice": "$1.10 per 100G"
      }
    }
  },
  {
    "id": "mccain-pizza-rustica-spinach-and-mozarella",
    "brand": "McCain",
    "name": "Frozen Rustica Spinach & Mozzarella Pizza",
    "imageUrl": "https://shop.coles.com.au/wcsstore/Coles-CAS/images/2/8/7/2876870-th.jpg",
    "categories": ["entertaining-at-home", "frozen"],
    "tags": ["party-fod-supplies", "pizza"],
    "locations": {
      "vic": {
        "price": 7.5,
        "promoText": " ",
        "packageSize": "365g",
        "packagePrice": "$2.05 per 100G"
      }
    }
  },
  {
    "id": "mccain-ultra-thin-tandoori-chicken",
    "brand": "McCain",
    "name": "Frozen Ultra Thin Crust Tandoori Chicken Pizza",
    "imageUrl": "https://shop.coles.com.au/wcsstore/Coles-CAS/images/8/6/3/8634739-th.jpg",
    "categories": ["entertaining-at-home", "frozen"],
    "tags": ["party-fod-supplies", "pizza"],
    "locations": {
      "vic": {
        "price": 7.5,
        "promoText": " ",
        "packageSize": "320g",
        "packagePrice": "$2.34 per 100G"
      }
    }
  },
  {
    "id": "toscano-wholemeal-pizza-base",
    "brand": "Toscano",
    "name": "Wholemeal Pizza Base",
    "imageUrl": "https://shop.coles.com.au/wcsstore/Coles-CAS/images/2/4/7/2477219-th.jpg",
    "categories": ["entertaining-at-home", "bread-bakery"],
    "tags": ["party-fod-supplies", "pizza"],
    "locations": {
      "vic": {
        "price": 3.95,
        "promoText": " ",
        "packageSize": "150g",
        "packagePrice": "$2.63 per 100G"
      }
    }
  },
  {
    "id": "coles-thin-crispy-medium-pizza-base-9-inch",
    "brand": "Coles",
    "name": "Thin & Crispy Medium Pizza Bases 2 Pack",
    "imageUrl": "https://shop.coles.com.au/wcsstore/Coles-CAS/images/1/9/9/1997177-th.jpg",
    "categories": ["entertaining-at-home", "bread-bakery"],
    "tags": ["party-fod-supplies", "pizza"],
    "locations": {
      "vic": {
        "price": 3,
        "promoText": " ",
        "packageSize": "200g",
        "packagePrice": "$1.50 per 100G"
      }
    }
  },
  {
    "id": "coles-thin-crispy-large-pizza-base-12-inch",
    "brand": "Coles",
    "name": "Thin & Crispy Large Pizza Bases 3 pack",
    "imageUrl": "https://shop.coles.com.au/wcsstore/Coles-CAS/images/1/9/9/1997166-th.jpg",
    "categories": ["entertaining-at-home", "bread-bakery"],
    "tags": ["party-fod-supplies", "pizza"],
    "locations": {
      "vic": {
        "price": 6,
        "promoText": " ",
        "packageSize": "750g",
        "packagePrice": "$0.80 per 100G"
      }
    }
  },
  {
    "id": "dr-oetker-ristorante-pizza-pepperoni-salami",
    "brand": "Dr. Oetker",
    "name": "Frozen Ristorante Pepperoni Pizza",
    "imageUrl": "https://shop.coles.com.au/wcsstore/Coles-CAS/images/8/6/3/8634943-th.jpg",
    "categories": ["entertaining-at-home", "frozen"],
    "tags": ["party-fod-supplies", "pizza"],
    "locations": {
      "vic": {
        "price": 7.5,
        "promoText": " ",
        "packageSize": "310g",
        "packagePrice": "$2.42 per 100G"
      }
    }
  },
  {
    "id": "mccain-ultra-thin-crust-angus-beef",
    "brand": "McCain",
    "name": "Frozen Ultra Thin Crust Angus Beef Pizza",
    "imageUrl": "https://shop.coles.com.au/wcsstore/Coles-CAS/images/9/8/6/9861736-th.jpg",
    "categories": ["entertaining-at-home", "frozen"],
    "tags": ["party-fod-supplies", "pizza"],
    "locations": {
      "vic": {
        "price": 7.5,
        "promoText": " ",
        "packageSize": "320g",
        "packagePrice": "$2.34 per 100G"
      }
    }
  },
  {
    "id": "dr-oetker--ristorante-quattro-formaggi--frozen-pizza",
    "brand": "Dr. Oetker",
    "name": "Frozen Ristorante Quattro Formaggi Pizza",
    "imageUrl": "https://shop.coles.com.au/wcsstore/Coles-CAS/images/7/8/1/7817904-th.jpg",
    "categories": ["entertaining-at-home", "frozen"],
    "tags": ["party-fod-supplies", "pizza"],
    "locations": {
      "vic": {
        "price": 7.5,
        "promoText": " ",
        "packageSize": "340g",
        "packagePrice": "$2.21 per 100G"
      }
    }
  },
  {
    "id": "dr-oetker-pizza-ristorante-mozzarella-frozen",
    "brand": "Dr. Oetker",
    "name": "Frozen Ristorante Mozzarella Pizza",
    "imageUrl": "https://shop.coles.com.au/wcsstore/Coles-CAS/images/7/3/0/7308081-th.jpg",
    "categories": ["entertaining-at-home", "frozen"],
    "tags": ["party-fod-supplies", "pizza"],
    "locations": {
      "vic": {
        "price": 7.5,
        "promoText": " ",
        "packageSize": "335g",
        "packagePrice": "$2.24 per 100G"
      }
    }
  },
  {
    "id": "coles-bbq-meatlovers-frozen-pizza",
    "brand": "Coles",
    "name": "Frozen BBQ Meat Lovers Pizza",
    "imageUrl": "https://shop.coles.com.au/wcsstore/Coles-CAS/images/2/6/3/2632184-th.jpg",
    "categories": ["entertaining-at-home", "frozen"],
    "tags": ["party-fod-supplies", "pizza"],
    "locations": {
      "vic": {
        "price": 3.3,
        "promoText": " ",
        "packageSize": "500g",
        "packagePrice": "$0.66 per 100G"
      }
    }
  },
  {
    "id": "dr-oetker-ristorante-pizza-hawaii",
    "brand": "Dr. Oetker",
    "name": "Frozen Ristorante Hawaii Pizza",
    "imageUrl": "https://shop.coles.com.au/wcsstore/Coles-CAS/images/8/6/3/8634954-th.jpg",
    "categories": ["entertaining-at-home", "frozen"],
    "tags": ["party-fod-supplies", "pizza"],
    "locations": {
      "vic": {
        "price": 7.5,
        "promoText": " ",
        "packageSize": "355g",
        "packagePrice": "$2.11 per 100G"
      }
    }
  },
  {
    "id": "mccain-pizza-family-ham-pineapple-frozen",
    "brand": "McCain",
    "name": "Frozen Ham & Pineapple Family Pizza",
    "imageUrl": "https://shop.coles.com.au/wcsstore/Coles-CAS/images/4/0/3/403765-th.jpg",
    "categories": ["entertaining-at-home", "frozen"],
    "tags": ["party-fod-supplies", "pizza"],
    "locations": {
      "vic": {
        "price": 5.5,
        "promoText": "$1.50 ",
        "packageSize": "500g",
        "packagePrice": "$1.10 per 100G"
      }
    }
  },
  {
    "id": "mccain-pizza-family-supreme-frozen",
    "brand": "McCain",
    "name": "Frozen Supreme Family Pizza",
    "imageUrl": "https://shop.coles.com.au/wcsstore/Coles-CAS/images/2/5/1/251124-th.jpg",
    "categories": ["entertaining-at-home", "frozen"],
    "tags": ["party-fod-supplies", "pizza"],
    "locations": {
      "vic": {
        "price": 5.5,
        "promoText": "$1.50 ",
        "packageSize": "500g",
        "packagePrice": "$1.10 per 100G"
      }
    }
  },
  {
    "id": "dr-oetker-pizza-ristorante-spinaci-(spinach)-frozen",
    "brand": "Dr. Oetker",
    "name": "Frozen Ristorante Spinaci (Spinach) Pizza",
    "imageUrl": "https://shop.coles.com.au/wcsstore/Coles-CAS/images/7/3/0/7308048-th.jpg",
    "categories": ["entertaining-at-home", "frozen"],
    "tags": ["party-fod-supplies", "pizza"],
    "locations": {
      "vic": {
        "price": 7.5,
        "promoText": " ",
        "packageSize": "390g",
        "packagePrice": "$1.92 per 100G"
      }
    }
  },
  {
    "id": "dr-oetker-papa-giuseppis-crust-pizza-supreme",
    "brand": "Dr.Oetker",
    "name": "Frozen Papa Giuseppi's Rising Stuffed Crust Supreme Pizza",
    "imageUrl": "https://shop.coles.com.au/wcsstore/Coles-CAS/images/3/4/7/3476335-th.jpg",
    "categories": ["entertaining-at-home", "frozen"],
    "tags": ["party-fod-supplies", "pizza"],
    "locations": {
      "vic": {
        "price": 8,
        "promoText": " ",
        "packageSize": "525g",
        "packagePrice": "$1.52 per 100G"
      }
    }
  },
  {
    "id": "mccain-pizza-slices-cheese-bacon-6-pack-frozen",
    "brand": "McCain",
    "name": "Frozen Cheese & Bacon Pizza Slices 6 pack",
    "imageUrl": "https://shop.coles.com.au/wcsstore/Coles-CAS/images/8/5/4/8544829-th.jpg",
    "categories": ["entertaining-at-home", "frozen"],
    "tags": ["party-fod-supplies", "pizza"],
    "locations": {
      "vic": {
        "price": 7.5,
        "promoText": " ",
        "packageSize": "600g",
        "packagePrice": "$1.25 per 100G"
      }
    }
  },
  {
    "id": "mccain-pizza-slices-meat-lovers-6-pack-frozen",
    "brand": "McCain",
    "name": "Frozen Meat Lovers Pizza Slices 6 pack",
    "imageUrl": "https://shop.coles.com.au/wcsstore/Coles-CAS/images/8/5/4/8544793-th.jpg",
    "categories": ["entertaining-at-home", "frozen"],
    "tags": ["party-fod-supplies", "pizza"],
    "locations": {
      "vic": {
        "price": 7.5,
        "promoText": " ",
        "packageSize": "600g",
        "packagePrice": "$1.25 per 100G"
      }
    }
  },
  {
    "id": "mccain-pizza-family-cheese-bacon-frozen",
    "brand": "McCain",
    "name": "Frozen Cheese & Bacon Family Pizza",
    "imageUrl": "https://shop.coles.com.au/wcsstore/Coles-CAS/images/1/8/1/181572-th.jpg",
    "categories": ["entertaining-at-home", "frozen"],
    "tags": ["party-fod-supplies", "pizza"],
    "locations": {
      "vic": {
        "price": 5.5,
        "promoText": "$1.50 ",
        "packageSize": "500g",
        "packagePrice": "$1.10 per 100G"
      }
    }
  },
  {
    "id": "mccain-family-bbq-chicken-pineapple",
    "brand": "McCain",
    "name": "Frozen BBQ Chicken & Pineapple Family Pizza",
    "imageUrl": "https://shop.coles.com.au/wcsstore/Coles-CAS/images/3/1/5/3157246-th.jpg",
    "categories": ["entertaining-at-home", "frozen"],
    "tags": ["party-fod-supplies", "pizza"],
    "locations": {
      "vic": {
        "price": 5.5,
        "promoText": "$1.50 ",
        "packageSize": "500g",
        "packagePrice": "$1.10 per 100G"
      }
    }
  },
  {
    "id": "coles-hawaiian-frozen-pizza",
    "brand": "Coles",
    "name": "Frozen Hawaiian Pizza",
    "imageUrl": "https://shop.coles.com.au/wcsstore/Coles-CAS/images/2/6/3/2632162-th.jpg",
    "categories": ["entertaining-at-home", "frozen"],
    "tags": ["party-fod-supplies", "pizza"],
    "locations": {
      "vic": {
        "price": 3.3,
        "promoText": " ",
        "packageSize": "500g",
        "packagePrice": "$0.66 per 100G"
      }
    }
  },
  {
    "id": "mccain-pizza-singles-ham-pineapple-frozen",
    "brand": "McCain",
    "name": "Frozen Ham & Pineapple Pizza Singles",
    "imageUrl": "https://shop.coles.com.au/wcsstore/Coles-CAS/images/5/4/4/5446200-th.jpg",
    "categories": ["entertaining-at-home", "frozen"],
    "tags": ["party-fod-supplies", "pizza"],
    "locations": {
      "vic": {
        "price": 7,
        "promoText": " ",
        "packageSize": "400g",
        "packagePrice": "$1.75 per 100G"
      }
    }
  },
  {
    "id": "mccain-pizza-go-micro-margherita",
    "brand": "McCain",
    "name": "Microwave Margherita Pizza Go Slice",
    "imageUrl": "https://shop.coles.com.au/wcsstore/Coles-CAS/images/3/4/8/3480365-th.jpg",
    "categories": ["entertaining-at-home", "frozen"],
    "tags": ["party-fod-supplies", "pizza"],
    "locations": {
      "vic": {
        "price": 3,
        "promoText": "$1.00 ",
        "packageSize": "160g",
        "packagePrice": "$1.88 per 100G"
      }
    }
  },
  {
    "id": "mccain-flavour-boss-mega-meat-feast",
    "brand": "McCain",
    "name": "Flavour Boss Mega Meat Feast",
    "imageUrl": "https://shop.coles.com.au/wcsstore/Coles-CAS/images/3/4/7/3476404-th.jpg",
    "categories": ["entertaining-at-home", "frozen"],
    "tags": ["party-fod-supplies", "pizza"],
    "locations": {
      "vic": {
        "price": 7.5,
        "promoText": " ",
        "packageSize": "500g",
        "packagePrice": "$1.50 per 100G"
      }
    }
  },
  {
    "id": "old-el-paso-taco-kit-hard-n-soft",
    "brand": "Old El Paso",
    "name": "Hard 'N Soft Taco Kit Mild",
    "imageUrl": "https://shop.coles.com.au/wcsstore/Coles-CAS/images/5/2/9/5293041-th.jpg",
    "categories": ["entertaining-at-home", "frozen", "international-fods"],
    "tags": ["party-fod-supplies", "mexican-party-fods"],
    "locations": {
      "vic": {
        "price": 3.5,
        "promoText": "$3.50 ",
        "packageSize": "350g",
        "packagePrice": "$1.00 per 100G"
      }
    }
  },
  {
    "id": "old-el-paso-taco-seasoning-mix",
    "brand": "Old El Paso",
    "name": "Spice Mix For Tacos Mild",
    "imageUrl": "https://shop.coles.com.au/wcsstore/Coles-CAS/images/2/9/1/291377-th.jpg",
    "categories": ["entertaining-at-home", "international-fods"],
    "tags": ["party-fod-supplies", "mexican-party-fods"],
    "locations": {
      "vic": {
        "price": 2,
        "promoText": " ",
        "packageSize": "30g",
        "packagePrice": "$0.67 per 10G"
      }
    }
  },
  {
    "id": "old-el-paso-taco-kit-stand-n-stuff-mild",
    "brand": "Old El Paso",
    "name": "Stand 'N Stuff Taco Kit Mild",
    "imageUrl": "https://shop.coles.com.au/wcsstore/Coles-CAS/images/4/5/6/4565510-th.jpg",
    "categories": ["entertaining-at-home", "international-fods"],
    "tags": ["party-fod-supplies", "mexican-party-fods"],
    "locations": {
      "vic": {
        "price": 3.5,
        "promoText": "$3.50 ",
        "packageSize": "295g",
        "packagePrice": "$1.19 per 100G"
      }
    }
  },
  {
    "id": "mission-burrito-tortillas-12-pack",
    "brand": "Mission",
    "name": "Original Burrito 12 Tortillas",
    "imageUrl": "https://shop.coles.com.au/wcsstore/Coles-CAS/images/6/7/6/6767709-th.jpg",
    "categories": ["entertaining-at-home", "international-fods"],
    "tags": ["party-fod-supplies", "mexican-party-fods"],
    "locations": {
      "vic": {
        "price": 3,
        "promoText": "$1.15 ",
        "packageSize": "576g",
        "packagePrice": "$0.52 per 100G"
      }
    }
  },
  {
    "id": "mission-tortillas-white-corn-12-pack",
    "brand": "Mission",
    "name": "White Corn 12 Tortillas",
    "imageUrl": "https://shop.coles.com.au/wcsstore/Coles-CAS/images/6/7/6/6768745-th.jpg",
    "categories": ["entertaining-at-home", "international-fods"],
    "tags": ["party-fod-supplies", "mexican-party-fods"],
    "locations": {
      "vic": {
        "price": 3,
        "promoText": "$0.80 ",
        "packageSize": "312g",
        "packagePrice": "$0.96 per 100G"
      }
    }
  },
  {
    "id": "old-el-paso-taco-kit-soft",
    "brand": "Old El Paso",
    "name": "Soft Taco Kit Mild",
    "imageUrl": "https://shop.coles.com.au/wcsstore/Coles-CAS/images/5/5/4/5540231-th.jpg",
    "categories": ["entertaining-at-home", "international-fods"],
    "tags": ["party-fod-supplies", "mexican-party-fods"],
    "locations": {
      "vic": {
        "price": 3.25,
        "promoText": " ",
        "packageSize": "405g",
        "packagePrice": "$0.80 per 100G"
      }
    }
  },
  {
    "id": "old-el-paso-burrito-tortillas-6-pack",
    "brand": "Old El Paso",
    "name": "Regular Tortillas 6 pack",
    "imageUrl": "https://shop.coles.com.au/wcsstore/Coles-CAS/images/7/3/9/7395392-th.jpg",
    "categories": [
      "entertaining-at-home",
      "bread-bakery",
      "international-fods"
    ],
    "tags": ["party-fod-supplies", "mexican-party-fods"],
    "locations": {
      "vic": {
        "price": 3,
        "promoText": " ",
        "packageSize": "240g",
        "packagePrice": "$1.25 per 100G"
      }
    }
  },
  {
    "id": "old-el-paso-fajita-kit",
    "brand": "Old El Paso",
    "name": "Fajita Kit Mild",
    "imageUrl": "https://shop.coles.com.au/wcsstore/Coles-CAS/images/5/0/3/5030450-th.jpg",
    "categories": ["entertaining-at-home", "international-fods"],
    "tags": ["party-fod-supplies", "mexican-party-fods"],
    "locations": {
      "vic": {
        "price": 3.25,
        "promoText": " ",
        "packageSize": "485g",
        "packagePrice": "$0.67 per 100G"
      }
    }
  },
  {
    "id": "old-el-paso-burrito-tortillas-10-pack",
    "brand": "Old El Paso",
    "name": "Regular Tortillas Burrito 10 pack",
    "imageUrl": "https://shop.coles.com.au/wcsstore/Coles-CAS/images/7/6/1/7610214-th.jpg",
    "categories": [
      "entertaining-at-home",
      "bread-bakery",
      "international-fods"
    ],
    "tags": ["party-fod-supplies", "mexican-party-fods"],
    "locations": {
      "vic": {
        "price": 4.3,
        "promoText": " ",
        "packageSize": "400g",
        "packagePrice": "$1.08 per 100G"
      }
    }
  },
  {
    "id": "old-el-paso-tortillas-mini",
    "brand": "Old El Paso",
    "name": "Tortillas Mini 10 pack",
    "imageUrl": "https://shop.coles.com.au/wcsstore/Coles-CAS/images/7/3/9/7395337-th.jpg",
    "categories": [
      "entertaining-at-home",
      "bread-bakery",
      "international-fods"
    ],
    "tags": ["party-fod-supplies", "mexican-party-fods"],
    "locations": {
      "vic": {
        "price": 3.7,
        "promoText": " ",
        "packageSize": "250g",
        "packagePrice": "$1.48 per 100G"
      }
    }
  },
  {
    "id": "old-el-paso-taco-sauce-mild",
    "brand": "Old El Paso",
    "name": "Taco Sauce Mild",
    "imageUrl": "https://shop.coles.com.au/wcsstore/Coles-CAS/images/2/9/1/291413-th.jpg",
    "categories": ["entertaining-at-home", "international-fods"],
    "tags": ["party-fod-supplies", "mexican-party-fods"],
    "locations": {
      "vic": {
        "price": 3.2,
        "promoText": " ",
        "packageSize": "200mL",
        "packagePrice": "$1.60 per 100G"
      }
    }
  },
  {
    "id": "old-el-paso-taco-kit-mild",
    "brand": "Old El Paso",
    "name": "Taco Kit Mild",
    "imageUrl": "https://shop.coles.com.au/wcsstore/Coles-CAS/images/2/9/1/291457-th.jpg",
    "categories": ["entertaining-at-home", "international-fods"],
    "tags": ["party-fod-supplies", "mexican-party-fods"],
    "locations": {
      "vic": {
        "price": 3.25,
        "promoText": " ",
        "packageSize": "290g",
        "packagePrice": "$1.12 per 100G"
      }
    }
  },
  {
    "id": "old-el-paso-refried-beans",
    "brand": "Old El Paso",
    "name": "Refried Beans Mild",
    "imageUrl": "https://shop.coles.com.au/wcsstore/Coles-CAS/images/3/8/6/386021-th.jpg",
    "categories": ["entertaining-at-home", "international-fods"],
    "tags": ["party-fod-supplies", "mexican-party-fods"],
    "locations": {
      "vic": {
        "price": 3,
        "promoText": " ",
        "packageSize": "435g",
        "packagePrice": "$0.69 per 100G"
      }
    }
  },
  {
    "id": "mission-corn-chips-chilli-lime",
    "brand": "Mission",
    "name": "Chilli & Lime Tortilla Triangles Corn Chips",
    "imageUrl": "https://shop.coles.com.au/wcsstore/Coles-CAS/images/1/2/7/1277484-th.jpg",
    "categories": ["entertaining-at-home", "international-fods"],
    "tags": ["party-fod-supplies", "mexican-party-fods"],
    "locations": {
      "vic": {
        "price": 3.1,
        "promoText": "Any 2 $5.50",
        "packageSize": "230g",
        "packagePrice": "$1.35 per 100G"
      }
    }
  },
  {
    "id": "mission-tortilla-strips-yellow-corn-chips",
    "brand": "Mission",
    "name": "Original Yellow Corn Tortilla Strips",
    "imageUrl": "https://shop.coles.com.au/wcsstore/Coles-CAS/images/3/2/0/3208256-th.jpg",
    "categories": ["entertaining-at-home", "international-fods"],
    "tags": ["party-fod-supplies", "mexican-party-fods"],
    "locations": {
      "vic": {
        "price": 3.1,
        "promoText": "Any 2 $5.50",
        "packageSize": "230g",
        "packagePrice": "$1.35 per 100G"
      }
    }
  },
  {
    "id": "old-el-paso-taco-kit-jumbo",
    "brand": "Old El Paso",
    "name": "Jumbo Taco Kit Mild",
    "imageUrl": "https://shop.coles.com.au/wcsstore/Coles-CAS/images/9/7/4/9742533-th.jpg",
    "categories": ["entertaining-at-home", "international-fods"],
    "tags": ["party-fod-supplies", "mexican-party-fods"],
    "locations": {
      "vic": {
        "price": 3.25,
        "promoText": " ",
        "packageSize": "345g",
        "packagePrice": "$0.94 per 100G"
      }
    }
  },
  {
    "id": "old-el-paso-gluten-free-tortillas",
    "brand": "Old El Paso",
    "name": "Gluten Free Tortillas 6 pack",
    "imageUrl": "https://shop.coles.com.au/wcsstore/Coles-CAS/images/3/1/9/3198695-th.jpg",
    "categories": [
      "entertaining-at-home",
      "international-fods",
      "healthy-living"
    ],
    "tags": ["party-fod-supplies", "mexican-party-fods"],
    "locations": {
      "vic": {
        "price": 4.45,
        "promoText": " ",
        "packageSize": "216g",
        "packagePrice": "$2.06 per 100G"
      }
    }
  },
  {
    "id": "old-el-paso-tortillas-family-value-16-pack",
    "brand": "Old El Paso",
    "name": "Regular Tortillas 16 pack",
    "imageUrl": "https://shop.coles.com.au/wcsstore/Coles-CAS/images/7/3/7/7373720-th.jpg",
    "categories": [
      "entertaining-at-home",
      "bread-bakery",
      "international-fods"
    ],
    "tags": ["party-fod-supplies", "mexican-party-fods"],
    "locations": {
      "vic": {
        "price": 6,
        "promoText": " ",
        "packageSize": "640g",
        "packagePrice": "$0.94 per 100G"
      }
    }
  },
  {
    "id": "old-el-paso-tortillas-wholegrain-6-pack",
    "brand": "Old El Paso",
    "name": "Regular Tortillas 6 pack",
    "imageUrl": "https://shop.coles.com.au/wcsstore/Coles-CAS/images/6/3/0/6305215-th.jpg",
    "categories": [
      "entertaining-at-home",
      "bread-bakery",
      "international-fods"
    ],
    "tags": ["party-fod-supplies", "mexican-party-fods"],
    "locations": {
      "vic": {
        "price": 3,
        "promoText": " ",
        "packageSize": "240g",
        "packagePrice": "$1.25 per 100G"
      }
    }
  },
  {
    "id": "old-el-paso-taco-shells-stand-n-stuff",
    "brand": "Old El Paso",
    "name": "Stand 'N Stuff Taco Shells 10 Pack",
    "imageUrl": "https://shop.coles.com.au/wcsstore/Coles-CAS/images/4/5/6/4565292-th.jpg",
    "categories": ["entertaining-at-home", "international-fods"],
    "tags": ["party-fod-supplies", "mexican-party-fods"],
    "locations": {
      "vic": {
        "price": 3.95,
        "promoText": " ",
        "packageSize": "160g",
        "packagePrice": "$2.47 per 100G"
      }
    }
  },
  {
    "id": "old-el-paso-black-beans",
    "brand": "Old El Paso",
    "name": "Black Beans Mild",
    "imageUrl": "https://shop.coles.com.au/wcsstore/Coles-CAS/images/1/8/6/1868287-th.jpg",
    "categories": ["entertaining-at-home", "international-fods"],
    "tags": ["party-fod-supplies", "mexican-party-fods"],
    "locations": {
      "vic": {
        "price": 3,
        "promoText": " ",
        "packageSize": "425g",
        "packagePrice": "$0.71 per 100G"
      }
    }
  },
  {
    "id": "coles-street-tortilla-6-pack",
    "brand": "Coles",
    "name": "Street Tortilla Wraps 10 Pack",
    "imageUrl": "https://shop.coles.com.au/wcsstore/Coles-CAS/images/3/4/7/3478997-th.jpg",
    "categories": ["entertaining-at-home", "international-fods"],
    "tags": ["party-fod-supplies", "mexican-party-fods"],
    "locations": {
      "vic": {
        "price": 2.8,
        "promoText": " ",
        "packageSize": "280g",
        "packagePrice": "$1.00 per 100G"
      }
    }
  },
  {
    "id": "mission-corn-chips-extreme-cheese",
    "brand": "Mission",
    "name": "Extreme Cheese Tortilla Triangles Corn Chips",
    "imageUrl": "https://shop.coles.com.au/wcsstore/Coles-CAS/images/7/3/6/7368582-th.jpg",
    "categories": ["entertaining-at-home", "international-fods"],
    "tags": ["party-fod-supplies", "mexican-party-fods"],
    "locations": {
      "vic": {
        "price": 3.1,
        "promoText": "Any 2 $5.50",
        "packageSize": "230g",
        "packagePrice": "$1.35 per 100G"
      }
    }
  },
  {
    "id": "old-el-paso-seasoning-mix-crispy-chicken",
    "brand": "Old El Paso",
    "name": "Spice Mix For Soft Tacos Mild",
    "imageUrl": "https://shop.coles.com.au/wcsstore/Coles-CAS/images/7/9/6/7962481-th.jpg",
    "categories": ["entertaining-at-home", "international-fods"],
    "tags": ["party-fod-supplies", "mexican-party-fods"],
    "locations": {
      "vic": {
        "price": 2,
        "promoText": " ",
        "packageSize": "35g",
        "packagePrice": "$0.57 per 10G"
      }
    }
  },
  {
    "id": "old-el-paso-beans-mexican",
    "brand": "Old El Paso",
    "name": "Mexe Beans Mild",
    "imageUrl": "https://shop.coles.com.au/wcsstore/Coles-CAS/images/3/8/6/386032-th.jpg",
    "categories": ["entertaining-at-home", "international-fods"],
    "tags": ["party-fod-supplies", "mexican-party-fods"],
    "locations": {
      "vic": {
        "price": 3,
        "promoText": " ",
        "packageSize": "425g",
        "packagePrice": "$0.71 per 100G"
      }
    }
  },
  {
    "id": "old-el-paso-taco-sauce-hot",
    "brand": "Old El Paso",
    "name": "Hot Taco Sauce",
    "imageUrl": "https://shop.coles.com.au/wcsstore/Coles-CAS/images/4/0/4/404633-th.jpg",
    "categories": ["entertaining-at-home", "international-fods"],
    "tags": ["party-fod-supplies", "mexican-party-fods"],
    "locations": {
      "vic": {
        "price": 3.2,
        "promoText": " ",
        "packageSize": "200g",
        "packagePrice": "$1.60 per 100G"
      }
    }
  },
  {
    "id": "old-el-paso-taco-shells",
    "brand": "Old El Paso",
    "name": "Corn Taco Shells 12 pack",
    "imageUrl": "https://shop.coles.com.au/wcsstore/Coles-CAS/images/2/9/1/291468-th.jpg",
    "categories": ["entertaining-at-home", "international-fods"],
    "tags": ["party-fod-supplies", "mexican-party-fods"],
    "locations": {
      "vic": {
        "price": 3.2,
        "promoText": " ",
        "packageSize": "156g",
        "packagePrice": "$2.05 per 100G"
      }
    }
  },
  {
    "id": "coles-taco-shells-168g",
    "brand": "Coles",
    "name": "Hard Taco 12 Shells",
    "imageUrl": "https://shop.coles.com.au/wcsstore/Coles-CAS/images/7/4/0/7400743-th.jpg",
    "categories": ["entertaining-at-home", "international-fods"],
    "tags": ["party-fod-supplies", "mexican-party-fods"],
    "locations": {
      "vic": {
        "price": 2.4,
        "promoText": " ",
        "packageSize": "168g",
        "packagePrice": "$1.43 per 100G"
      }
    }
  },
  {
    "id": "coles-mexican-seasoning",
    "brand": "Coles",
    "name": "Mexican Seasoning Mix Mild",
    "imageUrl": "https://shop.coles.com.au/wcsstore/Coles-CAS/images/2/3/6/2368610-th.jpg",
    "categories": ["entertaining-at-home", "international-fods"],
    "tags": ["party-fod-supplies", "mexican-party-fods"],
    "locations": {
      "vic": {
        "price": 1,
        "promoText": "Was $1.25 on Jun 2019 ",
        "packageSize": "40g",
        "packagePrice": "$2.50 per 100G"
      }
    }
  },
  {
    "id": "coles-refried-beans",
    "brand": "Coles",
    "name": "Refried Beans",
    "imageUrl": "https://shop.coles.com.au/wcsstore/Coles-CAS/images/2/9/3/2938118-th.jpg",
    "categories": ["entertaining-at-home", "international-fods"],
    "tags": ["party-fod-supplies", "mexican-party-fods"],
    "locations": {
      "vic": {
        "price": 2.1,
        "promoText": " ",
        "packageSize": "454g",
        "packagePrice": "$0.46 per 100G"
      }
    }
  },
  {
    "id": "old-el-paso-burrito-tortilla-jumbo",
    "brand": "Old El Paso",
    "name": "Jumbo Tortillas 6 pack",
    "imageUrl": "https://shop.coles.com.au/wcsstore/Coles-CAS/images/4/8/2/4821406-th.jpg",
    "categories": [
      "entertaining-at-home",
      "bread-bakery",
      "international-fods"
    ],
    "tags": ["party-fod-supplies", "mexican-party-fods"],
    "locations": {
      "vic": {
        "price": 5.3,
        "promoText": " ",
        "packageSize": "450g",
        "packagePrice": "$1.18 per 100G"
      }
    }
  },
  {
    "id": "old-el-paso-taco-shells-jumbo",
    "brand": "Old El Paso",
    "name": "Corn Jumbo Taco Shells 10 pack",
    "imageUrl": "https://shop.coles.com.au/wcsstore/Coles-CAS/images/2/1/6/216247-th.jpg",
    "categories": ["entertaining-at-home", "international-fods"],
    "tags": ["party-fod-supplies", "mexican-party-fods"],
    "locations": {
      "vic": {
        "price": 3.6,
        "promoText": "$0.40 ",
        "packageSize": "190g",
        "packagePrice": "$1.89 per 100G"
      }
    }
  },
  {
    "id": "old-el-paso-stand-n-stuff-soft-taco-kit",
    "brand": "Old El Paso",
    "name": "Stand 'N Stuff Soft Taco Kit Mild",
    "imageUrl": "https://shop.coles.com.au/wcsstore/Coles-CAS/images/1/8/6/1868130-th.jpg",
    "categories": ["entertaining-at-home", "international-fods"],
    "tags": ["party-fod-supplies", "mexican-party-fods"],
    "locations": {
      "vic": {
        "price": 3.5,
        "promoText": "$3.50 ",
        "packageSize": "348g",
        "packagePrice": "$1.01 per 100G"
      }
    }
  },
  {
    "id": "coles-burrito-tortillas-10-pack",
    "brand": "Coles",
    "name": "Burrito 10 Tortillas",
    "imageUrl": "https://shop.coles.com.au/wcsstore/Coles-CAS/images/2/3/7/2372301-th.jpg",
    "categories": ["entertaining-at-home", "international-fods"],
    "tags": ["party-fod-supplies", "mexican-party-fods"],
    "locations": {
      "vic": {
        "price": 3,
        "promoText": " ",
        "packageSize": "400g",
        "packagePrice": "$0.75 per 100G"
      }
    }
  },
  {
    "id": "old-el-paso-enchilada-sauce-mild",
    "brand": "Old El Paso",
    "name": "Enchilada Cooking Sauce Mild",
    "imageUrl": "https://shop.coles.com.au/wcsstore/Coles-CAS/images/7/3/9/7395450-th.jpg",
    "categories": ["entertaining-at-home", "international-fods"],
    "tags": ["party-fod-supplies", "mexican-party-fods"],
    "locations": {
      "vic": {
        "price": 4.15,
        "promoText": " ",
        "packageSize": "375g",
        "packagePrice": "$1.11 per 100G"
      }
    }
  },
  {
    "id": "old-el-paso-enchilada-kit",
    "brand": "Old El Paso",
    "name": "Enchilada Kit Mild",
    "imageUrl": "https://shop.coles.com.au/wcsstore/Coles-CAS/images/7/0/1/7010920-th.jpg",
    "categories": ["entertaining-at-home", "international-fods"],
    "tags": ["party-fod-supplies", "mexican-party-fods"],
    "locations": {
      "vic": {
        "price": 6.5,
        "promoText": " ",
        "packageSize": "520g",
        "packagePrice": "$1.25 per 100G"
      }
    }
  },
  {
    "id": "old-el-paso-taco-seasoning-mix-salt-reduced",
    "brand": "Old El Paso",
    "name": "Reduced Salt Spice Mix Taco Mild",
    "imageUrl": "https://shop.coles.com.au/wcsstore/Coles-CAS/images/5/3/2/5322591-th.jpg",
    "categories": ["entertaining-at-home", "international-fods"],
    "tags": ["party-fod-supplies", "mexican-party-fods"],
    "locations": {
      "vic": {
        "price": 2,
        "promoText": " ",
        "packageSize": "30g",
        "packagePrice": "$0.67 per 10G"
      }
    }
  },
  {
    "id": "old-el-paso-taco-kit-crispy-chicken",
    "brand": "Old El Paso",
    "name": "Crispy Chicken Soft Taco Kit Mild",
    "imageUrl": "https://shop.coles.com.au/wcsstore/Coles-CAS/images/5/9/3/5931782-th.jpg",
    "categories": ["entertaining-at-home", "international-fods"],
    "tags": ["party-fod-supplies", "mexican-party-fods"],
    "locations": {
      "vic": {
        "price": 3.25,
        "promoText": " ",
        "packageSize": "370g",
        "packagePrice": "$0.88 per 100G"
      }
    }
  },
  {
    "id": "old-el-paso-chilli-jalapenos",
    "brand": "Old El Paso",
    "name": "Green Jalapenos Hot",
    "imageUrl": "https://shop.coles.com.au/wcsstore/Coles-CAS/images/5/2/2/5224560-th.jpg",
    "categories": ["entertaining-at-home", "international-fods"],
    "tags": ["party-fod-supplies", "mexican-party-fods"],
    "locations": {
      "vic": {
        "price": 4.45,
        "promoText": " ",
        "packageSize": "250g",
        "packagePrice": "$1.78 per 100G"
      }
    }
  },
  {
    "id": "old-el-paso-thick-chunky-salsa-mild",
    "brand": "Old El Paso",
    "name": "Thick & Chunky Salsa Mild",
    "imageUrl": "https://shop.coles.com.au/wcsstore/Coles-CAS/images/5/0/8/5085452-th.jpg",
    "categories": ["entertaining-at-home", "international-fods"],
    "tags": ["party-fod-supplies", "mexican-party-fods"],
    "locations": {
      "vic": {
        "price": 4.45,
        "promoText": " ",
        "packageSize": "375g",
        "packagePrice": "$1.19 per 100G"
      }
    }
  },
  {
    "id": "old-el-paso-chilli-seasoning-mix",
    "brand": "Old El Paso",
    "name": "Spice Mix For Chili Medium",
    "imageUrl": "https://shop.coles.com.au/wcsstore/Coles-CAS/images/2/9/1/291388-th.jpg",
    "categories": ["entertaining-at-home", "international-fods"],
    "tags": ["party-fod-supplies", "mexican-party-fods"],
    "locations": {
      "vic": {
        "price": 2,
        "promoText": " ",
        "packageSize": "35g",
        "packagePrice": "$0.57 per 10G"
      }
    }
  },
  {
    "id": "old-el-paso-stand-n-stuff-mini-tortillas",
    "brand": "Old El Paso",
    "name": "Stand 'N Stuff Mini Soft Tortillas 12 pack",
    "imageUrl": "https://shop.coles.com.au/wcsstore/Coles-CAS/images/2/7/4/2745817-th.jpg",
    "categories": [
      "entertaining-at-home",
      "bread-bakery",
      "international-fods"
    ],
    "tags": ["party-fod-supplies", "mexican-party-fods"],
    "locations": {
      "vic": {
        "price": 4.8,
        "promoText": " ",
        "packageSize": "145g",
        "packagePrice": "$3.31 per 100G"
      }
    }
  },
  {
    "id": "old-el-paso-guacamole-seasoning-spice",
    "brand": "Old El Paso",
    "name": "Spice Mix For Guacamole Mild",
    "imageUrl": "https://shop.coles.com.au/wcsstore/Coles-CAS/images/2/9/2/2926990-th.jpg",
    "categories": ["entertaining-at-home", "international-fods"],
    "tags": ["party-fod-supplies", "mexican-party-fods"],
    "locations": {
      "vic": {
        "price": 2,
        "promoText": " ",
        "packageSize": "30g",
        "packagePrice": "$0.67 per 10G"
      }
    }
  },
  {
    "id": "old-el-paso-kit-gluten-free-soft-taco",
    "brand": "Old El Paso",
    "name": "Gluten Free Soft Taco Kit",
    "imageUrl": "https://shop.coles.com.au/wcsstore/Coles-CAS/images/3/1/9/3198684-th.jpg",
    "categories": [
      "entertaining-at-home",
      "international-fods",
      "healthy-living"
    ],
    "tags": ["party-fod-supplies", "mexican-party-fods"],
    "locations": {
      "vic": {
        "price": 7,
        "promoText": " ",
        "packageSize": "418g",
        "packagePrice": "$1.67 per 100G"
      }
    }
  },
  {
    "id": "coles-tortilla-chip",
    "brand": "Coles",
    "name": "Mexico Tortilla Corn Chips",
    "imageUrl": "https://shop.coles.com.au/wcsstore/Coles-CAS/images/3/4/7/3479184-th.jpg",
    "categories": ["entertaining-at-home", "international-fods"],
    "tags": ["party-fod-supplies", "mexican-party-fods"],
    "locations": {
      "vic": {
        "price": 2.5,
        "promoText": " ",
        "packageSize": "250g",
        "packagePrice": "$1.00 per 100G"
      }
    }
  },
  {
    "id": "coles-salsa-roja",
    "brand": "Coles",
    "name": "Mexico Smokey Salsa Roja Medium",
    "imageUrl": "https://shop.coles.com.au/wcsstore/Coles-CAS/images/3/4/9/3492863-th.jpg",
    "categories": ["entertaining-at-home", "international-fods"],
    "tags": ["party-fod-supplies", "mexican-party-fods"],
    "locations": {
      "vic": {
        "price": 4,
        "promoText": " ",
        "packageSize": "300g",
        "packagePrice": "$1.33 per 100G"
      }
    }
  },
  {
    "id": "mission-tortillas-multigrain-8-pack",
    "brand": "Mission",
    "name": "Multigrain 8 Tortillas",
    "imageUrl": "https://shop.coles.com.au/wcsstore/Coles-CAS/images/6/7/6/6767935-th.jpg",
    "categories": ["entertaining-at-home", "international-fods"],
    "tags": ["party-fod-supplies", "mexican-party-fods"],
    "locations": {
      "vic": {
        "price": 3,
        "promoText": "$0.80 ",
        "packageSize": "384g",
        "packagePrice": "$0.78 per 100G"
      }
    }
  },
  {
    "id": "old-el-paso-thick-chunky-salsa-medium",
    "brand": "Old El Paso",
    "name": "Thick 'N Chunky Salsa Medium",
    "imageUrl": "https://shop.coles.com.au/wcsstore/Coles-CAS/images/3/8/9/38943-th.jpg",
    "categories": ["entertaining-at-home", "international-fods"],
    "tags": ["party-fod-supplies", "mexican-party-fods"],
    "locations": {
      "vic": {
        "price": 4.45,
        "promoText": " ",
        "packageSize": "375g",
        "packagePrice": "$1.19 per 100G"
      }
    }
  },
  {
    "id": "old-el-paso-stand-n-stuff-tortillas",
    "brand": "Old El Paso",
    "name": "Stand 'N Stuff Flour Soft Tortillas 8 Pack",
    "imageUrl": "https://shop.coles.com.au/wcsstore/Coles-CAS/images/1/8/6/1868323-th.jpg",
    "categories": [
      "entertaining-at-home",
      "bread-bakery",
      "international-fods"
    ],
    "tags": ["party-fod-supplies", "mexican-party-fods"],
    "locations": {
      "vic": {
        "price": 4.45,
        "promoText": " ",
        "packageSize": "193g",
        "packagePrice": "$2.31 per 100G"
      }
    }
  },
  {
    "id": "coles-whole-chipotle-peppers",
    "brand": "Coles",
    "name": "Mexico Chiles Chipotle Peppers",
    "imageUrl": "https://shop.coles.com.au/wcsstore/Coles-CAS/images/3/4/7/3479592-th.jpg",
    "categories": ["entertaining-at-home", "international-fods"],
    "tags": ["party-fod-supplies", "mexican-party-fods"],
    "locations": {
      "vic": {
        "price": 3.8,
        "promoText": " ",
        "packageSize": "200g",
        "packagePrice": "$1.90 per 100G"
      }
    }
  },
  {
    "id": "old-el-paso-fajita-seasoning-mix",
    "brand": "Old El Paso",
    "name": "Spice Mix For Fajitas Mild",
    "imageUrl": "https://shop.coles.com.au/wcsstore/Coles-CAS/images/5/0/6/5066050-th.jpg",
    "categories": ["entertaining-at-home", "international-fods"],
    "tags": ["party-fod-supplies", "mexican-party-fods"],
    "locations": {
      "vic": {
        "price": 2,
        "promoText": " ",
        "packageSize": "40g",
        "packagePrice": "$0.50 per 10G"
      }
    }
  },
  {
    "id": "old-el-paso-taco-sauce-medium",
    "brand": "Old El Paso",
    "name": "Taco Sauce Medium",
    "imageUrl": "https://shop.coles.com.au/wcsstore/Coles-CAS/images/2/9/1/291402-th.jpg",
    "categories": ["entertaining-at-home", "international-fods"],
    "tags": ["party-fod-supplies", "mexican-party-fods"],
    "locations": {
      "vic": {
        "price": 3.2,
        "promoText": " ",
        "packageSize": "200mL",
        "packagePrice": "$1.60 per 100G"
      }
    }
  },
  {
    "id": "old-el-paso-burrito-kit",
    "brand": "Old El Paso",
    "name": "Burrito Kit Mild",
    "imageUrl": "https://shop.coles.com.au/wcsstore/Coles-CAS/images/7/8/8/7886168-th.jpg",
    "categories": ["entertaining-at-home", "international-fods"],
    "tags": ["party-fod-supplies", "mexican-party-fods"],
    "locations": {
      "vic": {
        "price": 6.5,
        "promoText": " ",
        "packageSize": "485g",
        "packagePrice": "$1.34 per 100G"
      }
    }
  },
  {
    "id": "old-el-paso-burrito-seasoning-mix",
    "brand": "Old El Paso",
    "name": "Spice Mix For Burritos Mild",
    "imageUrl": "https://shop.coles.com.au/wcsstore/Coles-CAS/images/6/0/4/6048848-th.jpg",
    "categories": ["entertaining-at-home", "international-fods"],
    "tags": ["party-fod-supplies", "mexican-party-fods"],
    "locations": {
      "vic": {
        "price": 2,
        "promoText": " ",
        "packageSize": "40g",
        "packagePrice": "$5.00 per 100G"
      }
    }
  },
  {
    "id": "old-el-paso-stand-n-stuff-mini-taco-shell-kit",
    "brand": "Old El Paso",
    "name": "Stand 'N Stuff Mini Taco Kit Mild 12 pack",
    "imageUrl": "https://shop.coles.com.au/wcsstore/Coles-CAS/images/2/7/4/2745737-th.jpg",
    "categories": ["entertaining-at-home", "international-fods"],
    "tags": ["party-fod-supplies", "mexican-party-fods"],
    "locations": {
      "vic": {
        "price": 7,
        "promoText": " ",
        "packageSize": "275g",
        "packagePrice": "$2.55 per 100G"
      }
    }
  },
  {
    "id": "old-el-paso-bulk-kit-hard-soft",
    "brand": "Old El Paso",
    "name": "Hard 'N Soft Taco Kit Mild",
    "imageUrl": "https://shop.coles.com.au/wcsstore/Coles-CAS/images/3/1/9/3198640-th.jpg",
    "categories": ["entertaining-at-home", "international-fods"],
    "tags": ["party-fod-supplies", "mexican-party-fods"],
    "locations": {
      "vic": {
        "price": 9,
        "promoText": "Was $9.50 on Jul 2019 ",
        "packageSize": "560g",
        "packagePrice": "$1.61 per 100G"
      }
    }
  },
  {
    "id": "coles-mexican-sauce",
    "brand": "Coles",
    "name": "Mexican Sauce Mild",
    "imageUrl": "https://shop.coles.com.au/wcsstore/Coles-CAS/images/7/4/0/7400700-th.jpg",
    "categories": ["entertaining-at-home", "international-fods"],
    "tags": ["party-fod-supplies", "mexican-party-fods"],
    "locations": {
      "vic": {
        "price": 2.5,
        "promoText": " ",
        "packageSize": "240g",
        "packagePrice": "$1.04 per 100G"
      }
    }
  },
  {
    "id": "one-night-in-mexico-lim-and-jalapeno-chicken",
    "brand": "One Night In Mexico",
    "name": "Lime & Jalapeno Taco Kit Hot",
    "imageUrl": "https://shop.coles.com.au/wcsstore/Coles-CAS/images/3/3/5/3352060-th.jpg",
    "categories": ["entertaining-at-home", "international-fods"],
    "tags": ["party-fod-supplies", "mexican-party-fods"],
    "locations": {
      "vic": {
        "price": 7,
        "promoText": " ",
        "packageSize": "435g",
        "packagePrice": "$1.61 per 100G"
      }
    }
  },
  {
    "id": "one-night-in-mexico-smokey-chipotle-chicken",
    "brand": "One Night In Mexico",
    "name": "Smokey Chipotle Taco Kit Medium",
    "imageUrl": "https://shop.coles.com.au/wcsstore/Coles-CAS/images/3/3/5/3352059-th.jpg",
    "categories": ["entertaining-at-home", "international-fods"],
    "tags": ["party-fod-supplies", "mexican-party-fods"],
    "locations": {
      "vic": {
        "price": 7,
        "promoText": " ",
        "packageSize": "435g",
        "packagePrice": "$1.61 per 100G"
      }
    }
  },
  {
    "id": "one-night-in-mexico-spice-beef",
    "brand": "One Night In Mexico",
    "name": "Mexican Spice Taco Kit Mild",
    "imageUrl": "https://shop.coles.com.au/wcsstore/Coles-CAS/images/3/3/5/3351996-th.jpg",
    "categories": ["entertaining-at-home", "international-fods"],
    "tags": ["party-fod-supplies", "mexican-party-fods"],
    "locations": {
      "vic": {
        "price": 7,
        "promoText": " ",
        "packageSize": "520g",
        "packagePrice": "$1.35 per 100G"
      }
    }
  },
  {
    "id": "mccain-potato-fries-crunchy-beer-batter-steak-frozen",
    "brand": "McCain",
    "name": "Frozen Steak Cut Beer Batter Chips",
    "imageUrl": "https://shop.coles.com.au/wcsstore/Coles-CAS/images/5/0/7/5070637-th.jpg",
    "categories": ["entertaining-at-home", "frozen"],
    "tags": ["party-fod-supplies", "finger-fod"],
    "locations": {
      "vic": {
        "price": 3,
        "promoText": "$1.00 ",
        "packageSize": "750g",
        "packagePrice": "$0.40 per 100G"
      }
    }
  },
  {
    "id": "mccain-potato-superfries-crinkle-cut-polyunsaturated-frozen",
    "brand": "McCain",
    "name": "Frozen Superfries Crinkle Cut Potato Chips",
    "imageUrl": "https://shop.coles.com.au/wcsstore/Coles-CAS/images/5/0/6/5066946-th.jpg",
    "categories": ["entertaining-at-home", "frozen"],
    "tags": ["party-fod-supplies", "finger-fod"],
    "locations": {
      "vic": {
        "price": 3,
        "promoText": " ",
        "packageSize": "900g",
        "packagePrice": "$3.33 per 1Kg"
      }
    }
  },
  {
    "id": "mccain-superfries-potato-chips-shoestring-frozen",
    "brand": "McCain",
    "name": "Frozen Superfries Shoestring Potato Chips",
    "imageUrl": "https://shop.coles.com.au/wcsstore/Coles-CAS/images/4/7/6/476022-th.jpg",
    "categories": ["entertaining-at-home", "frozen"],
    "tags": ["party-fod-supplies", "finger-fod"],
    "locations": {
      "vic": {
        "price": 3,
        "promoText": " ",
        "packageSize": "900g",
        "packagePrice": "$3.33 per 1Kg"
      }
    }
  },
  {
    "id": "steggles-chicken-tempura-dinosnacks",
    "brand": "Steggles",
    "name": "Frozen Tempura Chicken Breast Dino Snacks",
    "imageUrl": "https://shop.coles.com.au/wcsstore/Coles-CAS/images/5/4/1/5413937-th.jpg",
    "categories": ["entertaining-at-home", "frozen"],
    "tags": ["party-fod-supplies", "finger-fod"],
    "locations": {
      "vic": {
        "price": 5,
        "promoText": " ",
        "packageSize": "400g",
        "packagePrice": "$12.50 per 1Kg"
      }
    }
  },
  {
    "id": "coles-potato-chips-crinkle-cut-frozen",
    "brand": "Coles",
    "name": "Frozen Crinkle Cut Potato Chips",
    "imageUrl": "https://shop.coles.com.au/wcsstore/Coles-CAS/images/3/4/4/344269-th.jpg",
    "categories": ["entertaining-at-home", "frozen"],
    "tags": ["party-fod-supplies", "finger-fod"],
    "locations": {
      "vic": {
        "price": 1.9,
        "promoText": "Was $2.00 on Feb 2020 ",
        "packageSize": "1kg",
        "packagePrice": "$1.90 per 1Kg"
      }
    }
  },
  {
    "id": "coles-potato-royals-oven-fry-frozen",
    "brand": "Coles",
    "name": "Frozen Potato Royals",
    "imageUrl": "https://shop.coles.com.au/wcsstore/Coles-CAS/images/5/2/1/52128-th.jpg",
    "categories": ["entertaining-at-home", "frozen"],
    "tags": ["party-fod-supplies", "finger-fod"],
    "locations": {
      "vic": {
        "price": 3,
        "promoText": " ",
        "packageSize": "1kg",
        "packagePrice": "$3.00 per 1Kg"
      }
    }
  },
  {
    "id": "coles-potato-chips-straight-cut-frozen",
    "brand": "Coles",
    "name": "Frozen Straight Cut Potato Chips",
    "imageUrl": "https://shop.coles.com.au/wcsstore/Coles-CAS/images/2/9/3/293485-th.jpg",
    "categories": ["entertaining-at-home", "frozen"],
    "tags": ["party-fod-supplies", "finger-fod"],
    "locations": {
      "vic": {
        "price": 1.9,
        "promoText": "Was $2.00 on Feb 2020 ",
        "packageSize": "1kg",
        "packagePrice": "$1.90 per 1Kg"
      }
    }
  },
  {
    "id": "coles-hash-browns-frozen",
    "brand": "Coles",
    "name": "Frozen Hash Browns Potatoes",
    "imageUrl": "https://shop.coles.com.au/wcsstore/Coles-CAS/images/9/7/2/9728215-th.jpg",
    "categories": ["entertaining-at-home", "frozen"],
    "tags": ["party-fod-supplies", "finger-fod"],
    "locations": {
      "vic": {
        "price": 3,
        "promoText": " ",
        "packageSize": "1kg",
        "packagePrice": "$3.00 per 1Kg"
      }
    }
  },
  {
    "id": "mccain-potato-fries-beer-battered-thin-crispy-frozen",
    "brand": "McCain",
    "name": "Frozen Shoestring Beer Batter Chips",
    "imageUrl": "https://shop.coles.com.au/wcsstore/Coles-CAS/images/5/8/4/5841023-th.jpg",
    "categories": ["entertaining-at-home", "frozen"],
    "tags": ["party-fod-supplies", "finger-fod"],
    "locations": {
      "vic": {
        "price": 3,
        "promoText": "$1.00 ",
        "packageSize": "750g",
        "packagePrice": "$0.40 per 100G"
      }
    }
  },
  {
    "id": "coles-potato-chips-french-fries-frozen",
    "brand": "Coles",
    "name": "Frozen Potato French Fries",
    "imageUrl": "https://shop.coles.com.au/wcsstore/Coles-CAS/images/5/2/1/52139-th.jpg",
    "categories": ["entertaining-at-home", "frozen"],
    "tags": ["party-fod-supplies", "finger-fod"],
    "locations": {
      "vic": {
        "price": 1.9,
        "promoText": "Was $2.00 on Feb 2020 ",
        "packageSize": "1kg",
        "packagePrice": "$1.90 per 1Kg"
      }
    }
  },
  {
    "id": "mccains-scalloped-potatoes",
    "brand": "McCain",
    "name": "Frozen Scalloped Potatoes",
    "imageUrl": "https://shop.coles.com.au/wcsstore/Coles-CAS/images/3/3/9/3398388-th.jpg",
    "categories": ["entertaining-at-home", "frozen"],
    "tags": ["party-fod-supplies", "finger-fod"],
    "locations": {
      "vic": {
        "price": 2.5,
        "promoText": "$2.50 ",
        "packageSize": "600g",
        "packagePrice": "$0.42 per 100G"
      }
    }
  },
  {
    "id": "steggles-chicken-kiev-garlic",
    "brand": "Steggles",
    "name": "Frozen Garlic Chicken Kiev",
    "imageUrl": "https://shop.coles.com.au/wcsstore/Coles-CAS/images/1/2/4/1248136-th.jpg",
    "categories": ["entertaining-at-home", "frozen"],
    "tags": ["party-fod-supplies", "finger-fod"],
    "locations": {
      "vic": {
        "price": 4,
        "promoText": "$4.00 ",
        "packageSize": "350g",
        "packagePrice": "$1.14 per 100G"
      }
    }
  },
  {
    "id": "mccain-hashbrown-shredded-potato",
    "brand": "McCain",
    "name": "Frozen Shredded Potato Hash Browns",
    "imageUrl": "https://shop.coles.com.au/wcsstore/Coles-CAS/images/8/2/1/8217844-th.jpg",
    "categories": ["entertaining-at-home", "frozen"],
    "tags": ["party-fod-supplies", "finger-fod"],
    "locations": {
      "vic": {
        "price": 3,
        "promoText": " ",
        "packageSize": "750g",
        "packagePrice": "$4.00 per 1Kg"
      }
    }
  },
  {
    "id": "mccain-potato-wedges-crunchy-frozen",
    "brand": "McCain",
    "name": "Frozen Pub Style Potato Wedges",
    "imageUrl": "https://shop.coles.com.au/wcsstore/Coles-CAS/images/5/3/9/5394810-th.jpg",
    "categories": ["entertaining-at-home", "frozen"],
    "tags": ["party-fod-supplies", "finger-fod"],
    "locations": {
      "vic": {
        "price": 4,
        "promoText": " ",
        "packageSize": "750g",
        "packagePrice": "$5.33 per 1Kg"
      }
    }
  },
  {
    "id": "mccain-potato-fries-crunchy-beer-batter-thick-chunky-frozen",
    "brand": "McCain",
    "name": "Frozen Chunky Beer Batter Chips",
    "imageUrl": "https://shop.coles.com.au/wcsstore/Coles-CAS/images/5/0/7/5070648-th.jpg",
    "categories": ["entertaining-at-home", "frozen"],
    "tags": ["party-fod-supplies", "finger-fod"],
    "locations": {
      "vic": {
        "price": 3,
        "promoText": "$1.00 ",
        "packageSize": "750g",
        "packagePrice": "$0.40 per 100G"
      }
    }
  },
  {
    "id": "steggles-crumbed-breast-goujons",
    "brand": "Steggles",
    "name": "Frozen Chicken Breast Goujons",
    "imageUrl": "https://shop.coles.com.au/wcsstore/Coles-CAS/images/8/4/3/8434332-th.jpg",
    "categories": ["entertaining-at-home", "frozen"],
    "tags": ["party-fod-supplies", "finger-fod"],
    "locations": {
      "vic": {
        "price": 8.75,
        "promoText": "$8.75 ",
        "packageSize": "1kg",
        "packagePrice": "$8.75 per 1Kg"
      }
    }
  },
  {
    "id": "steggles-tempura-breast-pops",
    "brand": "Steggles",
    "name": "Frozen Tempura Chicken Breast Pops",
    "imageUrl": "https://shop.coles.com.au/wcsstore/Coles-CAS/images/3/2/3/3236976-th.jpg",
    "categories": ["entertaining-at-home", "frozen"],
    "tags": ["party-fod-supplies", "finger-fod"],
    "locations": {
      "vic": {
        "price": 8.75,
        "promoText": "$8.75 ",
        "packageSize": "1kg",
        "packagePrice": "$8.75 per 1Kg"
      }
    }
  },
  {
    "id": "mccains-delish-chips-rosemary-sea-salt",
    "brand": "McCain",
    "name": "Rosemary Sea Salt Delish Chips",
    "imageUrl": "https://shop.coles.com.au/wcsstore/Coles-CAS/images/3/3/9/3398617-th.jpg",
    "categories": ["entertaining-at-home", "frozen"],
    "tags": ["party-fod-supplies", "finger-fod"],
    "locations": {
      "vic": {
        "price": 4,
        "promoText": " ",
        "packageSize": "600g",
        "packagePrice": "$6.67 per 1Kg"
      }
    }
  },
  {
    "id": "mccain-potato-wedges-beer-batter-frozen",
    "brand": "McCain",
    "name": "Frozen Crispy & Golden Beer Batter Wedges",
    "imageUrl": "https://shop.coles.com.au/wcsstore/Coles-CAS/images/5/0/6/5069387-th.jpg",
    "categories": ["entertaining-at-home", "frozen"],
    "tags": ["party-fod-supplies", "finger-fod"],
    "locations": {
      "vic": {
        "price": 3,
        "promoText": "$1.00 ",
        "packageSize": "750g",
        "packagePrice": "$0.40 per 100G"
      }
    }
  },
  {
    "id": "mccain-superfries-potato-chips-straight-cut-frozen",
    "brand": "McCain",
    "name": "Frozen Superfries Straight Cut Potato Chips",
    "imageUrl": "https://shop.coles.com.au/wcsstore/Coles-CAS/images/9/1/7/91710-th.jpg",
    "categories": ["entertaining-at-home", "frozen"],
    "tags": ["party-fod-supplies", "finger-fod"],
    "locations": {
      "vic": {
        "price": 3,
        "promoText": " ",
        "packageSize": "900g",
        "packagePrice": "$3.33 per 1Kg"
      }
    }
  },
  {
    "id": "mccain-sweet-potato-chips",
    "brand": "McCain",
    "name": "Frozen Sweet Potato Chips",
    "imageUrl": "https://shop.coles.com.au/wcsstore/Coles-CAS/images/2/1/3/2137800-th.jpg",
    "categories": ["entertaining-at-home", "frozen"],
    "tags": ["party-fod-supplies", "finger-fod"],
    "locations": {
      "vic": {
        "price": 5.5,
        "promoText": "Was $5.80 on Mar 2019 ",
        "packageSize": "750g",
        "packagePrice": "$7.33 per 1Kg"
      }
    }
  },
  {
    "id": "steggles-chicken-breast-crumbed-tenders",
    "brand": "Steggles",
    "name": "Frozen Crumbed Chicken Breast Tenders",
    "imageUrl": "https://shop.coles.com.au/wcsstore/Coles-CAS/images/8/4/3/8434627-th.jpg",
    "categories": ["entertaining-at-home", "frozen"],
    "tags": ["party-fod-supplies", "finger-fod"],
    "locations": {
      "vic": {
        "price": 9,
        "promoText": " ",
        "packageSize": "400g",
        "packagePrice": "$22.50 per 1Kg"
      }
    }
  },
  {
    "id": "steggles-chicken-breast-fingers-frozen",
    "brand": "Steggles",
    "name": "Frozen Crumbed Chicken Breast Fingers",
    "imageUrl": "https://shop.coles.com.au/wcsstore/Coles-CAS/images/6/6/3/6632528-th.jpg",
    "categories": ["entertaining-at-home", "frozen"],
    "tags": ["party-fod-supplies", "finger-fod"],
    "locations": {
      "vic": {
        "price": 7,
        "promoText": " ",
        "packageSize": "400g",
        "packagePrice": "$17.50 per 1Kg"
      }
    }
  },
  {
    "id": "coles-nuggets-chicken-breast-frozen",
    "brand": "Coles",
    "name": "Frozen Chicken Breast Nuggets",
    "imageUrl": "https://shop.coles.com.au/wcsstore/Coles-CAS/images/6/3/2/6324821-th.jpg",
    "categories": ["entertaining-at-home", "frozen"],
    "tags": ["party-fod-supplies", "finger-fod"],
    "locations": {
      "vic": {
        "price": 3.6,
        "promoText": " ",
        "packageSize": "400g",
        "packagePrice": "$0.90 per 100G"
      }
    }
  },
  {
    "id": "coles-sweet-chilli-tender",
    "brand": "Coles",
    "name": "Frozen  Sweet Chilli Chicken Breast Tenders",
    "imageUrl": "https://shop.coles.com.au/wcsstore/Coles-CAS/images/3/1/8/3187509-th.jpg",
    "categories": ["entertaining-at-home", "frozen"],
    "tags": ["party-fod-supplies", "finger-fod"],
    "locations": {
      "vic": {
        "price": 3.5,
        "promoText": "Was $3.80 on Mar 2020 ",
        "packageSize": "400g",
        "packagePrice": "$8.75 per 1Kg"
      }
    }
  },
  {
    "id": "mccain-potato-bites",
    "brand": "McCain",
    "name": "Frozen Potato Bites Crispy Nuggets",
    "imageUrl": "https://shop.coles.com.au/wcsstore/Coles-CAS/images/3/3/1/3310605-th.jpg",
    "categories": ["entertaining-at-home", "frozen"],
    "tags": ["party-fod-supplies", "finger-fod"],
    "locations": {
      "vic": {
        "price": 4,
        "promoText": " ",
        "packageSize": "900g",
        "packagePrice": "$0.44 per 100G"
      }
    }
  },
  {
    "id": "steggles-chicken-breast-tenders",
    "brand": "Steggles",
    "name": "Frozen Classic Crumb Chicken Breast Tenders",
    "imageUrl": "https://shop.coles.com.au/wcsstore/Coles-CAS/images/3/2/3/3230710-th.jpg",
    "categories": ["entertaining-at-home", "frozen"],
    "tags": ["party-fod-supplies", "finger-fod"],
    "locations": {
      "vic": {
        "price": 8.75,
        "promoText": "$2.25 ",
        "packageSize": "1kg",
        "packagePrice": "$8.75 per 1Kg"
      }
    }
  },
  {
    "id": "steggles-tempura-chicken-nuggets",
    "brand": "Steggles",
    "name": "Frozen Tempura Chicken Breast Nuggets",
    "imageUrl": "https://shop.coles.com.au/wcsstore/Coles-CAS/images/3/0/8/3088493-th.jpg",
    "categories": ["entertaining-at-home", "frozen"],
    "tags": ["party-fod-supplies", "finger-fod"],
    "locations": {
      "vic": {
        "price": 5,
        "promoText": " ",
        "packageSize": "400g",
        "packagePrice": "$12.50 per 1Kg"
      }
    }
  },
  {
    "id": "coles-smart-buy-chicken-nuggets-frozen",
    "brand": "Coles",
    "name": "Frozen Chicken Nuggets",
    "imageUrl": "https://shop.coles.com.au/wcsstore/Coles-CAS/images/5/6/1/5613685-th.jpg",
    "categories": ["entertaining-at-home", "frozen"],
    "tags": ["party-fod-supplies", "finger-fod"],
    "locations": {
      "vic": {
        "price": 2.9,
        "promoText": " ",
        "packageSize": "500g",
        "packagePrice": "$5.80 per 1Kg"
      }
    }
  },
  {
    "id": "coles-beer-batter-frozen-steakhouse-chips",
    "brand": "Coles",
    "name": "Frozen Beer Batter Steakhouse Potato Chips",
    "imageUrl": "https://shop.coles.com.au/wcsstore/Coles-CAS/images/2/2/7/2271348-th.jpg",
    "categories": ["entertaining-at-home", "frozen"],
    "tags": ["party-fod-supplies", "finger-fod"],
    "locations": {
      "vic": {
        "price": 2.7,
        "promoText": " ",
        "packageSize": "750g",
        "packagePrice": "$3.60 per 1Kg"
      }
    }
  },
  {
    "id": "steggles-chicken-strips-crunchy-southern-style-frozen",
    "brand": "Steggles",
    "name": "Frozen Southern Style Chicken Strips",
    "imageUrl": "https://shop.coles.com.au/wcsstore/Coles-CAS/images/6/6/2/6624993-th.jpg",
    "categories": ["entertaining-at-home", "frozen"],
    "tags": ["party-fod-supplies", "finger-fod"],
    "locations": {
      "vic": {
        "price": 8.5,
        "promoText": " ",
        "packageSize": "400g",
        "packagePrice": "$21.25 per 1Kg"
      }
    }
  },
  {
    "id": "steggles-crumbed-chicken-nugget",
    "brand": "Steggles",
    "name": "Frozen Crumbed Chicken Nuggets",
    "imageUrl": "https://shop.coles.com.au/wcsstore/Coles-CAS/images/3/0/8/3081825-th.jpg",
    "categories": ["entertaining-at-home", "frozen"],
    "tags": ["party-fod-supplies", "finger-fod"],
    "locations": {
      "vic": {
        "price": 12,
        "promoText": " ",
        "packageSize": "1kg",
        "packagePrice": "$12.00 per 1Kg"
      }
    }
  },
  {
    "id": "steggles-premium-chicken-nuggets",
    "brand": "Steggles",
    "name": "Frozen Crumbed Chicken Breast Nuggets",
    "imageUrl": "https://shop.coles.com.au/wcsstore/Coles-CAS/images/3/0/8/3088450-th.jpg",
    "categories": ["entertaining-at-home", "frozen"],
    "tags": ["party-fod-supplies", "finger-fod"],
    "locations": {
      "vic": {
        "price": 5,
        "promoText": " ",
        "packageSize": "400g",
        "packagePrice": "$12.50 per 1Kg"
      }
    }
  },
  {
    "id": "steggles-chicken-kiev-creamy-garlic-filled",
    "brand": "Steggles",
    "name": "Frozen Creamy Garlic Chicken Kiev",
    "imageUrl": "https://shop.coles.com.au/wcsstore/Coles-CAS/images/3/2/3/3230787-th.jpg",
    "categories": ["entertaining-at-home", "frozen"],
    "tags": ["party-fod-supplies", "finger-fod"],
    "locations": {
      "vic": {
        "price": 6,
        "promoText": "$6.00 ",
        "packageSize": "600g",
        "packagePrice": "$10.00 per 1Kg"
      }
    }
  },
  {
    "id": "mccain-potato-fries-crunchy-frozen",
    "brand": "McCain",
    "name": "Frozen Pub Style Fries",
    "imageUrl": "https://shop.coles.com.au/wcsstore/Coles-CAS/images/5/7/6/5766020-th.jpg",
    "categories": ["entertaining-at-home", "frozen"],
    "tags": ["party-fod-supplies", "finger-fod"],
    "locations": {
      "vic": {
        "price": 4,
        "promoText": " ",
        "packageSize": "750g",
        "packagePrice": "$0.53 per 100G"
      }
    }
  },
  {
    "id": "steggles-chicken-kiev-garlic-mini-frozen",
    "brand": "Steggles",
    "name": "Frozen Garlic Mini Chicken Kiev Balls",
    "imageUrl": "https://shop.coles.com.au/wcsstore/Coles-CAS/images/1/2/4/1248158-th.jpg",
    "categories": ["entertaining-at-home", "frozen"],
    "tags": ["party-fod-supplies", "finger-fod"],
    "locations": {
      "vic": {
        "price": 3.75,
        "promoText": "$3.75 ",
        "packageSize": "400g",
        "packagePrice": "$9.38 per 1Kg"
      }
    }
  },
  {
    "id": "steggles-sweet-chilli-tenders",
    "brand": "Steggles",
    "name": "Frozen Sweet Chilli Chicken Tenders",
    "imageUrl": "https://shop.coles.com.au/wcsstore/Coles-CAS/images/3/0/8/3088438-th.jpg",
    "categories": ["entertaining-at-home", "frozen"],
    "tags": ["party-fod-supplies", "finger-fod"],
    "locations": {
      "vic": {
        "price": 9,
        "promoText": "$2.00 ",
        "packageSize": "1kg",
        "packagePrice": "$9.00 per 1Kg"
      }
    }
  },
  {
    "id": "coles-tenders-chicken-breast-frozen",
    "brand": "Coles",
    "name": "Frozen Chicken Breast Tenders",
    "imageUrl": "https://shop.coles.com.au/wcsstore/Coles-CAS/images/5/4/2/5428275-th.jpg",
    "categories": ["entertaining-at-home", "frozen"],
    "tags": ["party-fod-supplies", "finger-fod"],
    "locations": {
      "vic": {
        "price": 3.5,
        "promoText": "Was $3.80 on Mar 2020 ",
        "packageSize": "400g",
        "packagePrice": "$0.88 per 100G"
      }
    }
  },
  {
    "id": "lilydale-chicken-tenders-lemon-pepper",
    "brand": "Lilydale",
    "name": "Frozen Free Range Lemon & Pepper Baked Chicken Tenders",
    "imageUrl": "https://shop.coles.com.au/wcsstore/Coles-CAS/images/3/0/8/3081734-th.jpg",
    "categories": ["entertaining-at-home", "frozen"],
    "tags": ["party-fod-supplies", "finger-fod"],
    "locations": {
      "vic": {
        "price": 7.6,
        "promoText": "$1.90 ",
        "packageSize": "350g",
        "packagePrice": "$21.71 per 1Kg"
      }
    }
  },
  {
    "id": "mccains-delish-roasts-rosemary-garlic",
    "brand": "McCain",
    "name": "Rosemary Garlic Delish Roasts",
    "imageUrl": "https://shop.coles.com.au/wcsstore/Coles-CAS/images/3/3/9/3398639-th.jpg",
    "categories": ["entertaining-at-home", "frozen"],
    "tags": ["party-fod-supplies", "finger-fod"],
    "locations": {
      "vic": {
        "price": 4,
        "promoText": " ",
        "packageSize": "600g",
        "packagePrice": "$6.67 per 1Kg"
      }
    }
  },
  {
    "id": "mccains-pommes",
    "brand": "McCain",
    "name": "Frozen Pommes Light & Crispy Potato Balls",
    "imageUrl": "https://shop.coles.com.au/wcsstore/Coles-CAS/images/3/4/1/3412490-th.jpg",
    "categories": ["entertaining-at-home", "frozen"],
    "tags": ["party-fod-supplies", "finger-fod"],
    "locations": {
      "vic": {
        "price": 4,
        "promoText": " ",
        "packageSize": "500g",
        "packagePrice": "$0.80 per 100G"
      }
    }
  },
  {
    "id": "steggles-chicken-tempura-crackles--frozen",
    "brand": "Steggles",
    "name": "Frozen Chicken Breast Tempura Crackles",
    "imageUrl": "https://shop.coles.com.au/wcsstore/Coles-CAS/images/5/4/0/5405881-th.jpg",
    "categories": ["entertaining-at-home", "frozen"],
    "tags": ["party-fod-supplies", "finger-fod"],
    "locations": {
      "vic": {
        "price": 8.5,
        "promoText": " ",
        "packageSize": "400g",
        "packagePrice": "$21.25 per 1Kg"
      }
    }
  },
  {
    "id": "mccain-sweet-potato-rosemary-garlic",
    "brand": "McCain",
    "name": "Rosemary & Garlic Sweet Potato",
    "imageUrl": "https://shop.coles.com.au/wcsstore/Coles-CAS/images/3/4/1/3417926-th.jpg",
    "categories": ["entertaining-at-home", "frozen"],
    "tags": ["party-fod-supplies", "finger-fod"],
    "locations": {
      "vic": {
        "price": 5.5,
        "promoText": " ",
        "packageSize": "750g",
        "packagePrice": "$7.33 per 1Kg"
      }
    }
  },
  {
    "id": "mccains-bubble-and-squeak",
    "brand": "McCain",
    "name": "Frozen Bubble and Squeak Potato Pattie with Veggies",
    "imageUrl": "https://shop.coles.com.au/wcsstore/Coles-CAS/images/3/4/1/3412514-th.jpg",
    "categories": ["entertaining-at-home", "frozen"],
    "tags": ["party-fod-supplies", "finger-fod"],
    "locations": {
      "vic": {
        "price": 3,
        "promoText": "Was $3.50 on Jun 2019 ",
        "packageSize": "620g",
        "packagePrice": "$0.48 per 100G"
      }
    }
  },
  {
    "id": "steggles-hot-spicy-chicken-tenders",
    "brand": "Steggles",
    "name": "Frozen Hot & Spicy Chicken Breast Tenders",
    "imageUrl": "https://shop.coles.com.au/wcsstore/Coles-CAS/images/2/7/1/2719974-th.jpg",
    "categories": ["entertaining-at-home", "frozen"],
    "tags": ["party-fod-supplies", "finger-fod"],
    "locations": {
      "vic": {
        "price": 9,
        "promoText": " ",
        "packageSize": "400g",
        "packagePrice": "$22.50 per 1Kg"
      }
    }
  },
  {
    "id": "steggles-chicken-tenders-sweet-chilli",
    "brand": "Steggles",
    "name": "Frozen Sweet Chilli Chicken Breast Tenders",
    "imageUrl": "https://shop.coles.com.au/wcsstore/Coles-CAS/images/2/7/1/2719952-th.jpg",
    "categories": ["entertaining-at-home", "frozen"],
    "tags": ["party-fod-supplies", "finger-fod"],
    "locations": {
      "vic": {
        "price": 9,
        "promoText": " ",
        "packageSize": "400g",
        "packagePrice": "$22.50 per 1Kg"
      }
    }
  },
  {
    "id": "steggles-chicken-tenders-southern-style",
    "brand": "Steggles",
    "name": "Frozen Southern Style Chicken Breast Tenders",
    "imageUrl": "https://shop.coles.com.au/wcsstore/Coles-CAS/images/2/7/1/2719963-th.jpg",
    "categories": ["entertaining-at-home", "frozen"],
    "tags": ["party-fod-supplies", "finger-fod"],
    "locations": {
      "vic": {
        "price": 9,
        "promoText": " ",
        "packageSize": "400g",
        "packagePrice": "$22.50 per 1Kg"
      }
    }
  },
  {
    "id": "steggles-honey-soy-tenders",
    "brand": "Steggles",
    "name": "Frozen Honey Soy Frozen Chicken Breast Tenders",
    "imageUrl": "https://shop.coles.com.au/wcsstore/Coles-CAS/images/3/2/3/3230754-th.jpg",
    "categories": ["entertaining-at-home", "frozen"],
    "tags": ["party-fod-supplies", "finger-fod"],
    "locations": {
      "vic": {
        "price": 9,
        "promoText": " ",
        "packageSize": "400g",
        "packagePrice": "$22.50 per 1Kg"
      }
    }
  },
  {
    "id": "coles-southern-style-chicken-pops",
    "brand": "Coles",
    "name": "Southern Style Chicken Pops",
    "imageUrl": "https://shop.coles.com.au/wcsstore/Coles-CAS/images/3/1/8/3187553-th.jpg",
    "categories": ["entertaining-at-home", "frozen"],
    "tags": ["party-fod-supplies", "finger-fod"],
    "locations": {
      "vic": {
        "price": 6,
        "promoText": " ",
        "packageSize": "400g",
        "packagePrice": "$15.00 per 1Kg"
      }
    }
  },
  {
    "id": "coles-tempura-chicken-nuggets",
    "brand": "Coles",
    "name": "Frozen Tempura Chicken Breast Nuggets",
    "imageUrl": "https://shop.coles.com.au/wcsstore/Coles-CAS/images/3/1/8/3182629-th.jpg",
    "categories": ["entertaining-at-home", "frozen"],
    "tags": ["party-fod-supplies", "finger-fod"],
    "locations": {
      "vic": {
        "price": 3.6,
        "promoText": " ",
        "packageSize": "400g",
        "packagePrice": "$0.90 per 100G"
      }
    }
  },
  {
    "id": "coles-corn-cheese-chicken-nuggets",
    "brand": "Coles",
    "name": "Frozen Corn & Cheese Chicken Nuggets",
    "imageUrl": "https://shop.coles.com.au/wcsstore/Coles-CAS/images/3/1/8/3186200-th.jpg",
    "categories": ["entertaining-at-home", "frozen"],
    "tags": ["party-fod-supplies", "finger-fod"],
    "locations": {
      "vic": {
        "price": 6.15,
        "promoText": " ",
        "packageSize": "400g",
        "packagePrice": "$15.38 per 1Kg"
      }
    }
  },
  {
    "id": "mccain-sweet-potato-cross-trax",
    "brand": "McCain",
    "name": "Frozen Sweet Potato Cross Trax",
    "imageUrl": "https://shop.coles.com.au/wcsstore/Coles-CAS/images/3/3/1/3310580-th.jpg",
    "categories": ["entertaining-at-home", "frozen"],
    "tags": ["party-fod-supplies", "finger-fod"],
    "locations": {
      "vic": {
        "price": 5,
        "promoText": " ",
        "packageSize": "500g",
        "packagePrice": "$1.00 per 100G"
      }
    }
  },
  {
    "id": "mccains-delish-chips-parmesan-garlic-basil",
    "brand": "McCain",
    "name": "Basil Garlic & Parmesan Delish Chips",
    "imageUrl": "https://shop.coles.com.au/wcsstore/Coles-CAS/images/3/3/9/3398606-th.jpg",
    "categories": ["entertaining-at-home", "frozen"],
    "tags": ["party-fod-supplies", "finger-fod"],
    "locations": {
      "vic": {
        "price": 4,
        "promoText": " ",
        "packageSize": "600g",
        "packagePrice": "$6.67 per 1Kg"
      }
    }
  },
  {
    "id": "steggles-flaming-wing-nibbles",
    "brand": "Steggles",
    "name": "Frozen Flaming Chicken Wing Nibbles",
    "imageUrl": "https://shop.coles.com.au/wcsstore/Coles-CAS/images/1/8/7/1873108-th.jpg",
    "categories": ["entertaining-at-home", "frozen"],
    "tags": ["party-fod-supplies", "finger-fod"],
    "locations": {
      "vic": {
        "price": 17.5,
        "promoText": " ",
        "packageSize": "1kg",
        "packagePrice": "$17.50 per 1Kg"
      }
    }
  },
  {
    "id": "steggles-chicken-veg-nugget",
    "brand": "Steggles",
    "name": "Frozen Veggie Chicken Breast Nuggets",
    "imageUrl": "https://shop.coles.com.au/wcsstore/Coles-CAS/images/3/2/3/3230696-th.jpg",
    "categories": ["entertaining-at-home", "frozen"],
    "tags": ["party-fod-supplies", "finger-fod"],
    "locations": {
      "vic": {
        "price": 5.5,
        "promoText": " ",
        "packageSize": "400g",
        "packagePrice": "$13.75 per 1Kg"
      }
    }
  },
  {
    "id": "steggles-boneless-bucket",
    "brand": "Steggles",
    "name": "Frozen Chicken Party Bucket",
    "imageUrl": "https://shop.coles.com.au/wcsstore/Coles-CAS/images/3/2/3/3230743-th.jpg",
    "categories": ["entertaining-at-home", "frozen"],
    "tags": ["party-fod-supplies", "finger-fod"],
    "locations": {
      "vic": {
        "price": 17.5,
        "promoText": " ",
        "packageSize": "600g",
        "packagePrice": "$29.17 per 1Kg"
      }
    }
  },
  {
    "id": "south-cape-cheese-platter-white-wine-matched",
    "brand": "South Cape",
    "name": "White Wine Matched Cheese Platter",
    "imageUrl": "https://shop.coles.com.au/wcsstore/Coles-CAS/images/9/1/7/9172264-th.jpg",
    "categories": [
      "entertaining-at-home",
      "meat-seafood-deli",
      "dairy-eggs-meals"
    ],
    "tags": ["deli-platters", "meat-fre-4405668"],
    "locations": {
      "vic": {
        "price": 13,
        "promoText": " ",
        "packageSize": "320g",
        "packagePrice": "$40.63 per 1Kg"
      }
    }
  },
  {
    "id": "chrystal-fresh-trio-of-cheese-selections",
    "brand": "Chrystal Fresh",
    "name": "Trio Of Cheese Selection",
    "imageUrl": "https://shop.coles.com.au/wcsstore/Coles-CAS/images/1/8/5/1859570-th.jpg",
    "categories": [
      "entertaining-at-home",
      "meat-seafood-deli",
      "dairy-eggs-meals"
    ],
    "tags": ["deli-platters", "meat-fre-4405668"],
    "locations": {
      "vic": {
        "price": 11.5,
        "promoText": " ",
        "packageSize": "335g",
        "packagePrice": "$34.33 per 1Kg"
      }
    }
  },
  {
    "id": "schweppes-mixer-soda-water-300ml-bottles",
    "brand": "Schweppes",
    "name": "Mixers Soda Water Multipack Bottles 300mL",
    "imageUrl": "https://shop.coles.com.au/wcsstore/Coles-CAS/images/7/3/5/7351965-th.jpg",
    "categories": ["entertaining-at-home", "drinks"],
    "tags": ["drinks-mixers", "drink-mixers"],
    "locations": {
      "vic": {
        "price": 5.25,
        "promoText": "Any 2 $7",
        "packageSize": "4 pack",
        "packagePrice": "$4.38 per 1L"
      }
    }
  },
  {
    "id": "schweppes-mixer-tonic-water-300ml-bottles",
    "brand": "Schweppes",
    "name": "Mixers Tonic Water Multipack Bottles 300mL",
    "imageUrl": "https://shop.coles.com.au/wcsstore/Coles-CAS/images/7/3/5/7351976-th.jpg",
    "categories": ["entertaining-at-home", "drinks"],
    "tags": ["drinks-mixers", "drink-mixers"],
    "locations": {
      "vic": {
        "price": 5.25,
        "promoText": "Any 2 $7",
        "packageSize": "4 pack",
        "packagePrice": "$4.38 per 1L"
      }
    }
  },
  {
    "id": "schweppes-mixer-dry-ginger-300ml-bottles",
    "brand": "Schweppes",
    "name": "Dry Ginger Ale Classic Mixers Multipack Bottles 300mL",
    "imageUrl": "https://shop.coles.com.au/wcsstore/Coles-CAS/images/7/3/6/7364650-th.jpg",
    "categories": ["entertaining-at-home", "drinks"],
    "tags": ["drinks-mixers", "drink-mixers"],
    "locations": {
      "vic": {
        "price": 5.25,
        "promoText": "Any 2 $7",
        "packageSize": "4 pack",
        "packagePrice": "$4.38 per 1L"
      }
    }
  },
  {
    "id": "cascade-mini-mixers-lemon-lime-bitters-200ml",
    "brand": "Cascade",
    "name": "Mini Mixers Lemon, Lime & Bitters Multipack Cans 200mL",
    "imageUrl": "https://shop.coles.com.au/wcsstore/Coles-CAS/images/2/7/7/2778270-th.jpg",
    "categories": ["entertaining-at-home", "drinks"],
    "tags": ["drinks-mixers", "drink-mixers"],
    "locations": {
      "vic": {
        "price": 4,
        "promoText": "Any 2 $5",
        "packageSize": "4 pack",
        "packagePrice": "$5.00 per 1L"
      }
    }
  },
  {
    "id": "cascade-mini-mixers-lemon-soda-lime-200ml",
    "brand": "Cascade",
    "name": "Soda Water & Lime Multipack Mini Cans 200mL",
    "imageUrl": "https://shop.coles.com.au/wcsstore/Coles-CAS/images/2/7/7/2778281-th.jpg",
    "categories": ["entertaining-at-home", "drinks"],
    "tags": ["drinks-mixers", "drink-mixers"],
    "locations": {
      "vic": {
        "price": 4,
        "promoText": "Any 2 $5",
        "packageSize": "4 Pack",
        "packagePrice": "$5.00 per 1L"
      }
    }
  },
  {
    "id": "cascade-mini-mixers-ginger-beer-200ml",
    "brand": "Cascade",
    "name": "Mini Mixers Ginger Beer Can 200mL",
    "imageUrl": "https://shop.coles.com.au/wcsstore/Coles-CAS/images/2/7/9/2794109-th.jpg",
    "categories": ["entertaining-at-home", "drinks"],
    "tags": ["drinks-mixers", "drink-mixers"],
    "locations": {
      "vic": {
        "price": 4,
        "promoText": "Any 2 $5",
        "packageSize": "4 Pack",
        "packagePrice": "$5.00 per 1L"
      }
    }
  },
  {
    "id": "coles-mixer-soda-water-8836879p",
    "brand": "Coles",
    "name": "Soda Water",
    "imageUrl": "https://shop.coles.com.au/wcsstore/Coles-CAS/images/8/8/3/8836879-th.jpg",
    "categories": ["entertaining-at-home", "drinks"],
    "tags": ["drinks-mixers", "drink-mixers"],
    "locations": {
      "vic": {
        "price": 0.75,
        "promoText": " ",
        "packageSize": "1.25L",
        "packagePrice": "$0.60 per 1L"
      }
    }
  },
  {
    "id": "coles-mixer-tonic-water-diet",
    "brand": "Coles",
    "name": "Diet Tonic Water",
    "imageUrl": "https://shop.coles.com.au/wcsstore/Coles-CAS/images/5/1/8/5180497-th.jpg",
    "categories": ["entertaining-at-home", "drinks"],
    "tags": ["drinks-mixers", "drink-mixers"],
    "locations": {
      "vic": {
        "price": 0.75,
        "promoText": " ",
        "packageSize": "1.25L",
        "packagePrice": "$0.60 per 1L"
      }
    }
  },
  {
    "id": "schweppes-tonic-water-mixers",
    "brand": "Schweppes",
    "name": "Tonic Water Mixers",
    "imageUrl": "https://shop.coles.com.au/wcsstore/Coles-CAS/images/3/0/1/3014806-th.jpg",
    "categories": ["entertaining-at-home", "drinks"],
    "tags": ["drinks-mixers", "drink-mixers"],
    "locations": {
      "vic": {
        "price": 2,
        "promoText": " ",
        "packageSize": "1.1L",
        "packagePrice": "$1.82 per 1L"
      }
    }
  },
  {
    "id": "schweppes-soda-water-3014770p",
    "brand": "Schweppes",
    "name": "Soda Water",
    "imageUrl": "https://shop.coles.com.au/wcsstore/Coles-CAS/images/3/0/1/3014770-th.jpg",
    "categories": ["entertaining-at-home", "drinks"],
    "tags": ["drinks-mixers", "drink-mixers"],
    "locations": {
      "vic": {
        "price": 2,
        "promoText": " ",
        "packageSize": "1.1L",
        "packagePrice": "$1.82 per 1L"
      }
    }
  },
  {
    "id": "schweppes-mixer-tonic-water-diet-300ml-bottles",
    "brand": "Schweppes",
    "name": "Diet Tonic Water Mixers Multipack Bottles 300mL",
    "imageUrl": "https://shop.coles.com.au/wcsstore/Coles-CAS/images/7/3/6/7364661-th.jpg",
    "categories": ["entertaining-at-home", "drinks"],
    "tags": ["drinks-mixers", "drink-mixers"],
    "locations": {
      "vic": {
        "price": 5.25,
        "promoText": "Any 2 $7",
        "packageSize": "4 pack",
        "packagePrice": "$4.38 per 1L"
      }
    }
  },
  {
    "id": "fever-tree-naturally-light-tonic-water",
    "brand": "Fever Tree",
    "name": "Mediterranean Tonic Water Multipack Bottles",
    "imageUrl": "https://shop.coles.com.au/wcsstore/Coles-CAS/images/3/0/4/3048794-th.jpg",
    "categories": ["entertaining-at-home", "drinks"],
    "tags": ["drinks-mixers", "drink-mixers"],
    "locations": {
      "vic": {
        "price": 7,
        "promoText": " ",
        "packageSize": "4 pack",
        "packagePrice": "$8.75 per 1L"
      }
    }
  },
  {
    "id": "coles-mixer-tonic-water",
    "brand": "Coles",
    "name": "Tonic Water",
    "imageUrl": "https://shop.coles.com.au/wcsstore/Coles-CAS/images/5/1/8/5180362-th.jpg",
    "categories": ["entertaining-at-home", "drinks"],
    "tags": ["drinks-mixers", "drink-mixers"],
    "locations": {
      "vic": {
        "price": 0.75,
        "promoText": " ",
        "packageSize": "1.25L",
        "packagePrice": "$0.60 per 1L"
      }
    }
  },
  {
    "id": "schweppes-tonic-water-diet-mixers",
    "brand": "Schweppes",
    "name": "Diet Tonic Water Classic Mixers",
    "imageUrl": "https://shop.coles.com.au/wcsstore/Coles-CAS/images/3/0/1/3014828-th.jpg",
    "categories": ["entertaining-at-home", "drinks"],
    "tags": ["drinks-mixers", "drink-mixers"],
    "locations": {
      "vic": {
        "price": 2,
        "promoText": " ",
        "packageSize": "1.1L",
        "packagePrice": "$1.82 per 1L"
      }
    }
  },
  {
    "id": "fever-tree-mediterranean-tonic-water",
    "brand": "Fever Tree",
    "name": "Naturally Light Tonic Water 200mL",
    "imageUrl": "https://shop.coles.com.au/wcsstore/Coles-CAS/images/3/0/4/3048783-th.jpg",
    "categories": ["entertaining-at-home", "drinks"],
    "tags": ["drinks-mixers", "drink-mixers"],
    "locations": {
      "vic": {
        "price": 7,
        "promoText": " ",
        "packageSize": "4 pack",
        "packagePrice": "$8.75 per 1L"
      }
    }
  },
  {
    "id": "fever-tree-premium-indian-tonic-water",
    "brand": "Fever Tree",
    "name": "Premium Indian Tonic Water Multipack Bottles 200mL",
    "imageUrl": "https://shop.coles.com.au/wcsstore/Coles-CAS/images/3/0/4/3048772-th.jpg",
    "categories": ["entertaining-at-home", "drinks"],
    "tags": ["drinks-mixers", "drink-mixers"],
    "locations": {
      "vic": {
        "price": 7,
        "promoText": " ",
        "packageSize": "4 pack",
        "packagePrice": "$8.75 per 1L"
      }
    }
  },
  {
    "id": "schweppes-soda-water-6980794p",
    "brand": "Schweppes",
    "name": "Classic Mixers Soda Water",
    "imageUrl": "https://shop.coles.com.au/wcsstore/Coles-CAS/images/6/9/8/6980794-th.jpg",
    "categories": ["entertaining-at-home", "drinks"],
    "tags": ["drinks-mixers", "drink-mixers"],
    "locations": {
      "vic": {
        "price": 2,
        "promoText": "Was $2.64 on Sep 2019 ",
        "packageSize": "2L",
        "packagePrice": "$1.00 per 1L"
      }
    }
  },
  {
    "id": "cascade-mini-mixers-dry-ginger-ale-200ml",
    "brand": "Cascade",
    "name": "Dry Ginger Ale Multipack Mini Cans 200mL",
    "imageUrl": "https://shop.coles.com.au/wcsstore/Coles-CAS/images/2/7/7/2778259-th.jpg",
    "categories": ["entertaining-at-home", "drinks"],
    "tags": ["drinks-mixers", "drink-mixers"],
    "locations": {
      "vic": {
        "price": 4,
        "promoText": "Any 2 $5",
        "packageSize": "4 Pack",
        "packagePrice": "$5.00 per 1L"
      }
    }
  },
  {
    "id": "schweppes-mixer-bitter-lemon-300ml",
    "brand": "Schweppes",
    "name": "Bitter Lemon Flavour Mixer Bottles 300mL",
    "imageUrl": "https://shop.coles.com.au/wcsstore/Coles-CAS/images/7/3/5/7351885-th.jpg",
    "categories": ["entertaining-at-home", "drinks"],
    "tags": ["drinks-mixers", "drink-mixers"],
    "locations": {
      "vic": {
        "price": 5.25,
        "promoText": "Any 2 $7",
        "packageSize": "4 pack",
        "packagePrice": "$4.38 per 1L"
      }
    }
  },
  {
    "id": "bundaberg-brewed-diet-ginger-beer-375ml-bottles",
    "brand": "Bundaberg",
    "name": "Diet Ginger Beer Multipack Bottles 375mL",
    "imageUrl": "https://shop.coles.com.au/wcsstore/Coles-CAS/images/2/4/8/2481307-th.jpg",
    "categories": ["entertaining-at-home", "drinks"],
    "tags": ["drinks-mixers", "drink-mixers"],
    "locations": {
      "vic": {
        "price": 4.5,
        "promoText": "$1.20 ",
        "packageSize": "4 pack",
        "packagePrice": "$3.00 per 1L"
      }
    }
  },
  {
    "id": "coles-mixer-dry-ginger-ale-diet",
    "brand": "Coles",
    "name": "Diet Dry Ginger Ale Sparkling Mixer",
    "imageUrl": "https://shop.coles.com.au/wcsstore/Coles-CAS/images/5/1/8/5180486-th.jpg",
    "categories": ["entertaining-at-home", "drinks"],
    "tags": ["drinks-mixers", "drink-mixers"],
    "locations": {
      "vic": {
        "price": 0.75,
        "promoText": " ",
        "packageSize": "1.25L",
        "packagePrice": "$0.60 per 1L"
      }
    }
  },
  {
    "id": "schweppes-mixer-diet-dry-ginger-300ml-bottles",
    "brand": "Schweppes",
    "name": "Diet Dry Ginger Ale Classic Mixers Multipack Bottles 300mL",
    "imageUrl": "https://shop.coles.com.au/wcsstore/Coles-CAS/images/7/3/6/7364672-th.jpg",
    "categories": ["entertaining-at-home", "drinks"],
    "tags": ["drinks-mixers", "drink-mixers"],
    "locations": {
      "vic": {
        "price": 5.25,
        "promoText": "Any 2 $7",
        "packageSize": "4 pack",
        "packagePrice": "$4.38 per 1L"
      }
    }
  },
  {
    "id": "schweppes-agrum-sugar-free-mixers",
    "brand": "Schweppes",
    "name": "Agrum Flavoured Sugar Free Mixers",
    "imageUrl": "https://shop.coles.com.au/wcsstore/Coles-CAS/images/3/0/1/3014781-th.jpg",
    "categories": ["entertaining-at-home", "drinks"],
    "tags": ["drinks-mixers", "drink-mixers"],
    "locations": {
      "vic": {
        "price": 2,
        "promoText": " ",
        "packageSize": "1.1L",
        "packagePrice": "$1.82 per 1L"
      }
    }
  },
  {
    "id": "bundaberg-brewed-4x375ml-drink-tropical-mango",
    "brand": "Bundaberg",
    "name": "Tropical Mango Flavour Sparkling Drink Multipack Bottles  375mL",
    "imageUrl": "https://shop.coles.com.au/wcsstore/Coles-CAS/images/3/0/3/3038994-th.jpg",
    "categories": ["entertaining-at-home", "drinks"],
    "tags": ["drinks-mixers", "drink-mixers"],
    "locations": {
      "vic": {
        "price": 4.5,
        "promoText": "$1.20 ",
        "packageSize": "4 pack",
        "packagePrice": "$3.00 per 1L"
      }
    }
  },
  {
    "id": "coles-mixer-dry-ginger-ale",
    "brand": "Coles",
    "name": "Dry Ginger Ale",
    "imageUrl": "https://shop.coles.com.au/wcsstore/Coles-CAS/images/5/1/8/5180340-th.jpg",
    "categories": ["entertaining-at-home", "drinks"],
    "tags": ["drinks-mixers", "drink-mixers"],
    "locations": {
      "vic": {
        "price": 0.75,
        "promoText": " ",
        "packageSize": "1.25L",
        "packagePrice": "$0.60 per 1L"
      }
    }
  },
  {
    "id": "schweppes-ginger-ale-mixers",
    "brand": "Schweppes",
    "name": "Ginger Ale Mixers",
    "imageUrl": "https://shop.coles.com.au/wcsstore/Coles-CAS/images/3/0/1/3014817-th.jpg",
    "categories": ["entertaining-at-home", "drinks"],
    "tags": ["drinks-mixers", "drink-mixers"],
    "locations": {
      "vic": {
        "price": 2,
        "promoText": " ",
        "packageSize": "1.1L",
        "packagePrice": "$1.82 per 1L"
      }
    }
  },
  {
    "id": "fever-tree-elderflower-tonic-water-multipack-bottles-200ml",
    "brand": "Fever Tree",
    "name": "Elderflower Tonic Water Multipack Bottles 200mL",
    "imageUrl": "https://shop.coles.com.au/wcsstore/Coles-CAS/images/3/5/3/3536674-th.jpg",
    "categories": ["entertaining-at-home", "drinks"],
    "tags": ["drinks-mixers", "drink-mixers"],
    "locations": {
      "vic": {
        "price": 7,
        "promoText": " ",
        "packageSize": "4 pack",
        "packagePrice": "$8.75 per 1L"
      }
    }
  },
  {
    "id": "schweppes-agrum-blood-orange-mixers",
    "brand": "Schweppes",
    "name": "Agrum Blood Orange Mixers",
    "imageUrl": "https://shop.coles.com.au/wcsstore/Coles-CAS/images/3/0/1/3014850-th.jpg",
    "categories": ["entertaining-at-home", "drinks"],
    "tags": ["drinks-mixers", "drink-mixers"],
    "locations": {
      "vic": {
        "price": 2,
        "promoText": " ",
        "packageSize": "1.1L",
        "packagePrice": "$1.82 per 1L"
      }
    }
  },
  {
    "id": "schweppes-soda-water-twist-lime-mixers",
    "brand": "Schweppes",
    "name": "Lime Flavour Soda Water With Lime Juice",
    "imageUrl": "https://shop.coles.com.au/wcsstore/Coles-CAS/images/3/0/1/3014840-th.jpg",
    "categories": ["entertaining-at-home", "drinks"],
    "tags": ["drinks-mixers", "drink-mixers"],
    "locations": {
      "vic": {
        "price": 2,
        "promoText": " ",
        "packageSize": "1.1L",
        "packagePrice": "$1.82 per 1L"
      }
    }
  },
  {
    "id": "schweppes-sig-ser-4x300ml-soft-drink-raspberry",
    "brand": "Schweppes",
    "name": "Raspberry Flavour Multipack Bottles 300mL",
    "imageUrl": "https://shop.coles.com.au/wcsstore/Coles-CAS/images/3/4/6/3468803-th.jpg",
    "categories": ["entertaining-at-home", "drinks"],
    "tags": ["drinks-mixers", "drink-mixers"],
    "locations": {
      "vic": {
        "price": 4,
        "promoText": "$2.00 ",
        "packageSize": "4 pack",
        "packagePrice": "$3.33 per 1L"
      }
    }
  },
  {
    "id": "bundaberg-brewed-passionfruit-375ml-bottles",
    "brand": "Bundaberg",
    "name": "Passionfruit Flavour Sparkling Drink Multipack Bottles 375mL",
    "imageUrl": "https://shop.coles.com.au/wcsstore/Coles-CAS/images/2/4/8/2481282-th.jpg",
    "categories": ["entertaining-at-home", "drinks"],
    "tags": ["drinks-mixers", "drink-mixers"],
    "locations": {
      "vic": {
        "price": 4.5,
        "promoText": "$1.20 ",
        "packageSize": "4 pack",
        "packagePrice": "$3.00 per 1L"
      }
    }
  },
  {
    "id": "bundaberg-brewed-diet-sarsaparilla-375ml-bottles",
    "brand": "Bundaberg",
    "name": "Diet Sarsaparilla Multipack Bottles 375mL",
    "imageUrl": "https://shop.coles.com.au/wcsstore/Coles-CAS/images/2/4/8/2481318-th.jpg",
    "categories": ["entertaining-at-home", "drinks"],
    "tags": ["drinks-mixers", "drink-mixers"],
    "locations": {
      "vic": {
        "price": 4.5,
        "promoText": "$1.20 ",
        "packageSize": "4 pack",
        "packagePrice": "$3.00 per 1L"
      }
    }
  },
  {
    "id": "coles-soda-water-mixers-300ml",
    "brand": "Coles",
    "name": "Soda Water Sparkling Mixers Multipack Bottles 300mL",
    "imageUrl": "https://shop.coles.com.au/wcsstore/Coles-CAS/images/2/7/7/2778000-th.jpg",
    "categories": ["entertaining-at-home", "drinks"],
    "tags": ["drinks-mixers", "drink-mixers"],
    "locations": {
      "vic": {
        "price": 2.95,
        "promoText": " ",
        "packageSize": "4 pack",
        "packagePrice": "$2.46 per 1L"
      }
    }
  },
  {
    "id": "schweppes-mixer-lemon-lime-bitters-300ml-bottles",
    "brand": "Schweppes",
    "name": "Lemon Lime & Bitters Classic Mixers Multipack Bottles 300mL",
    "imageUrl": "https://shop.coles.com.au/wcsstore/Coles-CAS/images/7/3/5/7351932-th.jpg",
    "categories": ["entertaining-at-home", "drinks"],
    "tags": ["drinks-mixers", "drink-mixers"],
    "locations": {
      "vic": {
        "price": 5.25,
        "promoText": "Any 2 $7",
        "packageSize": "4 pack",
        "packagePrice": "$4.38 per 1L"
      }
    }
  },
  {
    "id": "schweppes-ginger-ale-diet-mixers",
    "brand": "Schweppes",
    "name": "Ginger Ale Diet Mixers",
    "imageUrl": "https://shop.coles.com.au/wcsstore/Coles-CAS/images/3/0/1/3014792-th.jpg",
    "categories": ["entertaining-at-home", "drinks"],
    "tags": ["drinks-mixers", "drink-mixers"],
    "locations": {
      "vic": {
        "price": 2,
        "promoText": " ",
        "packageSize": "1.1L",
        "packagePrice": "$1.82 per 1L"
      }
    }
  },
  {
    "id": "schweppes-sig-ser-4x300ml-soft-drink-lime-cucumber",
    "brand": "Schweppes",
    "name": "Mexican Lime Signature Soft Drink Bottle 300mL",
    "imageUrl": "https://shop.coles.com.au/wcsstore/Coles-CAS/images/3/4/6/3468790-th.jpg",
    "categories": ["entertaining-at-home", "drinks"],
    "tags": ["drinks-mixers", "drink-mixers"],
    "locations": {
      "vic": {
        "price": 4,
        "promoText": "$2.00 ",
        "packageSize": "4 pack",
        "packagePrice": "$3.33 per 1L"
      }
    }
  },
  {
    "id": "bundaberg-craft-brewed-traditional-lemonade",
    "brand": "Bundaberg",
    "name": "Traditional Lemonade Multipack Bottles 375mL",
    "imageUrl": "https://shop.coles.com.au/wcsstore/Coles-CAS/images/2/0/2/2027416-th.jpg",
    "categories": ["entertaining-at-home", "drinks"],
    "tags": ["drinks-mixers", "drink-mixers"],
    "locations": {
      "vic": {
        "price": 4.5,
        "promoText": "$1.20 ",
        "packageSize": "4 pack",
        "packagePrice": "$3.00 per 1L"
      }
    }
  },
  {
    "id": "bundaberg-brewed-pineapple-coconut-375ml-bottles",
    "brand": "Bundaberg",
    "name": "Pineapple & Coconut Sparkling Drink Multipack Bottles 375mL",
    "imageUrl": "https://shop.coles.com.au/wcsstore/Coles-CAS/images/2/4/8/2481293-th.jpg",
    "categories": ["entertaining-at-home", "drinks"],
    "tags": ["drinks-mixers", "drink-mixers"],
    "locations": {
      "vic": {
        "price": 4.5,
        "promoText": "$1.20 ",
        "packageSize": "4 pack",
        "packagePrice": "$3.00 per 1L"
      }
    }
  },
  {
    "id": "bundaberg-brewed-guava-375ml-bottles",
    "brand": "Bundaberg",
    "name": "Guava Flavoured Sparkling Drink Multipack Bottles 375mL",
    "imageUrl": "https://shop.coles.com.au/wcsstore/Coles-CAS/images/2/4/8/2481238-th.jpg",
    "categories": ["entertaining-at-home", "drinks"],
    "tags": ["drinks-mixers", "drink-mixers"],
    "locations": {
      "vic": {
        "price": 4.5,
        "promoText": "$1.20 ",
        "packageSize": "4 pack",
        "packagePrice": "$3.00 per 1L"
      }
    }
  },
  {
    "id": "schweppes-lemon-lime-bitters-soda-mixers",
    "brand": "Schweppes",
    "name": "Lemon Lime Bitters Soda Mixers",
    "imageUrl": "https://shop.coles.com.au/wcsstore/Coles-CAS/images/3/0/1/3014839-th.jpg",
    "categories": ["entertaining-at-home", "drinks"],
    "tags": ["drinks-mixers", "drink-mixers"],
    "locations": {
      "vic": {
        "price": 2,
        "promoText": " ",
        "packageSize": "1.1L",
        "packagePrice": "$1.82 per 1L"
      }
    }
  },
  {
    "id": "bundaberg-brewed-lemon-lime-bitters-375ml-bottles",
    "brand": "Bundaberg",
    "name": "Lemon Lime & Bitters Multipack Bottles 375mL",
    "imageUrl": "https://shop.coles.com.au/wcsstore/Coles-CAS/images/2/4/8/2481250-th.jpg",
    "categories": ["entertaining-at-home", "drinks"],
    "tags": ["drinks-mixers", "drink-mixers"],
    "locations": {
      "vic": {
        "price": 4.5,
        "promoText": "$1.20 ",
        "packageSize": "4 pack",
        "packagePrice": "$3.00 per 1L"
      }
    }
  },
  {
    "id": "schweppes-mixer-lemonade-300ml-bottles",
    "brand": "Schweppes",
    "name": "Lemonade Bottles 300mL",
    "imageUrl": "https://shop.coles.com.au/wcsstore/Coles-CAS/images/7/3/5/7351954-th.jpg",
    "categories": ["entertaining-at-home", "drinks"],
    "tags": ["drinks-mixers", "drink-mixers"],
    "locations": {
      "vic": {
        "price": 5.25,
        "promoText": "Any 2 $7",
        "packageSize": "4 pack",
        "packagePrice": "$4.38 per 1L"
      }
    }
  },
  {
    "id": "schweppes-signature-series-tonic-bottle",
    "brand": "Schweppes",
    "name": "Signature Series Tonic Bottle 300mL",
    "imageUrl": "https://shop.coles.com.au/wcsstore/Coles-CAS/images/3/5/3/3530168-th.jpg",
    "categories": ["entertaining-at-home", "drinks"],
    "tags": ["drinks-mixers", "drink-mixers"],
    "locations": {
      "vic": {
        "price": 4,
        "promoText": "$2.00 ",
        "packageSize": "4 pack",
        "packagePrice": "$3.33 per 1L"
      }
    }
  },
  {
    "id": "bundaberg-craft-brewed-apple-cider",
    "brand": "Bundaberg",
    "name": "Apple Cider Multipack Bottles 375mL",
    "imageUrl": "https://shop.coles.com.au/wcsstore/Coles-CAS/images/2/0/2/2027427-th.jpg",
    "categories": ["entertaining-at-home", "drinks"],
    "tags": ["drinks-mixers", "drink-mixers"],
    "locations": {
      "vic": {
        "price": 4.5,
        "promoText": "$1.20 ",
        "packageSize": "4 pack",
        "packagePrice": "$3.00 per 1L"
      }
    }
  },
  {
    "id": "bundaberg-burgundee-creaming-soda-375ml-bottles",
    "brand": "Bundaberg",
    "name": "Burgundee Creaming Soda Multipack Bottles 375mL",
    "imageUrl": "https://shop.coles.com.au/wcsstore/Coles-CAS/images/2/4/8/2481271-th.jpg",
    "categories": ["entertaining-at-home", "drinks"],
    "tags": ["drinks-mixers", "drink-mixers"],
    "locations": {
      "vic": {
        "price": 4.5,
        "promoText": "$1.20 ",
        "packageSize": "4 pack",
        "packagePrice": "$3.00 per 1L"
      }
    }
  },
  {
    "id": "bundaberg-brewed-diet-lemon-lime-bitters-375ml-bottles",
    "brand": "Bundaberg",
    "name": "Diet Lemon Lime & Bitters Flavoured Multipack Bottles 375mL",
    "imageUrl": "https://shop.coles.com.au/wcsstore/Coles-CAS/images/2/4/8/2481260-th.jpg",
    "categories": ["entertaining-at-home", "drinks"],
    "tags": ["drinks-mixers", "drink-mixers"],
    "locations": {
      "vic": {
        "price": 4.5,
        "promoText": "$1.20 ",
        "packageSize": "4 pack",
        "packagePrice": "$3.00 per 1L"
      }
    }
  },
  {
    "id": "bundaberg-brewed-4x375ml-drink-ginger-lemon-myrtle",
    "brand": "Bundaberg",
    "name": "Limited Edition Ginger Beer & Lemon Myrtle Multipack Bottles 375mL",
    "imageUrl": "https://shop.coles.com.au/wcsstore/Coles-CAS/images/3/4/4/3449591-th.jpg",
    "categories": ["entertaining-at-home", "drinks"],
    "tags": ["drinks-mixers", "drink-mixers"],
    "locations": {
      "vic": {
        "price": 4.5,
        "promoText": "$1.20 ",
        "packageSize": "4 pack",
        "packagePrice": "$3.00 per 1L"
      }
    }
  },
  {
    "id": "bundaberg-brewed-4x375ml-drink-spiced-ginger-beer-3270930p",
    "brand": "Bundaberg",
    "name": "Spiced Ginger Beer Multipack Bottles 375mL",
    "imageUrl": "https://shop.coles.com.au/wcsstore/Coles-CAS/images/3/2/7/3270930-th.jpg",
    "categories": ["entertaining-at-home", "drinks"],
    "tags": ["drinks-mixers", "drink-mixers"],
    "locations": {
      "vic": {
        "price": 0,
        "promoText": " ",
        "packageSize": "4 pack",
        "packagePrice": ""
      }
    }
  },
  {
    "id": "coles-lemon-lime-bitters-mixers-300ml",
    "brand": "Coles",
    "name": "Lemon Lime & Bitters Flavoured Sparkling Mixers Multipack Bottles 300mL",
    "imageUrl": "https://shop.coles.com.au/wcsstore/Coles-CAS/images/2/7/7/2777981-th.jpg",
    "categories": ["entertaining-at-home", "drinks"],
    "tags": ["drinks-mixers", "drink-mixers"],
    "locations": {
      "vic": {
        "price": 2.95,
        "promoText": " ",
        "packageSize": "4 pack",
        "packagePrice": "$2.46 per 1L"
      }
    }
  },
  {
    "id": "nexba-mixers-4x300ml-tonic-cranberry-hibiscus",
    "brand": "Nexba",
    "name": "Cranberry & Hibiscus Flavour Tonic Water Bottles 300mL",
    "imageUrl": "https://shop.coles.com.au/wcsstore/Coles-CAS/images/3/2/6/3269465-th.jpg",
    "categories": ["entertaining-at-home", "drinks"],
    "tags": ["drinks-mixers", "drink-mixers"],
    "locations": {
      "vic": {
        "price": 0,
        "promoText": " ",
        "packageSize": "4 pack",
        "packagePrice": ""
      }
    }
  },
  {
    "id": "schweppes-signature-series-dry-ginger-mixers-bottle",
    "brand": "Schweppes",
    "name": "Signature Series Dry Ginger Mixers Bottle 300mL",
    "imageUrl": "https://shop.coles.com.au/wcsstore/Coles-CAS/images/3/5/3/3530179-th.jpg",
    "categories": ["entertaining-at-home", "drinks"],
    "tags": ["drinks-mixers", "drink-mixers"],
    "locations": {
      "vic": {
        "price": 4,
        "promoText": "$2.00 ",
        "packageSize": "4 pack",
        "packagePrice": "$3.33 per 1L"
      }
    }
  },
  {
    "id": "schweppes-signature-series-soda-water",
    "brand": "Schweppes",
    "name": "Signature Series Soda Water 300mL",
    "imageUrl": "https://shop.coles.com.au/wcsstore/Coles-CAS/images/3/5/3/3530157-th.jpg",
    "categories": ["entertaining-at-home", "drinks"],
    "tags": ["drinks-mixers", "drink-mixers"],
    "locations": {
      "vic": {
        "price": 4,
        "promoText": "$2.00 ",
        "packageSize": "4 pack",
        "packagePrice": "$3.33 per 1L"
      }
    }
  },
  {
    "id": "mother-energy-drink-can",
    "brand": "Mother",
    "name": "Energy Drink Cans 500mL",
    "imageUrl": "https://shop.coles.com.au/wcsstore/Coles-CAS/images/6/9/0/6907295-th.jpg",
    "categories": ["entertaining-at-home", "drinks"],
    "tags": ["drinks-mixers", "soft-drink"],
    "locations": {
      "vic": {
        "price": 6.2,
        "promoText": " ",
        "packageSize": "4 pack",
        "packagePrice": "$3.10 per 1L"
      }
    }
  },
  {
    "id": "cca-coca-cola-24x375ml-soft-drink-coke-no-sugar",
    "brand": "Coca-Cola",
    "name": "No Sugar Coke Multipack Cans 375mL",
    "imageUrl": "https://shop.coles.com.au/wcsstore/Coles-CAS/images/2/9/9/2993740-th.jpg",
    "categories": ["entertaining-at-home", "drinks"],
    "tags": ["drinks-mixers", "soft-drink"],
    "locations": {
      "vic": {
        "price": 16.9,
        "promoText": "$11.30 ",
        "packageSize": "24 pack",
        "packagePrice": "$1.88 per 1L"
      }
    }
  },
  {
    "id": "coca-cola-soft-drink-coke-zero-375ml-cans",
    "brand": "Coca-Cola",
    "name": "No Sugar Coke Multipack Cans 375mL",
    "imageUrl": "https://shop.coles.com.au/wcsstore/Coles-CAS/images/8/4/6/8464810-th.jpg",
    "categories": ["entertaining-at-home", "drinks"],
    "tags": ["drinks-mixers", "soft-drink"],
    "locations": {
      "vic": {
        "price": 34.45,
        "promoText": " ",
        "packageSize": "30 Pack",
        "packagePrice": "$3.06 per 1L"
      }
    }
  },
  {
    "id": "monster-green-500ml-energy-drink",
    "brand": "Monster",
    "name": "Green Energy Drink Cans 500mL",
    "imageUrl": "https://shop.coles.com.au/wcsstore/Coles-CAS/images/2/7/8/2785094-th.jpg",
    "categories": ["entertaining-at-home", "drinks"],
    "tags": ["drinks-mixers", "soft-drink"],
    "locations": {
      "vic": {
        "price": 11.7,
        "promoText": "Any 2 $14",
        "packageSize": "4 pack",
        "packagePrice": "$5.85 per 1L"
      }
    }
  },
  {
    "id": "coca-cola-soft-drink-coke-375ml-cans",
    "brand": "Coca-Cola",
    "name": "Classic Coke Multipack Cans 375mL",
    "imageUrl": "https://shop.coles.com.au/wcsstore/Coles-CAS/images/8/4/6/8464796-th.jpg",
    "categories": ["entertaining-at-home", "drinks"],
    "tags": ["drinks-mixers", "soft-drink"],
    "locations": {
      "vic": {
        "price": 34.45,
        "promoText": " ",
        "packageSize": "30 Pack",
        "packagePrice": "$3.06 per 1L"
      }
    }
  },
  {
    "id": "pepsi-max-soft-drink-cola-375ml-cans-7366022p",
    "brand": "Pepsi",
    "name": "Max Soft Drink 375mL",
    "imageUrl": "https://shop.coles.com.au/wcsstore/Coles-CAS/images/7/3/6/7366022-th.jpg",
    "categories": ["entertaining-at-home", "drinks"],
    "tags": ["drinks-mixers", "soft-drink"],
    "locations": {
      "vic": {
        "price": 21,
        "promoText": " ",
        "packageSize": "24 pack",
        "packagePrice": "$2.33 per 1L"
      }
    }
  },
  {
    "id": "schweppes-soft-drink-solo-lemon-375ml-cans",
    "brand": "Schweppes",
    "name": "Solo Lemon Multipack Cans 375mL",
    "imageUrl": "https://shop.coles.com.au/wcsstore/Coles-CAS/images/9/3/9/9391574-th.jpg",
    "categories": ["entertaining-at-home", "drinks"],
    "tags": ["drinks-mixers", "soft-drink"],
    "locations": {
      "vic": {
        "price": 21,
        "promoText": " ",
        "packageSize": "24 pack",
        "packagePrice": "$2.33 per 1L"
      }
    }
  },
  {
    "id": "schweppes-soft-drink-sunkist-orange-crush-375ml-cans",
    "brand": "Sunkist",
    "name": "Orange Crush Soft Drink Can 375mL",
    "imageUrl": "https://shop.coles.com.au/wcsstore/Coles-CAS/images/9/3/9/9391596-th.jpg",
    "categories": ["entertaining-at-home", "drinks"],
    "tags": ["drinks-mixers", "soft-drink"],
    "locations": {
      "vic": {
        "price": 21,
        "promoText": " ",
        "packageSize": "24 Pack",
        "packagePrice": "$2.33 per 1L"
      }
    }
  },
  {
    "id": "deep-spring-mineral-water-orange-passionfruit",
    "brand": "Deep Spring",
    "name": "Orange & Passionfruit Flavoured Sparkling Mineral Water",
    "imageUrl": "https://shop.coles.com.au/wcsstore/Coles-CAS/images/4/0/8/408816-th.jpg",
    "categories": ["entertaining-at-home", "drinks"],
    "tags": ["drinks-mixers", "soft-drink"],
    "locations": {
      "vic": {
        "price": 1,
        "promoText": " ",
        "packageSize": "1.25L",
        "packagePrice": "$0.80 per 1L"
      }
    }
  },
  {
    "id": "v-original-green-energy-drink-4-x-275ml-cans",
    "brand": "V",
    "name": "Original Green Energy Drink 275mL Cans",
    "imageUrl": "https://shop.coles.com.au/wcsstore/Coles-CAS/images/2/3/8/2383341-th.jpg",
    "categories": ["entertaining-at-home", "drinks"],
    "tags": ["drinks-mixers", "soft-drink"],
    "locations": {
      "vic": {
        "price": 6,
        "promoText": "$3.35 ",
        "packageSize": "4 pack",
        "packagePrice": "$5.45 per 1L"
      }
    }
  },
  {
    "id": "red-bull-energy-drink-250ml",
    "brand": "Red Bull",
    "name": "Energy Drink Multipack Cans 250mL",
    "imageUrl": "https://shop.coles.com.au/wcsstore/Coles-CAS/images/7/3/0/7306224-th.jpg",
    "categories": ["entertaining-at-home", "drinks"],
    "tags": ["drinks-mixers", "soft-drink"],
    "locations": {
      "vic": {
        "price": 14,
        "promoText": " ",
        "packageSize": "8 pack",
        "packagePrice": "$7.00 per 1L"
      }
    }
  },
  {
    "id": "red-bull-drink-energy-250ml-cans-9043363p",
    "brand": "Red Bull",
    "name": "Energy Drink Multipack 250mL",
    "imageUrl": "https://shop.coles.com.au/wcsstore/Coles-CAS/images/9/0/4/9043363-th.jpg",
    "categories": ["entertaining-at-home", "drinks"],
    "tags": ["drinks-mixers", "soft-drink"],
    "locations": {
      "vic": {
        "price": 10.2,
        "promoText": " ",
        "packageSize": "4 pack",
        "packagePrice": "$10.20 per 1L"
      }
    }
  },
  {
    "id": "cca-coca-cola-8x200ml-soft-drink-coke-no-sugar",
    "brand": "Coca-Cola",
    "name": "No Sugar Coke Mini Multipack Cans 200mL",
    "imageUrl": "https://shop.coles.com.au/wcsstore/Coles-CAS/images/2/9/9/2993717-th.jpg",
    "categories": ["entertaining-at-home", "drinks"],
    "tags": ["drinks-mixers", "soft-drink"],
    "locations": {
      "vic": {
        "price": 6,
        "promoText": "$2.50 ",
        "packageSize": "8 pack",
        "packagePrice": "$3.75 per 1L"
      }
    }
  },
  {
    "id": "cca-coca-cola-soft-drink-coke-no-sugar-2993706p",
    "brand": "Coca Cola",
    "name": "No Sugar Soft Drink Coke",
    "imageUrl": "https://shop.coles.com.au/wcsstore/Coles-CAS/images/2/9/9/2993706-th.jpg",
    "categories": ["entertaining-at-home", "drinks"],
    "tags": ["drinks-mixers", "soft-drink"],
    "locations": {
      "vic": {
        "price": 3,
        "promoText": " ",
        "packageSize": "1.25L",
        "packagePrice": "$2.40 per 1L"
      }
    }
  },
  {
    "id": "coca-cola-soft-drink-coke-375ml-cans-7365777p",
    "brand": "Coca-Cola",
    "name": "Classic Coke Multipack Cans 375mL",
    "imageUrl": "https://shop.coles.com.au/wcsstore/Coles-CAS/images/7/3/6/7365777-th.jpg",
    "categories": ["entertaining-at-home", "drinks"],
    "tags": ["drinks-mixers", "soft-drink"],
    "locations": {
      "vic": {
        "price": 16.9,
        "promoText": "$11.30 ",
        "packageSize": "24 pack",
        "packagePrice": "$1.88 per 1L"
      }
    }
  },
  {
    "id": "pepsi-max-soft-drink-cola",
    "brand": "Pepsi",
    "name": "Max Soft Drink",
    "imageUrl": "https://shop.coles.com.au/wcsstore/Coles-CAS/images/5/4/4/5441783-th.jpg",
    "categories": ["entertaining-at-home", "drinks"],
    "tags": ["drinks-mixers", "soft-drink"],
    "locations": {
      "vic": {
        "price": 2,
        "promoText": "Was $3.25 on May 2017 ",
        "packageSize": "2L",
        "packagePrice": "$1.00 per 1L"
      }
    }
  },
  {
    "id": "kirks-soft-drink-lemonade-sugar-free-375ml-cans",
    "brand": "Kirks",
    "name": "Sugar Free Lemonade Multipack Cans 375 mL",
    "imageUrl": "https://shop.coles.com.au/wcsstore/Coles-CAS/images/8/4/9/8492689-th.jpg",
    "categories": ["entertaining-at-home", "drinks"],
    "tags": ["drinks-mixers", "soft-drink"],
    "locations": {
      "vic": {
        "price": 5,
        "promoText": "Was $8.90 on Jun 2018 ",
        "packageSize": "10 Pack",
        "packagePrice": "$1.33 per 1L"
      }
    }
  },
  {
    "id": "coca-cola-soft-drink-coke-chilled",
    "brand": "Coca-Cola",
    "name": "Classic Coke",
    "imageUrl": "https://shop.coles.com.au/wcsstore/Coles-CAS/images/1/2/3/123011-th.jpg",
    "categories": ["entertaining-at-home", "drinks"],
    "tags": ["drinks-mixers", "soft-drink"],
    "locations": {
      "vic": {
        "price": 3,
        "promoText": " ",
        "packageSize": "1.25L",
        "packagePrice": "$2.40 per 1L"
      }
    }
  },
  {
    "id": "cca-coca-cola-10x375ml-soft-drink-coke-no-sugar",
    "brand": "Coca-Cola",
    "name": "No Sugar Coke Multipack Cans 375mL",
    "imageUrl": "https://shop.coles.com.au/wcsstore/Coles-CAS/images/2/9/9/2993739-th.jpg",
    "categories": ["entertaining-at-home", "drinks"],
    "tags": ["drinks-mixers", "soft-drink"],
    "locations": {
      "vic": {
        "price": 12.3,
        "promoText": "Any 2 $14",
        "packageSize": "10 Pack",
        "packagePrice": "$3.28 per 1L"
      }
    }
  },
  {
    "id": "pepsi-soft-drink-max",
    "brand": "Pepsi",
    "name": "Max Soft Drink 375mL Can",
    "imageUrl": "https://shop.coles.com.au/wcsstore/Coles-CAS/images/7/8/3/7837413-th.jpg",
    "categories": ["entertaining-at-home", "drinks"],
    "tags": ["drinks-mixers", "soft-drink"],
    "locations": {
      "vic": {
        "price": 16,
        "promoText": "Was $28.50 on Mar 2019 ",
        "packageSize": "30 pack",
        "packagePrice": "$1.42 per 1L"
      }
    }
  },
  {
    "id": "coca-cola-soft-drink-coke-no-sugar",
    "brand": "Coca-Cola",
    "name": "No Sugar Coke",
    "imageUrl": "https://shop.coles.com.au/wcsstore/Coles-CAS/images/3/0/2/3029790-th.jpg",
    "categories": ["entertaining-at-home", "drinks"],
    "tags": ["drinks-mixers", "soft-drink"],
    "locations": {
      "vic": {
        "price": 2.75,
        "promoText": "Was $3.00 on Nov 2018 ",
        "packageSize": "2L",
        "packagePrice": "$1.38 per 1L"
      }
    }
  },
  {
    "id": "pepsi-max-soft-drink-cola-5441863p",
    "brand": "Pepsi",
    "name": "Max Soft Drink",
    "imageUrl": "https://shop.coles.com.au/wcsstore/Coles-CAS/images/5/4/4/5441863-th.jpg",
    "categories": ["entertaining-at-home", "drinks"],
    "tags": ["drinks-mixers", "soft-drink"],
    "locations": {
      "vic": {
        "price": 1.7,
        "promoText": "$0.50 ",
        "packageSize": "1.25L",
        "packagePrice": "$1.36 per 1L"
      }
    }
  },
  {
    "id": "coca-cola-soft-drink-coke-200ml-cans",
    "brand": "Coca-Cola",
    "name": "Classic Coke Mini Multipack Cans 200mL",
    "imageUrl": "https://shop.coles.com.au/wcsstore/Coles-CAS/images/7/9/1/7910003-th.jpg",
    "categories": ["entertaining-at-home", "drinks"],
    "tags": ["drinks-mixers", "soft-drink"],
    "locations": {
      "vic": {
        "price": 6,
        "promoText": "$2.50 ",
        "packageSize": "8 pack",
        "packagePrice": "$3.75 per 1L"
      }
    }
  },
  {
    "id": "coca-cola-soft-drink-diet-coke-375ml-cans-4561203p",
    "brand": "Coca-Cola",
    "name": "Diet Coke Multipack Cans 375mL",
    "imageUrl": "https://shop.coles.com.au/wcsstore/Coles-CAS/images/4/5/6/4561203-th.jpg",
    "categories": ["entertaining-at-home", "drinks"],
    "tags": ["drinks-mixers", "soft-drink"],
    "locations": {
      "vic": {
        "price": 16.9,
        "promoText": "$11.30 ",
        "packageSize": "24 pack",
        "packagePrice": "$1.88 per 1L"
      }
    }
  },
  {
    "id": "coles-soft-drink-lemonade",
    "brand": "Coles",
    "name": "Lemonade",
    "imageUrl": "https://shop.coles.com.au/wcsstore/Coles-CAS/images/5/1/7/5179159-th.jpg",
    "categories": ["entertaining-at-home", "drinks"],
    "tags": ["drinks-mixers", "soft-drink"],
    "locations": {
      "vic": {
        "price": 0.75,
        "promoText": " ",
        "packageSize": "1.25L",
        "packagePrice": "$0.60 per 1L"
      }
    }
  },
  {
    "id": "coles-soft-drink-lemonade-diet-sugar-free",
    "brand": "Coles",
    "name": "Diet Lemonade",
    "imageUrl": "https://shop.coles.com.au/wcsstore/Coles-CAS/images/5/1/7/5179160-th.jpg",
    "categories": ["entertaining-at-home", "drinks"],
    "tags": ["drinks-mixers", "soft-drink"],
    "locations": {
      "vic": {
        "price": 0.75,
        "promoText": " ",
        "packageSize": "1.25L",
        "packagePrice": "$0.60 per 1L"
      }
    }
  },
  {
    "id": "coca-cola-soft-drink-diet-coke-375ml-cans",
    "brand": "Coca-Cola",
    "name": "Diet Coke Multipack Cans 375mL",
    "imageUrl": "https://shop.coles.com.au/wcsstore/Coles-CAS/images/8/4/6/8464800-th.jpg",
    "categories": ["entertaining-at-home", "drinks"],
    "tags": ["drinks-mixers", "soft-drink"],
    "locations": {
      "vic": {
        "price": 34.45,
        "promoText": " ",
        "packageSize": "30 pack",
        "packagePrice": "$3.06 per 1L"
      }
    }
  },
  {
    "id": "coca-cola-soft-drink-coke-191736p",
    "brand": "Coca-Cola",
    "name": "Classic Coke",
    "imageUrl": "https://shop.coles.com.au/wcsstore/Coles-CAS/images/1/9/1/191736-th.jpg",
    "categories": ["entertaining-at-home", "drinks"],
    "tags": ["drinks-mixers", "soft-drink"],
    "locations": {
      "vic": {
        "price": 2.75,
        "promoText": "Was $3.00 on Nov 2018 ",
        "packageSize": "2L",
        "packagePrice": "$1.38 per 1L"
      }
    }
  },
  {
    "id": "kirks-soft-drink-lemon-sugar-free-375ml-cans",
    "brand": "Kirks",
    "name": "Sugar Free Lemon Squash Multipack Cans 375 mL",
    "imageUrl": "https://shop.coles.com.au/wcsstore/Coles-CAS/images/1/1/8/1181261-th.jpg",
    "categories": ["entertaining-at-home", "drinks"],
    "tags": ["drinks-mixers", "soft-drink"],
    "locations": {
      "vic": {
        "price": 5,
        "promoText": "Was $8.90 on Jun 2018 ",
        "packageSize": "10 Pack",
        "packagePrice": "$1.33 per 1L"
      }
    }
  },
  {
    "id": "schweppes-pepsi-max-375ml-cans",
    "brand": "Pepsi",
    "name": "Max Multipack Cans 375mL",
    "imageUrl": "https://shop.coles.com.au/wcsstore/Coles-CAS/images/2/6/8/2684166-th.jpg",
    "categories": ["entertaining-at-home", "drinks"],
    "tags": ["drinks-mixers", "soft-drink"],
    "locations": {
      "vic": {
        "price": 6,
        "promoText": "$5.05 ",
        "packageSize": "10 pack",
        "packagePrice": "$1.60 per 1L"
      }
    }
  },
  {
    "id": "schweppes-soft-drink-sunkist-orange-crush-diet-light",
    "brand": "Schweppes",
    "name": "Sunkist Sugar Free Diet Orange Crush",
    "imageUrl": "https://shop.coles.com.au/wcsstore/Coles-CAS/images/5/0/3/5037358-th.jpg",
    "categories": ["entertaining-at-home", "drinks"],
    "tags": ["drinks-mixers", "soft-drink"],
    "locations": {
      "vic": {
        "price": 1.7,
        "promoText": "$0.50 ",
        "packageSize": "1.25L",
        "packagePrice": "$1.36 per 1L"
      }
    }
  },
  {
    "id": "sprite-soft-drink-lemonade-375ml-cans-7365904p",
    "brand": "Sprite",
    "name": "Lemon-Lime Flavour Multipack Cans 375mL",
    "imageUrl": "https://shop.coles.com.au/wcsstore/Coles-CAS/images/7/3/6/7365904-th.jpg",
    "categories": ["entertaining-at-home", "drinks"],
    "tags": ["drinks-mixers", "soft-drink"],
    "locations": {
      "vic": {
        "price": 14,
        "promoText": "$14.20 ",
        "packageSize": "24 Pack",
        "packagePrice": "$1.56 per 1L"
      }
    }
  },
  {
    "id": "bundaberg-soft-drink-ginger-beer-375ml-bottles",
    "brand": "Bundaberg",
    "name": "Ginger Beer Bottles 375mL",
    "imageUrl": "https://shop.coles.com.au/wcsstore/Coles-CAS/images/5/5/9/5595856-th.jpg",
    "categories": ["entertaining-at-home", "drinks"],
    "tags": ["drinks-mixers", "soft-drink"],
    "locations": {
      "vic": {
        "price": 4.5,
        "promoText": "$1.20 ",
        "packageSize": "4 pack",
        "packagePrice": "$3.00 per 1L"
      }
    }
  },
  {
    "id": "coca-cola-soft-drink-diet-coke-200ml-cans",
    "brand": "Coca Cola",
    "name": "Diet Coke Soft Drink Mini Can 200mL",
    "imageUrl": "https://shop.coles.com.au/wcsstore/Coles-CAS/images/7/9/1/7910014-th.jpg",
    "categories": ["entertaining-at-home", "drinks"],
    "tags": ["drinks-mixers", "soft-drink"],
    "locations": {
      "vic": {
        "price": 6,
        "promoText": "$2.50 ",
        "packageSize": "8 pack",
        "packagePrice": "$3.75 per 1L"
      }
    }
  },
  {
    "id": "sprite-soft-drink-lemonade-401657p",
    "brand": "Coca-Cola",
    "name": "Sprite Soft Drink Lemon Lime",
    "imageUrl": "https://shop.coles.com.au/wcsstore/Coles-CAS/images/4/0/1/401657-th.jpg",
    "categories": ["entertaining-at-home", "drinks"],
    "tags": ["drinks-mixers", "soft-drink"],
    "locations": {
      "vic": {
        "price": 2.5,
        "promoText": "Any 2 $3",
        "packageSize": "1.25L",
        "packagePrice": "$2.00 per 1L"
      }
    }
  },
  {
    "id": "schweppes-soft-drink-lemonade-375ml-cans",
    "brand": "Schweppes",
    "name": "Lemonade Multipack Cans 375mL",
    "imageUrl": "https://shop.coles.com.au/wcsstore/Coles-CAS/images/9/3/9/9391552-th.jpg",
    "categories": ["entertaining-at-home", "drinks"],
    "tags": ["drinks-mixers", "soft-drink"],
    "locations": {
      "vic": {
        "price": 21,
        "promoText": " ",
        "packageSize": "24 pack",
        "packagePrice": "$2.33 per 1L"
      }
    }
  },
  {
    "id": "coca-cola-soft-drink-diet-coke-418503p",
    "brand": "Coca-Cola",
    "name": "Diet Coke",
    "imageUrl": "https://shop.coles.com.au/wcsstore/Coles-CAS/images/4/1/8/418503-th.jpg",
    "categories": ["entertaining-at-home", "drinks"],
    "tags": ["drinks-mixers", "soft-drink"],
    "locations": {
      "vic": {
        "price": 2.75,
        "promoText": "Was $3.00 on Nov 2018 ",
        "packageSize": "2L",
        "packagePrice": "$1.38 per 1L"
      }
    }
  },
  {
    "id": "coca-cola-diet-coke-375ml-cans",
    "brand": "Coca-Cola",
    "name": "Diet Coke Multipack Cans 375mL",
    "imageUrl": "https://shop.coles.com.au/wcsstore/Coles-CAS/images/1/8/4/1849318-th.jpg",
    "categories": ["entertaining-at-home", "drinks"],
    "tags": ["drinks-mixers", "soft-drink"],
    "locations": {
      "vic": {
        "price": 12.3,
        "promoText": "Any 2 $14",
        "packageSize": "10 pack",
        "packagePrice": "$3.28 per 1L"
      }
    }
  },
  {
    "id": "fanta-soft-drink-orange-375ml-cans",
    "brand": "Fanta",
    "name": "Orange Multipack Cans 375mL",
    "imageUrl": "https://shop.coles.com.au/wcsstore/Coles-CAS/images/5/3/2/5325873-th.jpg",
    "categories": ["entertaining-at-home", "drinks"],
    "tags": ["drinks-mixers", "soft-drink"],
    "locations": {
      "vic": {
        "price": 14,
        "promoText": "$14.20 ",
        "packageSize": "24 Pack",
        "packagePrice": "$1.56 per 1L"
      }
    }
  },
  {
    "id": "coca-cola-soft-drink-coke-zero-300ml-bottles",
    "brand": "Coca-Cola",
    "name": "No Sugar Coke Multipack 300mL",
    "imageUrl": "https://shop.coles.com.au/wcsstore/Coles-CAS/images/1/4/9/1492374-th.jpg",
    "categories": ["entertaining-at-home", "drinks"],
    "tags": ["drinks-mixers", "soft-drink"],
    "locations": {
      "vic": {
        "price": 9,
        "promoText": "$5.00 ",
        "packageSize": "12 pack",
        "packagePrice": "$2.50 per 1L"
      }
    }
  },
  {
    "id": "que-cola-soft-drink-cola-zero",
    "brand": "Que Cola",
    "name": "No Sugar Cola",
    "imageUrl": "https://shop.coles.com.au/wcsstore/Coles-CAS/images/3/2/4/3243563-th.jpg",
    "categories": ["entertaining-at-home", "drinks"],
    "tags": ["drinks-mixers", "soft-drink"],
    "locations": {
      "vic": {
        "price": 0.75,
        "promoText": " ",
        "packageSize": "1.25L",
        "packagePrice": "$0.60 per 1L"
      }
    }
  },
  {
    "id": "coca-cola-soft-drink-coke-vanilla-chilled",
    "brand": "Coca-Cola",
    "name": "Vanilla Flavour Coke",
    "imageUrl": "https://shop.coles.com.au/wcsstore/Coles-CAS/images/9/3/9/9391600-th.jpg",
    "categories": ["entertaining-at-home", "drinks"],
    "tags": ["drinks-mixers", "soft-drink"],
    "locations": {
      "vic": {
        "price": 3,
        "promoText": " ",
        "packageSize": "1.25L",
        "packagePrice": "$2.40 per 1L"
      }
    }
  },
  {
    "id": "kirks-soft-drink-creaming-soda-375ml-cans",
    "brand": "Kirks",
    "name": "Creaming Soda Multipack cans 375mL",
    "imageUrl": "https://shop.coles.com.au/wcsstore/Coles-CAS/images/9/1/2/9125082-th.jpg",
    "categories": ["entertaining-at-home", "drinks"],
    "tags": ["drinks-mixers", "soft-drink"],
    "locations": {
      "vic": {
        "price": 5,
        "promoText": "Was $8.90 on Jun 2018 ",
        "packageSize": "10 pack",
        "packagePrice": "$1.33 per 1L"
      }
    }
  },
  {
    "id": "schweppes-soft-drink-solo-lemon-7837402p",
    "brand": "Solo",
    "name": "Original Lemon Thirst Crusher Multipack Cans 375mL",
    "imageUrl": "https://shop.coles.com.au/wcsstore/Coles-CAS/images/7/8/3/7837402-th.jpg",
    "categories": ["entertaining-at-home", "drinks"],
    "tags": ["drinks-mixers", "soft-drink"],
    "locations": {
      "vic": {
        "price": 16,
        "promoText": "Was $28.50 on Mar 2019 ",
        "packageSize": "30 pack",
        "packagePrice": "$1.42 per 1L"
      }
    }
  },
  {
    "id": "sprite-soft-drink-lemonade-200ml-cans",
    "brand": "Sprite",
    "name": "Lemon Lime Natural Flavour Soft Drink Mini Cans 200mL",
    "imageUrl": "https://shop.coles.com.au/wcsstore/Coles-CAS/images/7/9/1/7910047-th.jpg",
    "categories": ["entertaining-at-home", "drinks"],
    "tags": ["drinks-mixers", "soft-drink"],
    "locations": {
      "vic": {
        "price": 6,
        "promoText": "$2.50 ",
        "packageSize": "8 Pack",
        "packagePrice": "$3.75 per 1L"
      }
    }
  },
  {
    "id": "bundaberg-diet-ginger-beer-375ml-bottles",
    "brand": "Bundaberg",
    "name": "Diet Ginger Beer Multipack Bottles 375mL",
    "imageUrl": "https://shop.coles.com.au/wcsstore/Coles-CAS/images/2/4/8/2480632-th.jpg",
    "categories": ["entertaining-at-home", "drinks"],
    "tags": ["drinks-mixers", "soft-drink"],
    "locations": {
      "vic": {
        "price": 13.1,
        "promoText": " ",
        "packageSize": "10 pack",
        "packagePrice": "$3.49 per 1L"
      }
    }
  },
  {
    "id": "sprite-soft-drink-lemonade",
    "brand": "Coca-Cola",
    "name": "Sprite Soft Drink Lemon Lime",
    "imageUrl": "https://shop.coles.com.au/wcsstore/Coles-CAS/images/4/3/8/438894-th.jpg",
    "categories": ["entertaining-at-home", "drinks"],
    "tags": ["drinks-mixers", "soft-drink"],
    "locations": {
      "vic": {
        "price": 2.25,
        "promoText": " ",
        "packageSize": "2L",
        "packagePrice": "$1.13 per 1L"
      }
    }
  },
  {
    "id": "coca-cola-coke-375ml-cans",
    "brand": "Coca-Cola",
    "name": "Classic Coke Multipack Cans 375mL",
    "imageUrl": "https://shop.coles.com.au/wcsstore/Coles-CAS/images/1/8/4/1849307-th.jpg",
    "categories": ["entertaining-at-home", "drinks"],
    "tags": ["drinks-mixers", "soft-drink"],
    "locations": {
      "vic": {
        "price": 12.3,
        "promoText": "Any 2 $14",
        "packageSize": "10 Pack",
        "packagePrice": "$3.28 per 1L"
      }
    }
  },
  {
    "id": "coca-cola-sprite-lemonade-375ml-cans",
    "brand": "Coca-Cola",
    "name": "Sprite Soft Drink Lemon Lime 375mL",
    "imageUrl": "https://shop.coles.com.au/wcsstore/Coles-CAS/images/1/8/4/1849329-th.jpg",
    "categories": ["entertaining-at-home", "drinks"],
    "tags": ["drinks-mixers", "soft-drink"],
    "locations": {
      "vic": {
        "price": 12.3,
        "promoText": "Any 2 $14",
        "packageSize": "10 Pack",
        "packagePrice": "$3.28 per 1L"
      }
    }
  },
  {
    "id": "cca-coca-cola-diet-125l-soft-drink-diet-coke",
    "brand": "Coca-Cola",
    "name": "Diet Coke Soft Drink",
    "imageUrl": "https://shop.coles.com.au/wcsstore/Coles-CAS/images/4/1/9/419211-th.jpg",
    "categories": ["entertaining-at-home", "drinks"],
    "tags": ["drinks-mixers", "soft-drink"],
    "locations": {
      "vic": {
        "price": 3,
        "promoText": " ",
        "packageSize": "1.25L",
        "packagePrice": "$2.40 per 1L"
      }
    }
  },
  {
    "id": "schweppes-pepsi-375ml-cans",
    "brand": "Pepsi",
    "name": "Multipack Cans 375mL",
    "imageUrl": "https://shop.coles.com.au/wcsstore/Coles-CAS/images/2/6/8/2684213-th.jpg",
    "categories": ["entertaining-at-home", "drinks"],
    "tags": ["drinks-mixers", "soft-drink"],
    "locations": {
      "vic": {
        "price": 6,
        "promoText": "$5.05 ",
        "packageSize": "10 pack",
        "packagePrice": "$1.60 per 1L"
      }
    }
  },
  {
    "id": "schweppes-soft-drink-solo-lemon",
    "brand": "Schweppes",
    "name": "Solo Lemon Drink",
    "imageUrl": "https://shop.coles.com.au/wcsstore/Coles-CAS/images/1/4/7/147494-th.jpg",
    "categories": ["entertaining-at-home", "drinks"],
    "tags": ["drinks-mixers", "soft-drink"],
    "locations": {
      "vic": {
        "price": 1.7,
        "promoText": "$0.50 ",
        "packageSize": "1.25L",
        "packagePrice": "$1.36 per 1L"
      }
    }
  },
  {
    "id": "coles-soft-drink-lemon",
    "brand": "Coles",
    "name": "Lemon Flavoured Drink",
    "imageUrl": "https://shop.coles.com.au/wcsstore/Coles-CAS/images/5/1/7/5179137-th.jpg",
    "categories": ["entertaining-at-home", "drinks"],
    "tags": ["drinks-mixers", "soft-drink"],
    "locations": {
      "vic": {
        "price": 0.75,
        "promoText": " ",
        "packageSize": "1.25L",
        "packagePrice": "$0.60 per 1L"
      }
    }
  },
  {
    "id": "kirks-soft-drink-pasito-375ml-cans",
    "brand": "Kirks",
    "name": "Pasito Multipack Cans 375 mL",
    "imageUrl": "https://shop.coles.com.au/wcsstore/Coles-CAS/images/9/1/2/9125209-th.jpg",
    "categories": ["entertaining-at-home", "drinks"],
    "tags": ["drinks-mixers", "soft-drink"],
    "locations": {
      "vic": {
        "price": 5,
        "promoText": "Was $8.90 on Jun 2018 ",
        "packageSize": "10 Pack",
        "packagePrice": "$1.33 per 1L"
      }
    }
  },
  {
    "id": "pepsi-soft-drink-cola",
    "brand": "Pepsi",
    "name": "Cola Soft Drink",
    "imageUrl": "https://shop.coles.com.au/wcsstore/Coles-CAS/images/3/3/7/337310-th.jpg",
    "categories": ["entertaining-at-home", "drinks"],
    "tags": ["drinks-mixers", "soft-drink"],
    "locations": {
      "vic": {
        "price": 2,
        "promoText": "Was $3.25 on May 2017 ",
        "packageSize": "2L",
        "packagePrice": "$1.00 per 1L"
      }
    }
  },
  {
    "id": "schweppes-soft-drink-lemonade",
    "brand": "Schweppes",
    "name": "Lemonade",
    "imageUrl": "https://shop.coles.com.au/wcsstore/Coles-CAS/images/2/4/0/240208-th.jpg",
    "categories": ["entertaining-at-home", "drinks"],
    "tags": ["drinks-mixers", "soft-drink"],
    "locations": {
      "vic": {
        "price": 2,
        "promoText": "Was $3.25 on May 2017 ",
        "packageSize": "2L",
        "packagePrice": "$1.00 per 1L"
      }
    }
  },
  {
    "id": "v-energy-drink-blue-4-x-275ml-cans",
    "brand": "V",
    "name": "Energy Drink Blue 4 x 275ml Cans",
    "imageUrl": "https://shop.coles.com.au/wcsstore/Coles-CAS/images/2/3/8/2383363-th.jpg",
    "categories": ["entertaining-at-home", "drinks"],
    "tags": ["drinks-mixers", "soft-drink"],
    "locations": {
      "vic": {
        "price": 6,
        "promoText": "$3.35 ",
        "packageSize": "4 pack",
        "packagePrice": "$5.45 per 1L"
      }
    }
  },
  {
    "id": "bundaberg-soft-drink-ginger-beer-value-pack-375ml-bottles",
    "brand": "Bundaberg",
    "name": "Ginger Beer Multipack Bottles 375mL",
    "imageUrl": "https://shop.coles.com.au/wcsstore/Coles-CAS/images/9/8/2/9826123-th.jpg",
    "categories": ["entertaining-at-home", "drinks"],
    "tags": ["drinks-mixers", "soft-drink"],
    "locations": {
      "vic": {
        "price": 13.1,
        "promoText": " ",
        "packageSize": "10 pack",
        "packagePrice": "$3.49 per 1L"
      }
    }
  },
  {
    "id": "coca-cola-diet-coke-caffeine-free-375ml-cans",
    "brand": "Coca-Cola",
    "name": "Diet Caffeine Free Coke Multipack Cans 375mL",
    "imageUrl": "https://shop.coles.com.au/wcsstore/Coles-CAS/images/1/8/4/1849282-th.jpg",
    "categories": ["entertaining-at-home", "drinks"],
    "tags": ["drinks-mixers", "soft-drink"],
    "locations": {
      "vic": {
        "price": 12.3,
        "promoText": "Any 2 $14",
        "packageSize": "10 Pack",
        "packagePrice": "$3.28 per 1L"
      }
    }
  },
  {
    "id": "coca-cola-coke-300ml-bottles-7910342p",
    "brand": "Coca-Cola",
    "name": "Classic Coke Multipack 300mL",
    "imageUrl": "https://shop.coles.com.au/wcsstore/Coles-CAS/images/7/9/1/7910342-th.jpg",
    "categories": ["entertaining-at-home", "drinks"],
    "tags": ["drinks-mixers", "soft-drink"],
    "locations": {
      "vic": {
        "price": 9,
        "promoText": "$5.00 ",
        "packageSize": "12 pack",
        "packagePrice": "$2.50 per 1L"
      }
    }
  },
  {
    "id": "mountain-dew-375ml-cans",
    "brand": "Mountain Dew",
    "name": "Multipack Cans 375mL",
    "imageUrl": "https://shop.coles.com.au/wcsstore/Coles-CAS/images/2/6/8/2684188-th.jpg",
    "categories": ["entertaining-at-home", "drinks"],
    "tags": ["drinks-mixers", "soft-drink"],
    "locations": {
      "vic": {
        "price": 6,
        "promoText": "$5.05 ",
        "packageSize": "10 pack",
        "packagePrice": "$1.60 per 1L"
      }
    }
  },
  {
    "id": "pepsi-soft-drink-cola-375ml-cans-7837424p",
    "brand": "Pepsi",
    "name": "Cola Soft Drink 375mL",
    "imageUrl": "https://shop.coles.com.au/wcsstore/Coles-CAS/images/7/8/3/7837424-th.jpg",
    "categories": ["entertaining-at-home", "drinks"],
    "tags": ["drinks-mixers", "soft-drink"],
    "locations": {
      "vic": {
        "price": 16,
        "promoText": " ",
        "packageSize": "30 pack",
        "packagePrice": "$1.42 per 1L"
      }
    }
  },
  {
    "id": "pepsi-soft-drink-10x375ml-soft-drink-max-raspberry",
    "brand": "Pepsi",
    "name": "Raspberry Flavour Max Multipack Cans 375mL",
    "imageUrl": "https://shop.coles.com.au/wcsstore/Coles-CAS/images/3/2/7/3270817-th.jpg",
    "categories": ["entertaining-at-home", "drinks"],
    "tags": ["drinks-mixers", "soft-drink"],
    "locations": {
      "vic": {
        "price": 6,
        "promoText": "$5.05 ",
        "packageSize": "10 pack",
        "packagePrice": "$1.60 per 1L"
      }
    }
  },
  {
    "id": "red-bull-energy-drink-sugar-free",
    "brand": "Red Bull",
    "name": "Sugar Free Energy Drink Multipack 250mL",
    "imageUrl": "https://shop.coles.com.au/wcsstore/Coles-CAS/images/9/6/1/9615900-th.jpg",
    "categories": ["entertaining-at-home", "drinks"],
    "tags": ["drinks-mixers", "soft-drink"],
    "locations": {
      "vic": {
        "price": 10.2,
        "promoText": " ",
        "packageSize": "4 pack",
        "packagePrice": "$10.20 per 1L"
      }
    }
  },
  {
    "id": "kirks-soft-drink-ginger-beer-375ml-cans",
    "brand": "Kirks",
    "name": "Ginger Beer Multiple Cans 375mL",
    "imageUrl": "https://shop.coles.com.au/wcsstore/Coles-CAS/images/8/4/9/8492033-th.jpg",
    "categories": ["entertaining-at-home", "drinks"],
    "tags": ["drinks-mixers", "soft-drink"],
    "locations": {
      "vic": {
        "price": 5,
        "promoText": "Was $8.90 on Jun 2018 ",
        "packageSize": "375mL",
        "packagePrice": "$1.33 per 1L"
      }
    }
  },
  {
    "id": "kirks-soft-drink-lemonade",
    "brand": "Kirks",
    "name": "Lemonade",
    "imageUrl": "https://shop.coles.com.au/wcsstore/Coles-CAS/images/5/3/9/5399166-th.jpg",
    "categories": ["entertaining-at-home", "drinks"],
    "tags": ["drinks-mixers", "soft-drink"],
    "locations": {
      "vic": {
        "price": 1.15,
        "promoText": "$0.55 ",
        "packageSize": "1.25L",
        "packagePrice": "$0.92 per 1L"
      }
    }
  },
  {
    "id": "pepsi-soft-drink-cola-148205p",
    "brand": "Pepsi",
    "name": "Cola Soft Drink",
    "imageUrl": "https://shop.coles.com.au/wcsstore/Coles-CAS/images/1/4/8/148205-th.jpg",
    "categories": ["entertaining-at-home", "drinks"],
    "tags": ["drinks-mixers", "soft-drink"],
    "locations": {
      "vic": {
        "price": 1.7,
        "promoText": "$0.50 ",
        "packageSize": "1.25L",
        "packagePrice": "$1.36 per 1L"
      }
    }
  },
  {
    "id": "pepsi-soft-drink-10x375ml-pepsi-max-vanilla",
    "brand": "Pepsi",
    "name": "Max Vanilla Multipack Cans 375mL",
    "imageUrl": "https://shop.coles.com.au/wcsstore/Coles-CAS/images/2/8/8/2887480-th.jpg",
    "categories": ["entertaining-at-home", "drinks"],
    "tags": ["drinks-mixers", "soft-drink"],
    "locations": {
      "vic": {
        "price": 6,
        "promoText": "$5.05 ",
        "packageSize": "10 pack",
        "packagePrice": "$1.60 per 1L"
      }
    }
  },
  {
    "id": "schweppes-soft-drink-lemonade-3270191p",
    "brand": "Schweppes",
    "name": "Lemonade",
    "imageUrl": "https://shop.coles.com.au/wcsstore/Coles-CAS/images/3/2/7/3270191-th.jpg",
    "categories": ["entertaining-at-home", "drinks"],
    "tags": ["drinks-mixers", "soft-drink"],
    "locations": {
      "vic": {
        "price": 2,
        "promoText": " ",
        "packageSize": "1.1L",
        "packagePrice": "$1.82 per 1L"
      }
    }
  },
  {
    "id": "coca-cola-coke-zero-375ml-cans",
    "brand": "Coca-Cola",
    "name": "Vanilla Flavour Coke Multipack Cans 375mL",
    "imageUrl": "https://shop.coles.com.au/wcsstore/Coles-CAS/images/1/8/4/1849293-th.jpg",
    "categories": ["entertaining-at-home", "drinks"],
    "tags": ["drinks-mixers", "soft-drink"],
    "locations": {
      "vic": {
        "price": 12.3,
        "promoText": "Any 2 $14",
        "packageSize": "10 pack",
        "packagePrice": "$3.28 per 1L"
      }
    }
  },
  {
    "id": "coles-soft-drink-pineapple",
    "brand": "Coles",
    "name": "Pineapple Drink",
    "imageUrl": "https://shop.coles.com.au/wcsstore/Coles-CAS/images/5/1/7/5179181-th.jpg",
    "categories": ["entertaining-at-home", "drinks"],
    "tags": ["drinks-mixers", "soft-drink"],
    "locations": {
      "vic": {
        "price": 0.75,
        "promoText": " ",
        "packageSize": "1.25L",
        "packagePrice": "$0.60 per 1L"
      }
    }
  },
  {
    "id": "coca-cola-fanta-orange-375ml-cans",
    "brand": "Fanta",
    "name": "Orange Flavour Multipack Cans 375mL",
    "imageUrl": "https://shop.coles.com.au/wcsstore/Coles-CAS/images/1/8/4/1849330-th.jpg",
    "categories": ["entertaining-at-home", "drinks"],
    "tags": ["drinks-mixers", "soft-drink"],
    "locations": {
      "vic": {
        "price": 12.3,
        "promoText": "Any 2 $14",
        "packageSize": "10 pack",
        "packagePrice": "$3.28 per 1L"
      }
    }
  },
  {
    "id": "kirks-soft-drink-lemon-squash-375ml-cans",
    "brand": "Kirks",
    "name": "Lemon Squash Multipack Cans 375 mL",
    "imageUrl": "https://shop.coles.com.au/wcsstore/Coles-CAS/images/9/1/2/9125050-th.jpg",
    "categories": ["entertaining-at-home", "drinks"],
    "tags": ["drinks-mixers", "soft-drink"],
    "locations": {
      "vic": {
        "price": 5,
        "promoText": "Was $8.90 on Jun 2018 ",
        "packageSize": "10 Pack",
        "packagePrice": "$1.33 per 1L"
      }
    }
  },
  {
    "id": "pepsi-soft-drink-cola-375ml-cans",
    "brand": "Pepsi",
    "name": "Cola Soft Drink 375mL",
    "imageUrl": "https://shop.coles.com.au/wcsstore/Coles-CAS/images/7/3/6/7365960-th.jpg",
    "categories": ["entertaining-at-home", "drinks"],
    "tags": ["drinks-mixers", "soft-drink"],
    "locations": {
      "vic": {
        "price": 21,
        "promoText": " ",
        "packageSize": "24 pack",
        "packagePrice": "$2.33 per 1L"
      }
    }
  },
  {
    "id": "que-cola-soft-drink-cola",
    "brand": "Que",
    "name": "Cola Soft Drink",
    "imageUrl": "https://shop.coles.com.au/wcsstore/Coles-CAS/images/3/2/4/3243541-th.jpg",
    "categories": ["entertaining-at-home", "drinks"],
    "tags": ["drinks-mixers", "soft-drink"],
    "locations": {
      "vic": {
        "price": 0.75,
        "promoText": " ",
        "packageSize": "1.25L",
        "packagePrice": "$0.60 per 1L"
      }
    }
  },
  {
    "id": "red-bull-zero-energy-drink-zero",
    "brand": "Red Bull",
    "name": "Zero Energy Drink Multipack 250mL",
    "imageUrl": "https://shop.coles.com.au/wcsstore/Coles-CAS/images/1/4/9/1492443-th.jpg",
    "categories": ["entertaining-at-home", "drinks"],
    "tags": ["drinks-mixers", "soft-drink"],
    "locations": {
      "vic": {
        "price": 10.2,
        "promoText": " ",
        "packageSize": "4 pack",
        "packagePrice": "$10.20 per 1L"
      }
    }
  },
  {
    "id": "solo-lemon-10x375ml-cans",
    "brand": "Solo",
    "name": "Lemon Flavour Multipack Cans 375mL",
    "imageUrl": "https://shop.coles.com.au/wcsstore/Coles-CAS/images/2/6/8/2684144-th.jpg",
    "categories": ["entertaining-at-home", "drinks"],
    "tags": ["drinks-mixers", "soft-drink"],
    "locations": {
      "vic": {
        "price": 6,
        "promoText": "$5.05 ",
        "packageSize": "10 pack",
        "packagePrice": "$1.60 per 1L"
      }
    }
  },
  {
    "id": "v-energy-drink-original-sugar-free-4-x-275ml-cans",
    "brand": "V",
    "name": "Energy Drink Original Sugar Free 4 x 275ml cans",
    "imageUrl": "https://shop.coles.com.au/wcsstore/Coles-CAS/images/2/3/8/2383352-th.jpg",
    "categories": ["entertaining-at-home", "drinks"],
    "tags": ["drinks-mixers", "soft-drink"],
    "locations": {
      "vic": {
        "price": 6,
        "promoText": "$3.35 ",
        "packageSize": "4 pack",
        "packagePrice": "$5.45 per 1L"
      }
    }
  },
  {
    "id": "coles-soft-drink-raspberry",
    "brand": "Coles",
    "name": "Raspberry Flavoured Drink",
    "imageUrl": "https://shop.coles.com.au/wcsstore/Coles-CAS/images/5/1/7/5179283-th.jpg",
    "categories": ["entertaining-at-home", "drinks"],
    "tags": ["drinks-mixers", "soft-drink"],
    "locations": {
      "vic": {
        "price": 0.75,
        "promoText": " ",
        "packageSize": "1.25L",
        "packagePrice": "$0.60 per 1L"
      }
    }
  },
  {
    "id": "coles-variety-pack-soft-drinks-375ml-can",
    "brand": "Coles",
    "name": "Variety Pack Drinks Multipack Cans 375mL",
    "imageUrl": "https://shop.coles.com.au/wcsstore/Coles-CAS/images/2/6/0/2608805-th.jpg",
    "categories": ["entertaining-at-home", "drinks"],
    "tags": ["drinks-mixers", "soft-drink"],
    "locations": {
      "vic": {
        "price": 10,
        "promoText": " ",
        "packageSize": "24 pack",
        "packagePrice": "$1.11 per 1L"
      }
    }
  },
  {
    "id": "kirks-soft-drink-lemonade-375ml-cans-9124920p",
    "brand": "Kirks",
    "name": "Lemonade Multipack Cans 375mL",
    "imageUrl": "https://shop.coles.com.au/wcsstore/Coles-CAS/images/9/1/2/9124920-th.jpg",
    "categories": ["entertaining-at-home", "drinks"],
    "tags": ["drinks-mixers", "soft-drink"],
    "locations": {
      "vic": {
        "price": 5,
        "promoText": "Was $8.90 on Jun 2018 ",
        "packageSize": "10 pack",
        "packagePrice": "$1.33 per 1L"
      }
    }
  },
  {
    "id": "mountain-dew-soft-drink-3613108p",
    "brand": "Mountain Dew",
    "name": "Energised Multipack Soft Drink Cans 375mL",
    "imageUrl": "https://shop.coles.com.au/wcsstore/Coles-CAS/images/3/6/1/3613108-th.jpg",
    "categories": ["entertaining-at-home", "drinks"],
    "tags": ["drinks-mixers", "soft-drink"],
    "locations": {
      "vic": {
        "price": 21,
        "promoText": " ",
        "packageSize": "24 Pack",
        "packagePrice": "$2.33 per 1L"
      }
    }
  },
  {
    "id": "schweppes-pepsi-max-300ml-glass-bottles",
    "brand": "Pepsi",
    "name": "Max Multipack Bottles 300mL",
    "imageUrl": "https://shop.coles.com.au/wcsstore/Coles-CAS/images/2/6/8/2684246-th.jpg",
    "categories": ["entertaining-at-home", "drinks"],
    "tags": ["drinks-mixers", "soft-drink"],
    "locations": {
      "vic": {
        "price": 5.25,
        "promoText": "Any 2 $7",
        "packageSize": "4 pack",
        "packagePrice": "$4.38 per 1L"
      }
    }
  },
  {
    "id": "schweppes-soft-drink-raspberry",
    "brand": "Schweppes",
    "name": "Raspberry Flavoured Drink",
    "imageUrl": "https://shop.coles.com.au/wcsstore/Coles-CAS/images/3/2/7/3270216-th.jpg",
    "categories": ["entertaining-at-home", "drinks"],
    "tags": ["drinks-mixers", "soft-drink"],
    "locations": {
      "vic": {
        "price": 2,
        "promoText": " ",
        "packageSize": "1.1L",
        "packagePrice": "$1.82 per 1L"
      }
    }
  },
  {
    "id": "v--energy-drink",
    "brand": "V",
    "name": "Energy Drink Can",
    "imageUrl": "https://shop.coles.com.au/wcsstore/Coles-CAS/images/7/3/0/7305345-th.jpg",
    "categories": ["entertaining-at-home", "drinks"],
    "tags": ["drinks-mixers", "soft-drink"],
    "locations": {
      "vic": {
        "price": 9,
        "promoText": "$3.35 ",
        "packageSize": "4 pack",
        "packagePrice": "$4.50 per 1L"
      }
    }
  },
  {
    "id": "cottees-cordial-coola",
    "brand": "Cottee's",
    "name": "Coola Lime Cordial",
    "imageUrl": "https://shop.coles.com.au/wcsstore/Coles-CAS/images/7/7/6/7766767-th.jpg",
    "categories": ["entertaining-at-home", "drinks"],
    "tags": ["drinks-mixers", "juices-cordial"],
    "locations": {
      "vic": {
        "price": 4.2,
        "promoText": "Any 2 $7.50",
        "packageSize": "1L",
        "packagePrice": "$4.20 per 1L"
      }
    }
  },
  {
    "id": "just-juice-100%25-apple",
    "brand": "Just Juice",
    "name": "Apple Juice",
    "imageUrl": "https://shop.coles.com.au/wcsstore/Coles-CAS/images/4/9/4/494807-th.jpg",
    "categories": ["entertaining-at-home", "drinks"],
    "tags": ["drinks-mixers", "juices-cordial"],
    "locations": {
      "vic": {
        "price": 2,
        "promoText": "$0.30 ",
        "packageSize": "1L",
        "packagePrice": "$2.00 per 1L"
      }
    }
  },
  {
    "id": "cottees-cordial-fruit-cup",
    "brand": "Cottee's",
    "name": "Fruit Cup Cordial",
    "imageUrl": "https://shop.coles.com.au/wcsstore/Coles-CAS/images/7/7/6/7766778-th.jpg",
    "categories": ["entertaining-at-home", "drinks"],
    "tags": ["drinks-mixers", "juices-cordial"],
    "locations": {
      "vic": {
        "price": 4.2,
        "promoText": "Any 2 $7.50",
        "packageSize": "1L",
        "packagePrice": "$4.20 per 1L"
      }
    }
  },
  {
    "id": "cottees-cordial-lemon-no-added-sugar",
    "brand": "Cottee's",
    "name": "Lemon No Added Sugar Cordial",
    "imageUrl": "https://shop.coles.com.au/wcsstore/Coles-CAS/images/7/7/6/7767919-th.jpg",
    "categories": ["entertaining-at-home", "drinks"],
    "tags": ["drinks-mixers", "juices-cordial"],
    "locations": {
      "vic": {
        "price": 4.2,
        "promoText": "Any 2 $7.50",
        "packageSize": "1L",
        "packagePrice": "$4.20 per 1L"
      }
    }
  },
  {
    "id": "ribena-blackcurrant-syrup",
    "brand": "Ribena",
    "name": "Blackcurrant Syrup Bottle",
    "imageUrl": "https://shop.coles.com.au/wcsstore/Coles-CAS/images/1/6/4/164336-th.jpg",
    "categories": ["entertaining-at-home", "drinks"],
    "tags": ["drinks-mixers", "juices-cordial"],
    "locations": {
      "vic": {
        "price": 6,
        "promoText": "Was $8.00 on Jun 2018 ",
        "packageSize": "1L",
        "packagePrice": "$6.00 per 1L"
      }
    }
  },
  {
    "id": "coles-orange-juice-2531551p",
    "brand": "Coles",
    "name": "Orange Juice",
    "imageUrl": "https://shop.coles.com.au/wcsstore/Coles-CAS/images/2/5/3/2531551-th.jpg",
    "categories": ["entertaining-at-home", "drinks"],
    "tags": ["drinks-mixers", "juices-cordial"],
    "locations": {
      "vic": {
        "price": 2,
        "promoText": " ",
        "packageSize": "2L",
        "packagePrice": "$1.00 per 1L"
      }
    }
  },
  {
    "id": "golden-circle-pineapple-juice-unsweetened",
    "brand": "Golden Circle",
    "name": "Pineapple Juice",
    "imageUrl": "https://shop.coles.com.au/wcsstore/Coles-CAS/images/5/4/8/5487536-th.jpg",
    "categories": ["entertaining-at-home", "drinks"],
    "tags": ["drinks-mixers", "juices-cordial"],
    "locations": {
      "vic": {
        "price": 3.8,
        "promoText": " ",
        "packageSize": "2L",
        "packagePrice": "$1.90 per 1L"
      }
    }
  },
  {
    "id": "bickfords-cordial-lemon-barley-water",
    "brand": "Bickford's",
    "name": "Lemon Barley Cordial",
    "imageUrl": "https://shop.coles.com.au/wcsstore/Coles-CAS/images/5/2/9/5291308-th.jpg",
    "categories": ["entertaining-at-home", "drinks"],
    "tags": ["drinks-mixers", "juices-cordial"],
    "locations": {
      "vic": {
        "price": 4,
        "promoText": " ",
        "packageSize": "750mL",
        "packagePrice": "$5.33 per 1L"
      }
    }
  },
  {
    "id": "coles-apple-juice",
    "brand": "Coles",
    "name": "Apple Juice",
    "imageUrl": "https://shop.coles.com.au/wcsstore/Coles-CAS/images/2/5/3/2531530-th.jpg",
    "categories": ["entertaining-at-home", "drinks"],
    "tags": ["drinks-mixers", "juices-cordial"],
    "locations": {
      "vic": {
        "price": 2,
        "promoText": " ",
        "packageSize": "2L",
        "packagePrice": "$1.00 per 1L"
      }
    }
  },
  {
    "id": "cottees-cordial-coola-no-added-sugar",
    "brand": "Cottee's",
    "name": "Coola No Added Sugar Cordial",
    "imageUrl": "https://shop.coles.com.au/wcsstore/Coles-CAS/images/7/7/6/7767883-th.jpg",
    "categories": ["entertaining-at-home", "drinks"],
    "tags": ["drinks-mixers", "juices-cordial"],
    "locations": {
      "vic": {
        "price": 4.2,
        "promoText": "Any 2 $7.50",
        "packageSize": "1L",
        "packagePrice": "$4.20 per 1L"
      }
    }
  },
  {
    "id": "cottees-cordial-apple-raspberry-no-added-sugar",
    "brand": "Cottee's",
    "name": "Apple & Raspberry No Added Sugar Cordial",
    "imageUrl": "https://shop.coles.com.au/wcsstore/Coles-CAS/images/7/7/6/7766745-th.jpg",
    "categories": ["entertaining-at-home", "drinks"],
    "tags": ["drinks-mixers", "juices-cordial"],
    "locations": {
      "vic": {
        "price": 4.2,
        "promoText": "Any 2 $7.50",
        "packageSize": "1L",
        "packagePrice": "$4.20 per 1L"
      }
    }
  },
  {
    "id": "ocean-spray-cranberry-classic-drink",
    "brand": "Ocean Spray",
    "name": "Classic Cranberry Juice Drink",
    "imageUrl": "https://shop.coles.com.au/wcsstore/Coles-CAS/images/9/7/9/9793057-th.jpg",
    "categories": ["entertaining-at-home", "drinks"],
    "tags": ["drinks-mixers", "juices-cordial"],
    "locations": {
      "vic": {
        "price": 3.8,
        "promoText": "$1.90 ",
        "packageSize": "1.5L",
        "packagePrice": "$2.53 per 1L"
      }
    }
  },
  {
    "id": "golden-circle-juice-100%25-orange",
    "brand": "Golden Circle",
    "name": "Orange Juice",
    "imageUrl": "https://shop.coles.com.au/wcsstore/Coles-CAS/images/5/4/8/5487445-th.jpg",
    "categories": ["entertaining-at-home", "drinks"],
    "tags": ["drinks-mixers", "juices-cordial"],
    "locations": {
      "vic": {
        "price": 2.5,
        "promoText": " ",
        "packageSize": "2L",
        "packagePrice": "$1.25 per 1L"
      }
    }
  },
  {
    "id": "appletiser-sparkling-apple-juice",
    "brand": "Appletiser",
    "name": "Sparkling Apple Juice Bottle",
    "imageUrl": "https://shop.coles.com.au/wcsstore/Coles-CAS/images/2/0/7/207100-th.jpg",
    "categories": ["entertaining-at-home", "drinks"],
    "tags": ["drinks-mixers", "juices-cordial"],
    "locations": {
      "vic": {
        "price": 4.2,
        "promoText": "Any 2 $6",
        "packageSize": "750mL",
        "packagePrice": "$5.60 per 1L"
      }
    }
  },
  {
    "id": "golden-circle-apple-juice",
    "brand": "Golden Circle",
    "name": "Apple Juice",
    "imageUrl": "https://shop.coles.com.au/wcsstore/Coles-CAS/images/5/4/8/5487456-th.jpg",
    "categories": ["entertaining-at-home", "drinks"],
    "tags": ["drinks-mixers", "juices-cordial"],
    "locations": {
      "vic": {
        "price": 2.5,
        "promoText": " ",
        "packageSize": "2L",
        "packagePrice": "$1.25 per 1L"
      }
    }
  },
  {
    "id": "cottees-cordial-orange-no-added-sugar",
    "brand": "Cottee's",
    "name": "Orange No Added Sugar Cordial",
    "imageUrl": "https://shop.coles.com.au/wcsstore/Coles-CAS/images/7/7/6/7767952-th.jpg",
    "categories": ["entertaining-at-home", "drinks"],
    "tags": ["drinks-mixers", "juices-cordial"],
    "locations": {
      "vic": {
        "price": 4.2,
        "promoText": "Any 2 $7.50",
        "packageSize": "1L",
        "packagePrice": "$4.20 per 1L"
      }
    }
  },
  {
    "id": "devondale-sparkling-apple-juice",
    "brand": "Devondale",
    "name": "Sparkling Apple Juice Bottle",
    "imageUrl": "https://shop.coles.com.au/wcsstore/Coles-CAS/images/2/0/0/200462-th.jpg",
    "categories": ["entertaining-at-home", "drinks"],
    "tags": ["drinks-mixers", "juices-cordial"],
    "locations": {
      "vic": {
        "price": 2.2,
        "promoText": "$0.70 ",
        "packageSize": "750mL",
        "packagePrice": "$2.93 per 1L"
      }
    }
  },
  {
    "id": "bickfords-cordial-lemon-lime-bitters",
    "brand": "Bickford's",
    "name": "Lemon Lime & Bitters Cordial",
    "imageUrl": "https://shop.coles.com.au/wcsstore/Coles-CAS/images/6/8/7/6875359-th.jpg",
    "categories": ["entertaining-at-home", "drinks"],
    "tags": ["drinks-mixers", "juices-cordial"],
    "locations": {
      "vic": {
        "price": 4,
        "promoText": " ",
        "packageSize": "750mL",
        "packagePrice": "$5.33 per 1L"
      }
    }
  },
  {
    "id": "coles-apple-mango-juice",
    "brand": "Coles",
    "name": "Apple & Mango Juice",
    "imageUrl": "https://shop.coles.com.au/wcsstore/Coles-CAS/images/3/0/4/3048681-th.jpg",
    "categories": ["entertaining-at-home", "drinks"],
    "tags": ["drinks-mixers", "juices-cordial"],
    "locations": {
      "vic": {
        "price": 2,
        "promoText": " ",
        "packageSize": "2L",
        "packagePrice": "$1.00 per 1L"
      }
    }
  },
  {
    "id": "diet-rite-fruit-cocktail-cordial",
    "brand": "Diet Rite",
    "name": "Fruit Cocktail Cordial",
    "imageUrl": "https://shop.coles.com.au/wcsstore/Coles-CAS/images/3/0/5/3050082-th.jpg",
    "categories": ["entertaining-at-home", "drinks"],
    "tags": ["drinks-mixers", "juices-cordial"],
    "locations": {
      "vic": {
        "price": 3,
        "promoText": " ",
        "packageSize": "1L",
        "packagePrice": "$3.00 per 1L"
      }
    }
  },
  {
    "id": "golden-circle-fruit-drink-pineapple",
    "brand": "Golden Circle",
    "name": "Pineapple Juice",
    "imageUrl": "https://shop.coles.com.au/wcsstore/Coles-CAS/images/2/8/0/280086-th.jpg",
    "categories": ["entertaining-at-home", "drinks"],
    "tags": ["drinks-mixers", "juices-cordial"],
    "locations": {
      "vic": {
        "price": 2.25,
        "promoText": " ",
        "packageSize": "1L",
        "packagePrice": "$2.25 per 1L"
      }
    }
  },
  {
    "id": "golden-circle-mango-nectar-fruit-juice",
    "brand": "Golden Circle",
    "name": "Mango Nectar Fruit Drink",
    "imageUrl": "https://shop.coles.com.au/wcsstore/Coles-CAS/images/7/7/9/7796225-th.jpg",
    "categories": ["entertaining-at-home", "drinks"],
    "tags": ["drinks-mixers", "juices-cordial"],
    "locations": {
      "vic": {
        "price": 2.5,
        "promoText": " ",
        "packageSize": "2L",
        "packagePrice": "$1.25 per 1L"
      }
    }
  },
  {
    "id": "bickfords-cordial-lemon-juice",
    "brand": "Bickford's",
    "name": "Lemon Cordial",
    "imageUrl": "https://shop.coles.com.au/wcsstore/Coles-CAS/images/6/8/7/6875280-th.jpg",
    "categories": ["entertaining-at-home", "drinks"],
    "tags": ["drinks-mixers", "juices-cordial"],
    "locations": {
      "vic": {
        "price": 4,
        "promoText": " ",
        "packageSize": "750ml",
        "packagePrice": "$5.33 per 1L"
      }
    }
  },
  {
    "id": "golden-circle-cordial-apple-raspberry",
    "brand": "Golden Circle",
    "name": "Apple Raspberry Cordial",
    "imageUrl": "https://shop.coles.com.au/wcsstore/Coles-CAS/images/6/0/1/6010674-th.jpg",
    "categories": ["entertaining-at-home", "drinks"],
    "tags": ["drinks-mixers", "juices-cordial"],
    "locations": {
      "vic": {
        "price": 3,
        "promoText": "Was $4.00 on Apr 2018 ",
        "packageSize": "2L",
        "packagePrice": "$1.50 per 1L"
      }
    }
  },
  {
    "id": "ocean-spray-cranberry-drink-light",
    "brand": "Ocean Spray",
    "name": "Light Cranberry Fruit Drink",
    "imageUrl": "https://shop.coles.com.au/wcsstore/Coles-CAS/images/4/5/8/4586598-th.jpg",
    "categories": ["entertaining-at-home", "drinks"],
    "tags": ["drinks-mixers", "juices-cordial"],
    "locations": {
      "vic": {
        "price": 3.8,
        "promoText": "$1.90 ",
        "packageSize": "1.5L",
        "packagePrice": "$2.53 per 1L"
      }
    }
  },
  {
    "id": "ardmona-apricot-nectar-juice",
    "brand": "Ardmona",
    "name": "Apricot Nectar Fruit Drink Can",
    "imageUrl": "https://shop.coles.com.au/wcsstore/Coles-CAS/images/4/7/4/4742015-th.jpg",
    "categories": ["entertaining-at-home", "drinks"],
    "tags": ["drinks-mixers", "juices-cordial"],
    "locations": {
      "vic": {
        "price": 1.7,
        "promoText": " ",
        "packageSize": "405mL",
        "packagePrice": "$4.20 per 1L"
      }
    }
  },
  {
    "id": "bickfords-juice-prune",
    "brand": "Bickford's",
    "name": "Prune Juice",
    "imageUrl": "https://shop.coles.com.au/wcsstore/Coles-CAS/images/5/2/2/5225460-th.jpg",
    "categories": ["entertaining-at-home", "drinks"],
    "tags": ["drinks-mixers", "juices-cordial"],
    "locations": {
      "vic": {
        "price": 6,
        "promoText": " ",
        "packageSize": "1L",
        "packagePrice": "$6.00 per 1L"
      }
    }
  },
  {
    "id": "bickfords-cordial-lime-juice",
    "brand": "Bickford's",
    "name": "Lime Cordial",
    "imageUrl": "https://shop.coles.com.au/wcsstore/Coles-CAS/images/1/6/7/167924-th.jpg",
    "categories": ["entertaining-at-home", "drinks"],
    "tags": ["drinks-mixers", "juices-cordial"],
    "locations": {
      "vic": {
        "price": 4,
        "promoText": " ",
        "packageSize": "750mL",
        "packagePrice": "$5.33 per 1L"
      }
    }
  },
  {
    "id": "campbells-v8-juice-breakfast",
    "brand": "Campbell's",
    "name": "V8 Breakfast Fusion Juice",
    "imageUrl": "https://shop.coles.com.au/wcsstore/Coles-CAS/images/1/1/6/1165425-th.jpg",
    "categories": ["entertaining-at-home", "drinks"],
    "tags": ["drinks-mixers", "juices-cordial"],
    "locations": {
      "vic": {
        "price": 4.6,
        "promoText": "Any 2 $7",
        "packageSize": "1.25L",
        "packagePrice": "$3.68 per 1L"
      }
    }
  },
  {
    "id": "cottees-cordial-lemon",
    "brand": "Cottee's",
    "name": "Lemon Cordial",
    "imageUrl": "https://shop.coles.com.au/wcsstore/Coles-CAS/images/7/7/6/7767908-th.jpg",
    "categories": ["entertaining-at-home", "drinks"],
    "tags": ["drinks-mixers", "juices-cordial"],
    "locations": {
      "vic": {
        "price": 4.2,
        "promoText": "Any 2 $7.50",
        "packageSize": "1L",
        "packagePrice": "$4.20 per 1L"
      }
    }
  },
  {
    "id": "grapetiser-sparkling-red-grape-juice",
    "brand": "Grapetiser",
    "name": "Sparkling Red Grape Juice Bottle",
    "imageUrl": "https://shop.coles.com.au/wcsstore/Coles-CAS/images/5/1/9/5196566-th.jpg",
    "categories": ["entertaining-at-home", "drinks"],
    "tags": ["drinks-mixers", "juices-cordial"],
    "locations": {
      "vic": {
        "price": 4.65,
        "promoText": "Any 2 $6",
        "packageSize": "750mL",
        "packagePrice": "$6.20 per 1L"
      }
    }
  },
  {
    "id": "just-juice-100%25-orange-unsweetened",
    "brand": "Just Juice",
    "name": "Orange Juice",
    "imageUrl": "https://shop.coles.com.au/wcsstore/Coles-CAS/images/1/0/5/105563-th.jpg",
    "categories": ["entertaining-at-home", "drinks"],
    "tags": ["drinks-mixers", "juices-cordial"],
    "locations": {
      "vic": {
        "price": 2,
        "promoText": "$0.30 ",
        "packageSize": "1L",
        "packagePrice": "$2.00 per 1L"
      }
    }
  },
  {
    "id": "ribena-ready-to-drink-blackcurrant-drink-9592850p",
    "brand": "Ribena",
    "name": "Blackcurrant Fruit Drink",
    "imageUrl": "https://shop.coles.com.au/wcsstore/Coles-CAS/images/9/5/9/9592850-th.jpg",
    "categories": ["entertaining-at-home", "drinks"],
    "tags": ["drinks-mixers", "juices-cordial"],
    "locations": {
      "vic": {
        "price": 3.6,
        "promoText": "Was $4.50 on Jan 2019 ",
        "packageSize": "2.4L",
        "packagePrice": "$1.50 per 1L"
      }
    }
  },
  {
    "id": "bickfords-cordial-raspberry",
    "brand": "Bickfords",
    "name": "Raspberry Cordial",
    "imageUrl": "https://shop.coles.com.au/wcsstore/Coles-CAS/images/4/4/2/4420370-th.jpg",
    "categories": ["entertaining-at-home", "drinks"],
    "tags": ["drinks-mixers", "juices-cordial"],
    "locations": {
      "vic": {
        "price": 4,
        "promoText": " ",
        "packageSize": "750mL",
        "packagePrice": "$5.33 per 1L"
      }
    }
  },
  {
    "id": "campbells-v8-juice-vegetable-1165356p",
    "brand": "Campbell's",
    "name": "V8 Vegetable Juice",
    "imageUrl": "https://shop.coles.com.au/wcsstore/Coles-CAS/images/1/1/6/1165356-th.jpg",
    "categories": ["entertaining-at-home", "drinks"],
    "tags": ["drinks-mixers", "juices-cordial"],
    "locations": {
      "vic": {
        "price": 4.6,
        "promoText": "Any 2 $7",
        "packageSize": "1.25L",
        "packagePrice": "$3.68 per 1L"
      }
    }
  },
  {
    "id": "campbells-v8-power-blend-juice-healthy-green",
    "brand": "Campbell's",
    "name": "V8 Healthy Greens Juice",
    "imageUrl": "https://shop.coles.com.au/wcsstore/Coles-CAS/images/2/5/2/2528320-th.jpg",
    "categories": ["entertaining-at-home", "drinks"],
    "tags": ["drinks-mixers", "juices-cordial"],
    "locations": {
      "vic": {
        "price": 5,
        "promoText": "Any 2 $7",
        "packageSize": "1.25L",
        "packagePrice": "$4.00 per 1L"
      }
    }
  },
  {
    "id": "coles-multi-vitamin-juice",
    "brand": "Coles",
    "name": "Multi Vitamin Juice",
    "imageUrl": "https://shop.coles.com.au/wcsstore/Coles-CAS/images/2/5/3/2531584-th.jpg",
    "categories": ["entertaining-at-home", "drinks"],
    "tags": ["drinks-mixers", "juices-cordial"],
    "locations": {
      "vic": {
        "price": 2,
        "promoText": " ",
        "packageSize": "2L",
        "packagePrice": "$1.00 per 1L"
      }
    }
  },
  {
    "id": "cottees-cordial-orange",
    "brand": "Cottee's",
    "name": "Orange Cordial",
    "imageUrl": "https://shop.coles.com.au/wcsstore/Coles-CAS/images/7/7/6/7767941-th.jpg",
    "categories": ["entertaining-at-home", "drinks"],
    "tags": ["drinks-mixers", "juices-cordial"],
    "locations": {
      "vic": {
        "price": 4.2,
        "promoText": "Any 2 $7.50",
        "packageSize": "1L",
        "packagePrice": "$4.20 per 1L"
      }
    }
  },
  {
    "id": "diet-rite-apple-rasberry-cordial",
    "brand": "Diet Rite",
    "name": "Apple Raspberry Cordial",
    "imageUrl": "https://shop.coles.com.au/wcsstore/Coles-CAS/images/3/0/5/3050071-th.jpg",
    "categories": ["entertaining-at-home", "drinks"],
    "tags": ["drinks-mixers", "juices-cordial"],
    "locations": {
      "vic": {
        "price": 3,
        "promoText": " ",
        "packageSize": "1L",
        "packagePrice": "$3.00 per 1L"
      }
    }
  },
  {
    "id": "golden-circle-fruit-drink-golden-pash",
    "brand": "Golden Circle",
    "name": "Golden Pash Fruit Drink",
    "imageUrl": "https://shop.coles.com.au/wcsstore/Coles-CAS/images/5/1/2/5127235-th.jpg",
    "categories": ["entertaining-at-home", "drinks"],
    "tags": ["drinks-mixers", "juices-cordial"],
    "locations": {
      "vic": {
        "price": 1.5,
        "promoText": "$0.65 ",
        "packageSize": "1L",
        "packagePrice": "$1.50 per 1L"
      }
    }
  },
  {
    "id": "golden-circle-fruit-drink-tropical-punch",
    "brand": "Golden Circle",
    "name": "Tropical Punch Fruit Drink",
    "imageUrl": "https://shop.coles.com.au/wcsstore/Coles-CAS/images/3/2/5/325730-th.jpg",
    "categories": ["entertaining-at-home", "drinks"],
    "tags": ["drinks-mixers", "juices-cordial"],
    "locations": {
      "vic": {
        "price": 1.5,
        "promoText": "$0.65 ",
        "packageSize": "1L",
        "packagePrice": "$1.50 per 1L"
      }
    }
  },
  {
    "id": "golden-circle-100%25-apple-blackcurrant-juice",
    "brand": "Golden Circle",
    "name": "Apple Blackcurrant Juice",
    "imageUrl": "https://shop.coles.com.au/wcsstore/Coles-CAS/images/2/0/4/2044539-th.jpg",
    "categories": ["entertaining-at-home", "drinks"],
    "tags": ["drinks-mixers", "juices-cordial"],
    "locations": {
      "vic": {
        "price": 2.5,
        "promoText": " ",
        "packageSize": "2L",
        "packagePrice": "$1.25 per 1L"
      }
    }
  },
  {
    "id": "bickfords-diet-cordial",
    "brand": "Bickfords",
    "name": "Diet Lime Cordial",
    "imageUrl": "https://shop.coles.com.au/wcsstore/Coles-CAS/images/3/5/9/3592530-th.jpg",
    "categories": ["entertaining-at-home", "drinks"],
    "tags": ["drinks-mixers", "juices-cordial"],
    "locations": {
      "vic": {
        "price": 4,
        "promoText": " ",
        "packageSize": "750mL",
        "packagePrice": "$5.33 per 1L"
      }
    }
  },
  {
    "id": "campbells-v8-juice-tropical-1165378p",
    "brand": "Campbell's",
    "name": "V8 Tropical Juice",
    "imageUrl": "https://shop.coles.com.au/wcsstore/Coles-CAS/images/1/1/6/1165378-th.jpg",
    "categories": ["entertaining-at-home", "drinks"],
    "tags": ["drinks-mixers", "juices-cordial"],
    "locations": {
      "vic": {
        "price": 4.6,
        "promoText": "Any 2 $7",
        "packageSize": "1.25L",
        "packagePrice": "$3.68 per 1L"
      }
    }
  },
  {
    "id": "coles-cordial-blackcurrant-juice-syrup",
    "brand": "Coles",
    "name": "Blackcurrant Juice Syrup",
    "imageUrl": "https://shop.coles.com.au/wcsstore/Coles-CAS/images/5/6/1/5612999-th.jpg",
    "categories": ["entertaining-at-home", "drinks"],
    "tags": ["drinks-mixers", "juices-cordial"],
    "locations": {
      "vic": {
        "price": 3.8,
        "promoText": " ",
        "packageSize": "750mL",
        "packagePrice": "$5.07 per 1L"
      }
    }
  },
  {
    "id": "golden-circle-apple-mango-juice",
    "brand": "Golden Circle",
    "name": "Apple & Mango Juice",
    "imageUrl": "https://shop.coles.com.au/wcsstore/Coles-CAS/images/5/4/8/5487547-th.jpg",
    "categories": ["entertaining-at-home", "drinks"],
    "tags": ["drinks-mixers", "juices-cordial"],
    "locations": {
      "vic": {
        "price": 2.5,
        "promoText": " ",
        "packageSize": "2L",
        "packagePrice": "$1.25 per 1L"
      }
    }
  },
  {
    "id": "golden-circle-breakfast-juice-9051973p",
    "brand": "Golden Circle",
    "name": "Breakfast Juice",
    "imageUrl": "https://shop.coles.com.au/wcsstore/Coles-CAS/images/9/0/5/9051973-th.jpg",
    "categories": ["entertaining-at-home", "drinks"],
    "tags": ["drinks-mixers", "juices-cordial"],
    "locations": {
      "vic": {
        "price": 2.5,
        "promoText": " ",
        "packageSize": "2L",
        "packagePrice": "$1.25 per 1L"
      }
    }
  },
  {
    "id": "ocean-spray-ruby-red-grapefruit-drink",
    "brand": "Ocean Spray",
    "name": "Ruby Red Grapefruit Juice",
    "imageUrl": "https://shop.coles.com.au/wcsstore/Coles-CAS/images/4/9/5/4950759-th.jpg",
    "categories": ["entertaining-at-home", "drinks"],
    "tags": ["drinks-mixers", "juices-cordial"],
    "locations": {
      "vic": {
        "price": 3.8,
        "promoText": "$1.90 ",
        "packageSize": "1.5L",
        "packagePrice": "$2.53 per 1L"
      }
    }
  },
  {
    "id": "bickfords-iced-tea-cordial-peach",
    "brand": "Bickford's",
    "name": "Peach Iced Tea Cordial",
    "imageUrl": "https://shop.coles.com.au/wcsstore/Coles-CAS/images/6/0/0/6007727-th.jpg",
    "categories": ["entertaining-at-home", "drinks"],
    "tags": ["drinks-mixers", "juices-cordial"],
    "locations": {
      "vic": {
        "price": 4,
        "promoText": " ",
        "packageSize": "750mL",
        "packagePrice": "$5.33 per 1L"
      }
    }
  },
  {
    "id": "bickfords-cloudy-pear-juice",
    "brand": "Bickford's",
    "name": "Cloudy Pear Juice",
    "imageUrl": "https://shop.coles.com.au/wcsstore/Coles-CAS/images/2/0/4/2044583-th.jpg",
    "categories": ["entertaining-at-home", "drinks"],
    "tags": ["drinks-mixers", "juices-cordial"],
    "locations": {
      "vic": {
        "price": 5.8,
        "promoText": " ",
        "packageSize": "1L",
        "packagePrice": "$5.80 per 1L"
      }
    }
  },
  {
    "id": "buderim-cordial-ginger-refresher",
    "brand": "Buderim Ginger",
    "name": "Ginger Refresher Cordial",
    "imageUrl": "https://shop.coles.com.au/wcsstore/Coles-CAS/images/8/5/8/8586385-th.jpg",
    "categories": ["entertaining-at-home", "drinks"],
    "tags": ["drinks-mixers", "juices-cordial"],
    "locations": {
      "vic": {
        "price": 4,
        "promoText": " ",
        "packageSize": "750mL",
        "packagePrice": "$5.33 per 1L"
      }
    }
  },
  {
    "id": "coles-cordial-lime",
    "brand": "Coles",
    "name": "Lime Cordial",
    "imageUrl": "https://shop.coles.com.au/wcsstore/Coles-CAS/images/5/2/6/5264407-th.jpg",
    "categories": ["entertaining-at-home", "drinks"],
    "tags": ["drinks-mixers", "juices-cordial"],
    "locations": {
      "vic": {
        "price": 3,
        "promoText": " ",
        "packageSize": "750mL",
        "packagePrice": "$4.00 per 1L"
      }
    }
  },
  {
    "id": "coles-apple-blackcurrant-juice",
    "brand": "Coles",
    "name": "Apple & Blackcurrant Juice",
    "imageUrl": "https://shop.coles.com.au/wcsstore/Coles-CAS/images/2/5/3/2531529-th.jpg",
    "categories": ["entertaining-at-home", "drinks"],
    "tags": ["drinks-mixers", "juices-cordial"],
    "locations": {
      "vic": {
        "price": 2,
        "promoText": " ",
        "packageSize": "2L",
        "packagePrice": "$1.00 per 1L"
      }
    }
  },
  {
    "id": "golden-circle-fruit-drink-sunshine-punch",
    "brand": "Golden Circle",
    "name": "Sunshine Punch Fruit Drink",
    "imageUrl": "https://shop.coles.com.au/wcsstore/Coles-CAS/images/6/9/0/6909461-th.jpg",
    "categories": ["entertaining-at-home", "drinks"],
    "tags": ["drinks-mixers", "juices-cordial"],
    "locations": {
      "vic": {
        "price": 1.5,
        "promoText": "$0.65 ",
        "packageSize": "1L",
        "packagePrice": "$1.50 per 1L"
      }
    }
  },
  {
    "id": "golden-circle-juice-apple",
    "brand": "Golden Circle",
    "name": "Apple Juice",
    "imageUrl": "https://shop.coles.com.au/wcsstore/Coles-CAS/images/5/9/7/5975020-th.jpg",
    "categories": ["entertaining-at-home", "drinks"],
    "tags": ["drinks-mixers", "juices-cordial"],
    "locations": {
      "vic": {
        "price": 4,
        "promoText": " ",
        "packageSize": "3L",
        "packagePrice": "$1.33 per 1L"
      }
    }
  },
  {
    "id": "golden-circle-cordial-fruit-cup-crush",
    "brand": "Golden Circle",
    "name": "Fruit Cup Cordial",
    "imageUrl": "https://shop.coles.com.au/wcsstore/Coles-CAS/images/2/1/9/219245-th.jpg",
    "categories": ["entertaining-at-home", "drinks"],
    "tags": ["drinks-mixers", "juices-cordial"],
    "locations": {
      "vic": {
        "price": 3,
        "promoText": "Was $4.00 on Apr 2018 ",
        "packageSize": "2L",
        "packagePrice": "$1.50 per 1L"
      }
    }
  },
  {
    "id": "golden-circle-100%25-orange-mango-juice",
    "brand": "Golden Circle",
    "name": "Orange Mango Juice",
    "imageUrl": "https://shop.coles.com.au/wcsstore/Coles-CAS/images/2/0/4/2044540-th.jpg",
    "categories": ["entertaining-at-home", "drinks"],
    "tags": ["drinks-mixers", "juices-cordial"],
    "locations": {
      "vic": {
        "price": 2.5,
        "promoText": " ",
        "packageSize": "2L",
        "packagePrice": "$1.25 per 1L"
      }
    }
  },
  {
    "id": "ocean-spray-cranberry-pomegranate-drink",
    "brand": "Ocean Spray",
    "name": "Cranberry & Pomegranate Fruit Drink",
    "imageUrl": "https://shop.coles.com.au/wcsstore/Coles-CAS/images/7/2/5/7258551-th.jpg",
    "categories": ["entertaining-at-home", "drinks"],
    "tags": ["drinks-mixers", "juices-cordial"],
    "locations": {
      "vic": {
        "price": 3.8,
        "promoText": "$1.90 ",
        "packageSize": "1.5L",
        "packagePrice": "$2.53 per 1L"
      }
    }
  },
  {
    "id": "schweppes-cordial-lime-juice",
    "brand": "Schweppes",
    "name": "Lime Cordial",
    "imageUrl": "https://shop.coles.com.au/wcsstore/Coles-CAS/images/1/2/3/123714-th.jpg",
    "categories": ["entertaining-at-home", "drinks"],
    "tags": ["drinks-mixers", "juices-cordial"],
    "locations": {
      "vic": {
        "price": 4,
        "promoText": "Was $4.50 on Feb 2020 ",
        "packageSize": "750mL",
        "packagePrice": "$5.33 per 1L"
      }
    }
  },
  {
    "id": "bickfords-juice-cranberry",
    "brand": "Bickford's",
    "name": "Cranberry Juice Drink",
    "imageUrl": "https://shop.coles.com.au/wcsstore/Coles-CAS/images/9/0/9/9097249-th.jpg",
    "categories": ["entertaining-at-home", "drinks"],
    "tags": ["drinks-mixers", "juices-cordial"],
    "locations": {
      "vic": {
        "price": 5.15,
        "promoText": " ",
        "packageSize": "1L",
        "packagePrice": "$5.15 per 1L"
      }
    }
  },
  {
    "id": "campbells-v8-power-blend-juice-3447621p",
    "brand": "Campbell's",
    "name": "V8 Power Blend Rainbow Burst Juice",
    "imageUrl": "https://shop.coles.com.au/wcsstore/Coles-CAS/images/3/4/4/3447621-th.jpg",
    "categories": ["entertaining-at-home", "drinks"],
    "tags": ["drinks-mixers", "juices-cordial"],
    "locations": {
      "vic": {
        "price": 5,
        "promoText": "Any 2 $7",
        "packageSize": "1.25L",
        "packagePrice": "$4.00 per 1L"
      }
    }
  },
  {
    "id": "coles-tomato-juice",
    "brand": "Coles",
    "name": "Tomato Juice",
    "imageUrl": "https://shop.coles.com.au/wcsstore/Coles-CAS/images/2/5/3/2531562-th.jpg",
    "categories": ["entertaining-at-home", "drinks"],
    "tags": ["drinks-mixers", "juices-cordial"],
    "locations": {
      "vic": {
        "price": 2,
        "promoText": " ",
        "packageSize": "2L",
        "packagePrice": "$1.00 per 1L"
      }
    }
  },
  {
    "id": "golden-circle-fruit-drink-pineapple-mango",
    "brand": "Golden Circle",
    "name": "Pine Mango Fruit Drink",
    "imageUrl": "https://shop.coles.com.au/wcsstore/Coles-CAS/images/2/0/0/200145-th.jpg",
    "categories": ["entertaining-at-home", "drinks"],
    "tags": ["drinks-mixers", "juices-cordial"],
    "locations": {
      "vic": {
        "price": 1.5,
        "promoText": "$0.65 ",
        "packageSize": "1L",
        "packagePrice": "$1.50 per 1L"
      }
    }
  },
  {
    "id": "golden-circle-apricot-nectar",
    "brand": "Golden Circle",
    "name": "Apricot Nectar Fruit Drink",
    "imageUrl": "https://shop.coles.com.au/wcsstore/Coles-CAS/images/4/8/0/4801136-th.jpg",
    "categories": ["entertaining-at-home", "drinks"],
    "tags": ["drinks-mixers", "juices-cordial"],
    "locations": {
      "vic": {
        "price": 2.9,
        "promoText": " ",
        "packageSize": "1L",
        "packagePrice": "$2.90 per 1L"
      }
    }
  },
  {
    "id": "golden-circle-breakfast-juice",
    "brand": "Golden Circle",
    "name": "Breakfast Juice",
    "imageUrl": "https://shop.coles.com.au/wcsstore/Coles-CAS/images/9/3/4/9348305-th.jpg",
    "categories": ["entertaining-at-home", "drinks"],
    "tags": ["drinks-mixers", "juices-cordial"],
    "locations": {
      "vic": {
        "price": 4,
        "promoText": " ",
        "packageSize": "3L",
        "packagePrice": "$1.33 per 1L"
      }
    }
  },
  {
    "id": "ocean-spray-low-sugar-cranberry-drink",
    "brand": "Ocean Spray",
    "name": "Low Sugar Cranberry Drink",
    "imageUrl": "https://shop.coles.com.au/wcsstore/Coles-CAS/images/2/5/2/2521026-th.jpg",
    "categories": ["entertaining-at-home", "drinks"],
    "tags": ["drinks-mixers", "juices-cordial"],
    "locations": {
      "vic": {
        "price": 3.8,
        "promoText": "$1.90 ",
        "packageSize": "1.5L",
        "packagePrice": "$2.53 per 1L"
      }
    }
  },
  {
    "id": "viva-fruit-cup-cordial",
    "brand": "Viva",
    "name": "Fruit Cup Cordial",
    "imageUrl": "https://shop.coles.com.au/wcsstore/Coles-CAS/images/2/1/2/2123293-th.jpg",
    "categories": ["entertaining-at-home", "drinks"],
    "tags": ["drinks-mixers", "juices-cordial"],
    "locations": {
      "vic": {
        "price": 2.2,
        "promoText": " ",
        "packageSize": "2L",
        "packagePrice": "$1.10 per 1L"
      }
    }
  },
  {
    "id": "campbells-pineapple-passion-v8-juice",
    "brand": "Campbell's",
    "name": "V8 Pineapple Passion Juice",
    "imageUrl": "https://shop.coles.com.au/wcsstore/Coles-CAS/images/2/1/0/2107901-th.jpg",
    "categories": ["entertaining-at-home", "drinks"],
    "tags": ["drinks-mixers", "juices-cordial"],
    "locations": {
      "vic": {
        "price": 4.6,
        "promoText": "Any 2 $7",
        "packageSize": "1.25L",
        "packagePrice": "$3.68 per 1L"
      }
    }
  },
  {
    "id": "campbells-purple-power-v8-power-blend-juice",
    "brand": "Campbell's",
    "name": "V8 Purple Power Juice",
    "imageUrl": "https://shop.coles.com.au/wcsstore/Coles-CAS/images/2/5/2/2528342-th.jpg",
    "categories": ["entertaining-at-home", "drinks"],
    "tags": ["drinks-mixers", "juices-cordial"],
    "locations": {
      "vic": {
        "price": 5,
        "promoText": "Any 2 $7",
        "packageSize": "1.25L",
        "packagePrice": "$4.00 per 1L"
      }
    }
  },
  {
    "id": "coles-cranberry-drink",
    "brand": "Coles",
    "name": "Cranberry Fruit Drink",
    "imageUrl": "https://shop.coles.com.au/wcsstore/Coles-CAS/images/3/0/4/3048728-th.jpg",
    "categories": ["entertaining-at-home", "drinks"],
    "tags": ["drinks-mixers", "juices-cordial"],
    "locations": {
      "vic": {
        "price": 3,
        "promoText": " ",
        "packageSize": "1.5L",
        "packagePrice": "$2.00 per 1L"
      }
    }
  },
  {
    "id": "golden-circle-fruit-drink-pine-orange",
    "brand": "Golden Circle",
    "name": "Pine Orange Fruit Drink",
    "imageUrl": "https://shop.coles.com.au/wcsstore/Coles-CAS/images/2/8/0/280097-th.jpg",
    "categories": ["entertaining-at-home", "drinks"],
    "tags": ["drinks-mixers", "juices-cordial"],
    "locations": {
      "vic": {
        "price": 1.5,
        "promoText": "$0.65 ",
        "packageSize": "1L",
        "packagePrice": "$1.50 per 1L"
      }
    }
  },
  {
    "id": "golden-circle-pine-orange-juice",
    "brand": "Golden Circle",
    "name": "Pine Orange Juice",
    "imageUrl": "https://shop.coles.com.au/wcsstore/Coles-CAS/images/8/1/4/8147137-th.jpg",
    "categories": ["entertaining-at-home", "drinks"],
    "tags": ["drinks-mixers", "juices-cordial"],
    "locations": {
      "vic": {
        "price": 2.5,
        "promoText": " ",
        "packageSize": "2L",
        "packagePrice": "$1.25 per 1L"
      }
    }
  },
  {
    "id": "golden-circle-tropical-juice",
    "brand": "Golden Circle",
    "name": "Tropical Juice",
    "imageUrl": "https://shop.coles.com.au/wcsstore/Coles-CAS/images/5/4/8/5487558-th.jpg",
    "categories": ["entertaining-at-home", "drinks"],
    "tags": ["drinks-mixers", "juices-cordial"],
    "locations": {
      "vic": {
        "price": 2.5,
        "promoText": " ",
        "packageSize": "2L",
        "packagePrice": "$1.25 per 1L"
      }
    }
  },
  {
    "id": "goulburn-valley-juice-pear-natural",
    "brand": "SPC",
    "name": "Pear Natural Juice Can",
    "imageUrl": "https://shop.coles.com.au/wcsstore/Coles-CAS/images/3/9/7/397006-th.jpg",
    "categories": ["entertaining-at-home", "drinks"],
    "tags": ["drinks-mixers", "juices-cordial"],
    "locations": {
      "vic": {
        "price": 3.05,
        "promoText": " ",
        "packageSize": "850mL",
        "packagePrice": "$0.36 per 100mL"
      }
    }
  },
  {
    "id": "sunraysia-juice-prune",
    "brand": "Sunraysia",
    "name": "Prune Juice Bottle",
    "imageUrl": "https://shop.coles.com.au/wcsstore/Coles-CAS/images/1/3/8/1386118-th.jpg",
    "categories": ["entertaining-at-home", "drinks"],
    "tags": ["drinks-mixers", "juices-cordial"],
    "locations": {
      "vic": {
        "price": 5,
        "promoText": "$1.00 ",
        "packageSize": "1L",
        "packagePrice": "$5.00 per 1L"
      }
    }
  },
  {
    "id": "streets-paddle-pop-ice-cream-cyclone",
    "brand": "Streets",
    "name": "Paddle Pop Cyclone Ice Cream Sticks 8 pack",
    "imageUrl": "https://shop.coles.com.au/wcsstore/Coles-CAS/images/9/3/6/9368743-th.jpg",
    "categories": ["entertaining-at-home", "frozen"],
    "tags": ["icy-poles-ice-creams", "icy-poles"],
    "locations": {
      "vic": {
        "price": 7,
        "promoText": " ",
        "packageSize": "688mL",
        "packagePrice": "$1.02 per 100mL"
      }
    }
  },
  {
    "id": "sunburst-zooper-dooper-water-ice",
    "brand": "Zooper Dooper",
    "name": "8 Cosmic Flavours Water Ice 70mL Tubes",
    "imageUrl": "https://shop.coles.com.au/wcsstore/Coles-CAS/images/1/9/8/198393-th.jpg",
    "categories": ["entertaining-at-home", "frozen"],
    "tags": ["icy-poles-ice-creams", "icy-poles"],
    "locations": {
      "vic": {
        "price": 5.8,
        "promoText": " ",
        "packageSize": "24 pack",
        "packagePrice": "$0.35 per 100mL"
      }
    }
  },
  {
    "id": "zooper-dooper-your-favourites",
    "brand": "Zooper Dooper",
    "name": "Your Favourites Ice Tubes 24 Pack",
    "imageUrl": "https://shop.coles.com.au/wcsstore/Coles-CAS/images/3/2/8/3283932-th.jpg",
    "categories": ["entertaining-at-home", "frozen"],
    "tags": ["icy-poles-ice-creams", "icy-poles"],
    "locations": {
      "vic": {
        "price": 2.9,
        "promoText": "$2.90 ",
        "packageSize": "1.68L",
        "packagePrice": "$0.17 per 100mL"
      }
    }
  },
  {
    "id": "nestle-peters-lifesavers-icy-pole",
    "brand": "Peters",
    "name": "Life Savers Ice Cream 8 pack",
    "imageUrl": "https://shop.coles.com.au/wcsstore/Coles-CAS/images/7/2/1/7213575-th.jpg",
    "categories": ["entertaining-at-home", "frozen"],
    "tags": ["icy-poles-ice-creams", "icy-poles"],
    "locations": {
      "vic": {
        "price": 7,
        "promoText": " ",
        "packageSize": "530mL",
        "packagePrice": "$1.32 per 100mL"
      }
    }
  },
  {
    "id": "berri-juice-berry-icy-tubes",
    "brand": "Berri",
    "name": "Quelch Apple Berry Fruit Juice Icy Tubes 24 pack",
    "imageUrl": "https://shop.coles.com.au/wcsstore/Coles-CAS/images/2/9/7/2971179-th.jpg",
    "categories": ["entertaining-at-home", "frozen"],
    "tags": ["icy-poles-ice-creams", "icy-poles"],
    "locations": {
      "vic": {
        "price": 7,
        "promoText": " ",
        "packageSize": "1.68L",
        "packagePrice": "$0.42 per 100mL"
      }
    }
  },
  {
    "id": "berri-quelch-99-fruit-juice-tropical-icy-tubes",
    "brand": "Berri",
    "name": "Quelch Tropical Fruit Juice Icy Tubes 24 pack",
    "imageUrl": "https://shop.coles.com.au/wcsstore/Coles-CAS/images/2/9/7/2971180-th.jpg",
    "categories": ["entertaining-at-home", "frozen"],
    "tags": ["icy-poles-ice-creams", "icy-poles"],
    "locations": {
      "vic": {
        "price": 7,
        "promoText": " ",
        "packageSize": "1.68L",
        "packagePrice": "$0.42 per 100mL"
      }
    }
  },
  {
    "id": "nestle-peters-frosty-fruits-icy-pole-tropical-372606p",
    "brand": "Peters",
    "name": "Frosty Fruits Tropical 8 pack",
    "imageUrl": "https://shop.coles.com.au/wcsstore/Coles-CAS/images/3/7/2/372606-th.jpg",
    "categories": ["entertaining-at-home", "frozen"],
    "tags": ["icy-poles-ice-creams", "icy-poles"],
    "locations": {
      "vic": {
        "price": 7,
        "promoText": " ",
        "packageSize": "600mL",
        "packagePrice": "$1.17 per 100mL"
      }
    }
  },
  {
    "id": "zooper-dooper-no-sugar",
    "brand": "Zooper Dooper",
    "name": "No Sugar Multi Flavoured Ice Confection Mix 70mL Tubes",
    "imageUrl": "https://shop.coles.com.au/wcsstore/Coles-CAS/images/3/6/3/3639098-th.jpg",
    "categories": ["entertaining-at-home", "frozen"],
    "tags": ["icy-poles-ice-creams", "icy-poles"],
    "locations": {
      "vic": {
        "price": 5.8,
        "promoText": " ",
        "packageSize": "24 Pack",
        "packagePrice": "$0.35 per 100mL"
      }
    }
  },
  {
    "id": "coles-ice-sticks-lemonade-8-pack",
    "brand": "Coles",
    "name": "Lemonade Ice Blocks 8 pack",
    "imageUrl": "https://shop.coles.com.au/wcsstore/Coles-CAS/images/7/1/8/7181107-th.jpg",
    "categories": ["entertaining-at-home", "frozen"],
    "tags": ["icy-poles-ice-creams", "icy-poles"],
    "locations": {
      "vic": {
        "price": 3.6,
        "promoText": " ",
        "packageSize": "600 mL",
        "packagePrice": "$0.60 per 100mL"
      }
    }
  },
  {
    "id": "nestle-peters-original-ice-cream-vanilla",
    "brand": "Peters",
    "name": "Gluten Free Original Vanilla Ice Cream Tub",
    "imageUrl": "https://shop.coles.com.au/wcsstore/Coles-CAS/images/5/9/0/5901329-th.jpg",
    "categories": ["entertaining-at-home", "frozen"],
    "tags": ["icy-poles-ice-creams", "ice-creams"],
    "locations": {
      "vic": {
        "price": 10,
        "promoText": " ",
        "packageSize": "4L",
        "packagePrice": "$2.50 per 1L"
      }
    }
  },
  {
    "id": "nestle-connoisseur-ice-cream-classic-vanilla",
    "brand": "Connoisseur",
    "name": "Classic Vanilla Gourmet Ice Cream Tub",
    "imageUrl": "https://shop.coles.com.au/wcsstore/Coles-CAS/images/5/6/1/5615272-th.jpg",
    "categories": ["entertaining-at-home", "frozen"],
    "tags": ["icy-poles-ice-creams", "ice-creams"],
    "locations": {
      "vic": {
        "price": 11,
        "promoText": " ",
        "packageSize": "1L",
        "packagePrice": "$11.00 per 1L"
      }
    }
  },
  {
    "id": "streets-blue-ribbon-ice-cream-vanilla",
    "brand": "Blue Ribbon",
    "name": "Classic Vanilla Ice Cream Tub",
    "imageUrl": "https://shop.coles.com.au/wcsstore/Coles-CAS/images/2/0/7/207938-th.jpg",
    "categories": ["entertaining-at-home", "frozen"],
    "tags": ["icy-poles-ice-creams", "ice-creams"],
    "locations": {
      "vic": {
        "price": 4.9,
        "promoText": " ",
        "packageSize": "2L",
        "packagePrice": "$2.45 per 1L"
      }
    }
  },
  {
    "id": "streets-golden-gaytime-ice-cream-traditional",
    "brand": "Streets",
    "name": "Golden Gaytime Ice Cream Sticks 4 pack",
    "imageUrl": "https://shop.coles.com.au/wcsstore/Coles-CAS/images/9/6/1/9611648-th.jpg",
    "categories": ["entertaining-at-home", "frozen"],
    "tags": ["icy-poles-ice-creams", "ice-creams"],
    "locations": {
      "vic": {
        "price": 8.5,
        "promoText": " ",
        "packageSize": "400mL",
        "packagePrice": "$2.13 per 100mL"
      }
    }
  },
  {
    "id": "streets-blue-ribbon-ice-cream-vanilla-light",
    "brand": "Blue Ribbon",
    "name": "Light Vanilla Ice Cream Tub",
    "imageUrl": "https://shop.coles.com.au/wcsstore/Coles-CAS/images/5/1/7/5171270-th.jpg",
    "categories": ["entertaining-at-home", "frozen"],
    "tags": ["icy-poles-ice-creams", "ice-creams"],
    "locations": {
      "vic": {
        "price": 4.9,
        "promoText": " ",
        "packageSize": "2L",
        "packagePrice": "$0.25 per 100mL"
      }
    }
  },
  {
    "id": "streets-magnum-ice-cream-almond-4-pack",
    "brand": "Streets",
    "name": "Magnum Almond Ice Cream Sticks 4 pack",
    "imageUrl": "https://shop.coles.com.au/wcsstore/Coles-CAS/images/6/8/9/6893703-th.jpg",
    "categories": ["entertaining-at-home", "frozen"],
    "tags": ["icy-poles-ice-creams", "ice-creams"],
    "locations": {
      "vic": {
        "price": 6.5,
        "promoText": "$2.50 ",
        "packageSize": "428mL",
        "packagePrice": "$1.52 per 100mL"
      }
    }
  },
  {
    "id": "streets-magnum-ice-cream-classic-4-pack",
    "brand": "Streets",
    "name": "Magnum Classic Ice Cream Sticks 4 pack",
    "imageUrl": "https://shop.coles.com.au/wcsstore/Coles-CAS/images/6/8/9/6893736-th.jpg",
    "categories": ["entertaining-at-home", "frozen"],
    "tags": ["icy-poles-ice-creams", "ice-creams"],
    "locations": {
      "vic": {
        "price": 6.5,
        "promoText": "$2.50 ",
        "packageSize": "428mL",
        "packagePrice": "$1.52 per 100mL"
      }
    }
  },
  {
    "id": "bulla-creamy-classics-ice-cream-vanilla",
    "brand": "Bulla",
    "name": "Creamy Classics Vanilla Ice Cream Tub",
    "imageUrl": "https://shop.coles.com.au/wcsstore/Coles-CAS/images/9/4/8/9486590-th.jpg",
    "categories": ["entertaining-at-home", "frozen"],
    "tags": ["icy-poles-ice-creams", "ice-creams"],
    "locations": {
      "vic": {
        "price": 6,
        "promoText": "$2.50 ",
        "packageSize": "2L",
        "packagePrice": "$0.30 per 100mL"
      }
    }
  },
  {
    "id": "bulla-creamy-classics-ice-cream-cookies-cream",
    "brand": "Bulla",
    "name": "Creamy Classics Cookies & Cream Ice Cream Tub",
    "imageUrl": "https://shop.coles.com.au/wcsstore/Coles-CAS/images/9/4/8/9486411-th.jpg",
    "categories": ["entertaining-at-home", "frozen"],
    "tags": ["icy-poles-ice-creams", "ice-creams"],
    "locations": {
      "vic": {
        "price": 6,
        "promoText": "$2.50 ",
        "packageSize": "2L",
        "packagePrice": "$0.30 per 100mL"
      }
    }
  },
  {
    "id": "mars-bars-ice-cream",
    "brand": "Mars",
    "name": "Chocolate Bar Iced Confectionery Multipack 6 x 51mL",
    "imageUrl": "https://shop.coles.com.au/wcsstore/Coles-CAS/images/9/9/9/9992122-th.jpg",
    "categories": ["entertaining-at-home", "frozen"],
    "tags": ["icy-poles-ice-creams", "ice-creams"],
    "locations": {
      "vic": {
        "price": 8.5,
        "promoText": " ",
        "packageSize": "306mL",
        "packagePrice": "$2.78 per 100mL"
      }
    }
  },
  {
    "id": "sanitarium-so-good-bliss-ice-cream-dairy-free-creamy-vanilla",
    "brand": "Sanitarium",
    "name": "So Good Vanilla Bliss Frozen Dessert Tub",
    "imageUrl": "https://shop.coles.com.au/wcsstore/Coles-CAS/images/8/2/6/8264200-th.jpg",
    "categories": ["entertaining-at-home", "frozen"],
    "tags": ["icy-poles-ice-creams", "ice-creams"],
    "locations": {
      "vic": {
        "price": 6.6,
        "promoText": " ",
        "packageSize": "1L",
        "packagePrice": "$6.60 per 1L"
      }
    }
  },
  {
    "id": "bulla-fruit-n-yoghurt-frozen-yoghurt-variety-97%25-fat-free",
    "brand": "Bulla",
    "name": "Frozen Multi Flavoured Yoghurt Sticks 8 pack",
    "imageUrl": "https://shop.coles.com.au/wcsstore/Coles-CAS/images/6/7/4/6749810-th.jpg",
    "categories": ["entertaining-at-home", "frozen"],
    "tags": ["icy-poles-ice-creams", "ice-creams"],
    "locations": {
      "vic": {
        "price": 3.5,
        "promoText": "$3.50 ",
        "packageSize": "472g",
        "packagePrice": "$0.74 per 100G"
      }
    }
  },
  {
    "id": "nestle-connoisseur-ice-cream-belgian-choc",
    "brand": "Connoisseur",
    "name": "Belgian Chocolate Gourmet Ice Cream Tub",
    "imageUrl": "https://shop.coles.com.au/wcsstore/Coles-CAS/images/8/5/9/8591487-th.jpg",
    "categories": ["entertaining-at-home", "frozen"],
    "tags": ["icy-poles-ice-creams", "ice-creams"],
    "locations": {
      "vic": {
        "price": 11,
        "promoText": " ",
        "packageSize": "1L",
        "packagePrice": "$1.10 per 100mL"
      }
    }
  },
  {
    "id": "bulla-crunch-ice-cream-variety-pack",
    "brand": "Bulla",
    "name": "Crunch Multi Flavoured Ice Cream Sticks 8 pack",
    "imageUrl": "https://shop.coles.com.au/wcsstore/Coles-CAS/images/5/9/7/5974719-th.jpg",
    "categories": ["entertaining-at-home", "frozen"],
    "tags": ["icy-poles-ice-creams", "ice-creams"],
    "locations": {
      "vic": {
        "price": 3.5,
        "promoText": "$3.50 ",
        "packageSize": "631mL",
        "packagePrice": "$0.55 per 100mL"
      }
    }
  },
  {
    "id": "coles-ice-cream-vanilla",
    "brand": "Coles",
    "name": "Vanilla Ice Cream Tub",
    "imageUrl": "https://shop.coles.com.au/wcsstore/Coles-CAS/images/2/0/7/207971-th.jpg",
    "categories": ["entertaining-at-home", "frozen"],
    "tags": ["icy-poles-ice-creams", "ice-creams"],
    "locations": {
      "vic": {
        "price": 2.75,
        "promoText": " ",
        "packageSize": "2L",
        "packagePrice": "$1.38 per 1L"
      }
    }
  },
  {
    "id": "streets-magnum-minis-ice-cream-classic",
    "brand": "Streets",
    "name": "Magnum Classic Mini Ice Cream Sticks 6 Pack",
    "imageUrl": "https://shop.coles.com.au/wcsstore/Coles-CAS/images/9/0/9/9091344-th.jpg",
    "categories": ["entertaining-at-home", "frozen"],
    "tags": ["icy-poles-ice-creams", "ice-creams"],
    "locations": {
      "vic": {
        "price": 6.5,
        "promoText": "$2.50 ",
        "packageSize": "360mL",
        "packagePrice": "$1.81 per 100mL"
      }
    }
  },
  {
    "id": "bulla-ice-cream-splits-variety-pack",
    "brand": "Bulla",
    "name": "Splits Multi Flavoured Ice Cream Sticks 10 pack",
    "imageUrl": "https://shop.coles.com.au/wcsstore/Coles-CAS/images/5/8/9/5892294-th.jpg",
    "categories": ["entertaining-at-home", "frozen"],
    "tags": ["icy-poles-ice-creams", "ice-creams"],
    "locations": {
      "vic": {
        "price": 3.5,
        "promoText": "$3.50 ",
        "packageSize": "750mL",
        "packagePrice": "$0.47 per 100mL"
      }
    }
  },
  {
    "id": "bulla-creamy-classics-ice-cream-choc-chip",
    "brand": "Bulla",
    "name": "Creamy Classics Choc Chip Ice Cream Tub",
    "imageUrl": "https://shop.coles.com.au/wcsstore/Coles-CAS/images/9/4/8/9486397-th.jpg",
    "categories": ["entertaining-at-home", "frozen"],
    "tags": ["icy-poles-ice-creams", "ice-creams"],
    "locations": {
      "vic": {
        "price": 6,
        "promoText": "$2.50 ",
        "packageSize": "2L",
        "packagePrice": "$0.30 per 100mL"
      }
    }
  },
  {
    "id": "bulla-ice-cream-choc-bars-vanilla-768ml",
    "brand": "Bulla",
    "name": "Chocolate Coated Vanilla Ice Cream Bars 10 pack",
    "imageUrl": "https://shop.coles.com.au/wcsstore/Coles-CAS/images/5/9/3/5938974-th.jpg",
    "categories": ["entertaining-at-home", "frozen"],
    "tags": ["icy-poles-ice-creams", "ice-creams"],
    "locations": {
      "vic": {
        "price": 3.5,
        "promoText": "$3.50 ",
        "packageSize": "768mL",
        "packagePrice": "$0.46 per 100mL"
      }
    }
  },
  {
    "id": "nestle-connoisseur-ice-cream-cookies-cream",
    "brand": "Connoisseur",
    "name": "Cookies & Cream Gourmet Ice Cream Tub",
    "imageUrl": "https://shop.coles.com.au/wcsstore/Coles-CAS/images/5/8/3/5832850-th.jpg",
    "categories": ["entertaining-at-home", "frozen"],
    "tags": ["icy-poles-ice-creams", "ice-creams"],
    "locations": {
      "vic": {
        "price": 11,
        "promoText": " ",
        "packageSize": "1L",
        "packagePrice": "$1.10 per 100mL"
      }
    }
  },
  {
    "id": "peters-ice-cream-connoisseur-salted-caramel-4-pack",
    "brand": "Connoisseur",
    "name": "Murray River Salted Caramel With Macadamia Gourmet Ice Cream Sticks 4 pack",
    "imageUrl": "https://shop.coles.com.au/wcsstore/Coles-CAS/images/1/4/7/1476210-th.jpg",
    "categories": ["entertaining-at-home", "frozen"],
    "tags": ["icy-poles-ice-creams", "ice-creams"],
    "locations": {
      "vic": {
        "price": 8.6,
        "promoText": " ",
        "packageSize": "455mL",
        "packagePrice": "$1.89 per 100mL"
      }
    }
  },
  {
    "id": "nestle-peters-drumstick-ice-cream-vanilla-minis-6-pack",
    "brand": "Peters",
    "name": "Drumstick Minis Classic Vanilla Ice Cream Cones 6 pack",
    "imageUrl": "https://shop.coles.com.au/wcsstore/Coles-CAS/images/5/8/6/5863445-th.jpg",
    "categories": ["entertaining-at-home", "frozen"],
    "tags": ["icy-poles-ice-creams", "ice-creams"],
    "locations": {
      "vic": {
        "price": 8.4,
        "promoText": " ",
        "packageSize": "490mL",
        "packagePrice": "$1.71 per 100mL"
      }
    }
  },
  {
    "id": "nestle-peters-original-ice-cream-neapolitan-315690p",
    "brand": "Peters",
    "name": "Gluten Free Original Neapolitan Multi Flavoured Ice Cream Tub",
    "imageUrl": "https://shop.coles.com.au/wcsstore/Coles-CAS/images/3/1/5/315690-th.jpg",
    "categories": ["entertaining-at-home", "frozen"],
    "tags": ["icy-poles-ice-creams", "ice-creams"],
    "locations": {
      "vic": {
        "price": 4.75,
        "promoText": "Was $6.00 on Jan 2020 ",
        "packageSize": "2L",
        "packagePrice": "$2.38 per 1L"
      }
    }
  },
  {
    "id": "nestle-peters-original-ice-cream-vanilla-239785p",
    "brand": "Peters",
    "name": "Gluten Free Original Vanilla Ice Cream Tub",
    "imageUrl": "https://shop.coles.com.au/wcsstore/Coles-CAS/images/2/3/9/239785-th.jpg",
    "categories": ["entertaining-at-home", "frozen"],
    "tags": ["icy-poles-ice-creams", "ice-creams"],
    "locations": {
      "vic": {
        "price": 4.75,
        "promoText": "Was $6.00 on Jan 2020 ",
        "packageSize": "2L",
        "packagePrice": "$2.38 per 1L"
      }
    }
  },
  {
    "id": "peters-connoisseur-vanilla-caramel-brownie",
    "brand": "Connoisseur",
    "name": "Vanilla Caramel Brownie Gourmet Ice Cream Tub",
    "imageUrl": "https://shop.coles.com.au/wcsstore/Coles-CAS/images/3/2/5/3251233-th.jpg",
    "categories": ["entertaining-at-home", "frozen"],
    "tags": ["icy-poles-ice-creams", "ice-creams"],
    "locations": {
      "vic": {
        "price": 11,
        "promoText": " ",
        "packageSize": "1L",
        "packagePrice": "$1.10 per 100mL"
      }
    }
  },
  {
    "id": "stsreets-dairy-free-magnum-almond-mps",
    "brand": "Streets",
    "name": "Dairy Free Magnum Almond 3 pack",
    "imageUrl": "https://shop.coles.com.au/wcsstore/Coles-CAS/images/3/3/9/3399358-th.jpg",
    "categories": ["entertaining-at-home", "frozen"],
    "tags": ["icy-poles-ice-creams", "ice-creams"],
    "locations": {
      "vic": {
        "price": 7,
        "promoText": " ",
        "packageSize": "270mL",
        "packagePrice": "$2.59 per 100mL"
      }
    }
  },
  {
    "id": "coles-smart-buy-ice-creams-chocolate-coated-10-pack",
    "brand": "Coles",
    "name": "Choc Coated Ice Creams 10 Pack",
    "imageUrl": "https://shop.coles.com.au/wcsstore/Coles-CAS/images/4/6/9/4695822-th.jpg",
    "categories": ["entertaining-at-home", "frozen"],
    "tags": ["icy-poles-ice-creams", "ice-creams"],
    "locations": {
      "vic": {
        "price": 3,
        "promoText": " ",
        "packageSize": "865mL",
        "packagePrice": "$0.35 per 100mL"
      }
    }
  },
  {
    "id": "streets-magnum-ice-cream-white",
    "brand": "Streets",
    "name": "Magnum White Ice Cream Sticks 4 pack",
    "imageUrl": "https://shop.coles.com.au/wcsstore/Coles-CAS/images/6/5/8/6583193-th.jpg",
    "categories": ["entertaining-at-home", "frozen"],
    "tags": ["icy-poles-ice-creams", "ice-creams"],
    "locations": {
      "vic": {
        "price": 6.5,
        "promoText": "$2.50 ",
        "packageSize": "428mL",
        "packagePrice": "$1.52 per 100mL"
      }
    }
  },
  {
    "id": "streets-paddle-pop-rainbow",
    "brand": "Streets",
    "name": "Paddle Pop Rainbow Ice Cream Sticks 6 pack",
    "imageUrl": "https://shop.coles.com.au/wcsstore/Coles-CAS/images/3/1/2/3123481-th.jpg",
    "categories": ["entertaining-at-home", "frozen"],
    "tags": ["icy-poles-ice-creams", "ice-creams"],
    "locations": {
      "vic": {
        "price": 5,
        "promoText": " ",
        "packageSize": "408 mL",
        "packagePrice": "$1.23 per 100mL"
      }
    }
  },
  {
    "id": "coles-ice-cream-banana-pops-10-pack",
    "brand": "Coles",
    "name": "Banana Pops Ice Cream Stick 10 pack",
    "imageUrl": "https://shop.coles.com.au/wcsstore/Coles-CAS/images/7/1/7/7172208-th.jpg",
    "categories": ["entertaining-at-home", "frozen"],
    "tags": ["icy-poles-ice-creams", "ice-creams"],
    "locations": {
      "vic": {
        "price": 3.75,
        "promoText": " ",
        "packageSize": "700mL",
        "packagePrice": "$0.54 per 100mL"
      }
    }
  },
  {
    "id": "peters-connoisseur-ice-cream-montana-mint",
    "brand": "Connoisseur",
    "name": "Mint With Cookies Gourmet Ice Cream Tub",
    "imageUrl": "https://shop.coles.com.au/wcsstore/Coles-CAS/images/2/9/8/2982357-th.jpg",
    "categories": ["entertaining-at-home", "frozen"],
    "tags": ["icy-poles-ice-creams", "ice-creams"],
    "locations": {
      "vic": {
        "price": 11,
        "promoText": " ",
        "packageSize": "1L",
        "packagePrice": "$11.00 per 1L"
      }
    }
  },
  {
    "id": "haagen-dazs-salted-caramel-ice-cream",
    "brand": "Haagen-Dazs",
    "name": "Salted Caramel Ice Cream Tub",
    "imageUrl": "https://shop.coles.com.au/wcsstore/Coles-CAS/images/2/7/5/2752700-th.jpg",
    "categories": ["entertaining-at-home", "frozen"],
    "tags": ["icy-poles-ice-creams", "ice-creams"],
    "locations": {
      "vic": {
        "price": 11.5,
        "promoText": " ",
        "packageSize": "457mL",
        "packagePrice": "$2.52 per 100mL"
      }
    }
  },
  {
    "id": "nestle-peters-drumstick-ice-cream-choc-mint",
    "brand": "Peters",
    "name": "Drumstick Chocolate Mint Ice Cream Cones 4 pack",
    "imageUrl": "https://shop.coles.com.au/wcsstore/Coles-CAS/images/7/2/1/7210293-th.jpg",
    "categories": ["entertaining-at-home", "frozen"],
    "tags": ["icy-poles-ice-creams", "ice-creams"],
    "locations": {
      "vic": {
        "price": 8.4,
        "promoText": " ",
        "packageSize": "475mL",
        "packagePrice": "$1.77 per 100mL"
      }
    }
  },
  {
    "id": "weis-ice-fruit-bars-mango-cream-4-pack",
    "brand": "Weis",
    "name": "Mango Ice Cream Bars 4 Pack",
    "imageUrl": "https://shop.coles.com.au/wcsstore/Coles-CAS/images/4/2/4/424685-th.jpg",
    "categories": ["entertaining-at-home", "frozen"],
    "tags": ["icy-poles-ice-creams", "ice-creams"],
    "locations": {
      "vic": {
        "price": 5.5,
        "promoText": "$2.00 ",
        "packageSize": "280mL",
        "packagePrice": "$1.96 per 100mL"
      }
    }
  },
  {
    "id": "coles-ice-cream-vanilla-208205p",
    "brand": "Coles",
    "name": "Vanilla Flavoured Ice Cream Tub",
    "imageUrl": "https://shop.coles.com.au/wcsstore/Coles-CAS/images/2/0/8/208205-th.jpg",
    "categories": ["entertaining-at-home", "frozen"],
    "tags": ["icy-poles-ice-creams", "ice-creams"],
    "locations": {
      "vic": {
        "price": 4.9,
        "promoText": "Was $5.20 on Jan 2020 ",
        "packageSize": "4L",
        "packagePrice": "$1.23 per 1L"
      }
    }
  },
  {
    "id": "weis-ice-fruit-mango-bars-280ml",
    "brand": "Weis",
    "name": "Minis Mango Ice Cream Bars 8 pack",
    "imageUrl": "https://shop.coles.com.au/wcsstore/Coles-CAS/images/5/1/2/5124168-th.jpg",
    "categories": ["entertaining-at-home", "frozen"],
    "tags": ["icy-poles-ice-creams", "ice-creams"],
    "locations": {
      "vic": {
        "price": 5.5,
        "promoText": "$2.00 ",
        "packageSize": "280 mL",
        "packagePrice": "$1.96 per 100mL"
      }
    }
  },
  {
    "id": "bulla-splits-spiders",
    "brand": "Bulla",
    "name": "Splits Spiders Multiflavour Ice Cream Sticks 10 Pack",
    "imageUrl": "https://shop.coles.com.au/wcsstore/Coles-CAS/images/3/5/4/3544990-th.jpg",
    "categories": ["entertaining-at-home", "frozen"],
    "tags": ["icy-poles-ice-creams", "ice-creams"],
    "locations": {
      "vic": {
        "price": 3.5,
        "promoText": "$3.50 ",
        "packageSize": "750mL",
        "packagePrice": "$0.47 per 100mL"
      }
    }
  },
  {
    "id": "nestle-connoisseur-ice-cream-cafe-grande",
    "brand": "Connoisseur",
    "name": "Cafe Grande Gourmet Ice Cream Tub",
    "imageUrl": "https://shop.coles.com.au/wcsstore/Coles-CAS/images/5/2/8/5289995-th.jpg",
    "categories": ["entertaining-at-home", "frozen"],
    "tags": ["icy-poles-ice-creams", "ice-creams"],
    "locations": {
      "vic": {
        "price": 11,
        "promoText": " ",
        "packageSize": "1L",
        "packagePrice": "$1.10 per 100mL"
      }
    }
  },
  {
    "id": "denanda-ice-cream-chocolate",
    "brand": "Denada",
    "name": "Double Choc Ice Cream Tub",
    "imageUrl": "https://shop.coles.com.au/wcsstore/Coles-CAS/images/3/5/0/3508250-th.jpg",
    "categories": ["entertaining-at-home", "frozen"],
    "tags": ["icy-poles-ice-creams", "ice-creams"],
    "locations": {
      "vic": {
        "price": 11.5,
        "promoText": " ",
        "packageSize": "475mL",
        "packagePrice": "$2.42 per 100mL"
      }
    }
  },
  {
    "id": "streets-magnum-minis-ice-cream-almond",
    "brand": "Streets",
    "name": "Magnum Almond Mini Ice Cream Sticks 6 Pack",
    "imageUrl": "https://shop.coles.com.au/wcsstore/Coles-CAS/images/9/0/9/9091672-th.jpg",
    "categories": ["entertaining-at-home", "frozen"],
    "tags": ["icy-poles-ice-creams", "ice-creams"],
    "locations": {
      "vic": {
        "price": 6.5,
        "promoText": "$2.50 ",
        "packageSize": "360mL",
        "packagePrice": "$1.81 per 100mL"
      }
    }
  },
  {
    "id": "nestle-peters-drumstick-ice-cream-vanilla-193844p",
    "brand": "Peters",
    "name": "Drumstick Classic Vanilla Ice Cream Cones 4 pack",
    "imageUrl": "https://shop.coles.com.au/wcsstore/Coles-CAS/images/1/9/3/193844-th.jpg",
    "categories": ["entertaining-at-home", "frozen"],
    "tags": ["icy-poles-ice-creams", "ice-creams"],
    "locations": {
      "vic": {
        "price": 8.4,
        "promoText": " ",
        "packageSize": "475mL",
        "packagePrice": "$1.77 per 100mL"
      }
    }
  },
  {
    "id": "nestle-peters-drumstick-ice-creamboysenberry",
    "brand": "Peters",
    "name": "Drumstick Boysenberry Swirl Ice Cream Cones 4 pack",
    "imageUrl": "https://shop.coles.com.au/wcsstore/Coles-CAS/images/9/3/6/9360854-th.jpg",
    "categories": ["entertaining-at-home", "frozen"],
    "tags": ["icy-poles-ice-creams", "ice-creams"],
    "locations": {
      "vic": {
        "price": 8.4,
        "promoText": " ",
        "packageSize": "475mL",
        "packagePrice": "$1.77 per 100mL"
      }
    }
  },
  {
    "id": "weis-ice-fruit-mango-macadamia-bars-280ml",
    "brand": "Weis",
    "name": "Mango & Macadamia Ice Cream Bars 4 pack",
    "imageUrl": "https://shop.coles.com.au/wcsstore/Coles-CAS/images/4/4/6/4462755-th.jpg",
    "categories": ["entertaining-at-home", "frozen"],
    "tags": ["icy-poles-ice-creams", "ice-creams"],
    "locations": {
      "vic": {
        "price": 5.5,
        "promoText": "$2.00 ",
        "packageSize": "280mL",
        "packagePrice": "$1.96 per 100mL"
      }
    }
  },
  {
    "id": "coles-ice-cream-neapolitan",
    "brand": "Coles",
    "name": "Neapolitan Ice Cream Tub",
    "imageUrl": "https://shop.coles.com.au/wcsstore/Coles-CAS/images/2/0/8/208216-th.jpg",
    "categories": ["entertaining-at-home", "frozen"],
    "tags": ["icy-poles-ice-creams", "ice-creams"],
    "locations": {
      "vic": {
        "price": 4.9,
        "promoText": "Was $5.20 on Jan 2020 ",
        "packageSize": "4L",
        "packagePrice": "$1.23 per 1L"
      }
    }
  },
  {
    "id": "coles-ice-cream-chocolate-pops-10-pack",
    "brand": "Coles",
    "name": "Chocolate Pops Ice Cream Sticks 10 pack",
    "imageUrl": "https://shop.coles.com.au/wcsstore/Coles-CAS/images/7/1/7/7172194-th.jpg",
    "categories": ["entertaining-at-home", "frozen"],
    "tags": ["icy-poles-ice-creams", "ice-creams"],
    "locations": {
      "vic": {
        "price": 3.75,
        "promoText": " ",
        "packageSize": "700mL",
        "packagePrice": "$0.54 per 100mL"
      }
    }
  },
  {
    "id": "nestle-peters-drumstick-ice-cream-vanilla",
    "brand": "Peters",
    "name": "Drumstick Classic Vanilla Ice Cream Cone 16 pack",
    "imageUrl": "https://shop.coles.com.au/wcsstore/Coles-CAS/images/7/1/0/7105051-th.jpg",
    "categories": ["entertaining-at-home", "frozen"],
    "tags": ["icy-poles-ice-creams", "ice-creams"],
    "locations": {
      "vic": {
        "price": 17,
        "promoText": " ",
        "packageSize": "1.9L",
        "packagePrice": "$0.89 per 100mL"
      }
    }
  },
  {
    "id": "nestle-maxibon-ice-cream-vanilla-620ml",
    "brand": "Peters",
    "name": "Maxibon Vanilla 4 pack",
    "imageUrl": "https://shop.coles.com.au/wcsstore/Coles-CAS/images/6/4/3/6432008-th.jpg",
    "categories": ["entertaining-at-home", "frozen"],
    "tags": ["icy-poles-ice-creams", "ice-creams"],
    "locations": {
      "vic": {
        "price": 8.4,
        "promoText": " ",
        "packageSize": "620mL",
        "packagePrice": "$1.35 per 100mL"
      }
    }
  },
  {
    "id": "nestle-peters-drumstick-ice-cream-super-choc",
    "brand": "Peters",
    "name": "Drumstick Super Chocolate Ice Cream Cones 4 pack",
    "imageUrl": "https://shop.coles.com.au/wcsstore/Coles-CAS/images/5/1/9/5197274-th.jpg",
    "categories": ["entertaining-at-home", "frozen"],
    "tags": ["icy-poles-ice-creams", "ice-creams"],
    "locations": {
      "vic": {
        "price": 8.4,
        "promoText": " ",
        "packageSize": "475mL",
        "packagePrice": "$1.77 per 100mL"
      }
    }
  },
  {
    "id": "hersheys-reeses-peanut-butter-cone",
    "brand": "Reese's",
    "name": "Peanut Butter Chocolate Cones",
    "imageUrl": "https://shop.coles.com.au/wcsstore/Coles-CAS/images/3/4/0/3407310-th.jpg",
    "categories": ["entertaining-at-home", "frozen"],
    "tags": ["icy-poles-ice-creams", "ice-creams"],
    "locations": {
      "vic": {
        "price": 8.5,
        "promoText": " ",
        "packageSize": "472mL",
        "packagePrice": "$1.80 per 100mL"
      }
    }
  },
  {
    "id": "coles-cookies-cream-sandwich-ice-cream-4-pack",
    "brand": "Coles",
    "name": "Cookies & Cream Ice Cream Sandwich 4 Pack",
    "imageUrl": "https://shop.coles.com.au/wcsstore/Coles-CAS/images/2/4/2/2426138-th.jpg",
    "categories": ["entertaining-at-home", "frozen"],
    "tags": ["icy-poles-ice-creams", "ice-creams"],
    "locations": {
      "vic": {
        "price": 2.9,
        "promoText": " ",
        "packageSize": "440mL",
        "packagePrice": "$0.66 per 100mL"
      }
    }
  },
  {
    "id": "nestle-peters-original-ice-cream-neapolitan",
    "brand": "Peters",
    "name": "Gluten Free Original Neapolitan Multi Flavoured Ice Cream Tub",
    "imageUrl": "https://shop.coles.com.au/wcsstore/Coles-CAS/images/5/9/0/5901340-th.jpg",
    "categories": ["entertaining-at-home", "frozen"],
    "tags": ["icy-poles-ice-creams", "ice-creams"],
    "locations": {
      "vic": {
        "price": 10,
        "promoText": " ",
        "packageSize": "4L",
        "packagePrice": "$2.50 per 1L"
      }
    }
  },
  {
    "id": "weis-sorbet-mango",
    "brand": "Weis",
    "name": "Dairy Free Mango Sorbet Tub",
    "imageUrl": "https://shop.coles.com.au/wcsstore/Coles-CAS/images/7/0/1/7014681-th.jpg",
    "categories": ["entertaining-at-home", "frozen"],
    "tags": ["icy-poles-ice-creams", "ice-creams"],
    "locations": {
      "vic": {
        "price": 6,
        "promoText": "$1.00 ",
        "packageSize": "1L",
        "packagePrice": "$0.60 per 100mL"
      }
    }
  },
  {
    "id": "allens-minties-bag",
    "brand": "Allen's",
    "name": "Minties",
    "imageUrl": "https://shop.coles.com.au/wcsstore/Coles-CAS/images/1/3/8/1385115-th.jpg",
    "categories": ["entertaining-at-home"],
    "tags": ["confectionery-for-entertaining", "lollies-for-entertaining"],
    "locations": {
      "vic": {
        "price": 3,
        "promoText": "Any 2 $5",
        "packageSize": "150g",
        "packagePrice": "$2.00 per 100G"
      }
    }
  },
  {
    "id": "allens-party-mix",
    "brand": "Allen's",
    "name": "Party Mix",
    "imageUrl": "https://shop.coles.com.au/wcsstore/Coles-CAS/images/5/1/9/5196850-th.jpg",
    "categories": ["entertaining-at-home"],
    "tags": ["confectionery-for-entertaining", "lollies-for-entertaining"],
    "locations": {
      "vic": {
        "price": 3,
        "promoText": "Any 2 $5",
        "packageSize": "190g",
        "packagePrice": "$1.58 per 100G"
      }
    }
  },
  {
    "id": "pascall-marshmallows-pink-white",
    "brand": "Pascall",
    "name": "Marshmallows Pink and White",
    "imageUrl": "https://shop.coles.com.au/wcsstore/Coles-CAS/images/2/3/5/2351855-th.jpg",
    "categories": ["entertaining-at-home"],
    "tags": ["confectionery-for-entertaining", "lollies-for-entertaining"],
    "locations": {
      "vic": {
        "price": 2.5,
        "promoText": "$1.50 ",
        "packageSize": "280g",
        "packagePrice": "$0.89 per 100G"
      }
    }
  },
  {
    "id": "the-natural-confectionery-co-snakes",
    "brand": "The Natural Confectionary Co.",
    "name": "Snakes",
    "imageUrl": "https://shop.coles.com.au/wcsstore/Coles-CAS/images/2/3/5/2351298-th.jpg",
    "categories": ["entertaining-at-home"],
    "tags": ["confectionery-for-entertaining", "lollies-for-entertaining"],
    "locations": {
      "vic": {
        "price": 2.5,
        "promoText": "$1.50 ",
        "packageSize": "260g",
        "packagePrice": "$0.96 per 100G"
      }
    }
  },
  {
    "id": "the-natural-confectionary-co-party-mix-2351265p",
    "brand": "The Natural Confectionary Co.",
    "name": "Party Mix",
    "imageUrl": "https://shop.coles.com.au/wcsstore/Coles-CAS/images/2/3/5/2351265-th.jpg",
    "categories": ["entertaining-at-home"],
    "tags": ["confectionery-for-entertaining", "lollies-for-entertaining"],
    "locations": {
      "vic": {
        "price": 2.5,
        "promoText": "$1.50 ",
        "packageSize": "240g",
        "packagePrice": "$1.04 per 100G"
      }
    }
  },
  {
    "id": "skittles-funsize-fruit",
    "brand": "Skittles",
    "name": "Fruits Lollies Party Share Bag",
    "imageUrl": "https://shop.coles.com.au/wcsstore/Coles-CAS/images/2/9/1/2914018-th.jpg",
    "categories": ["entertaining-at-home"],
    "tags": ["confectionery-for-entertaining", "lollies-for-entertaining"],
    "locations": {
      "vic": {
        "price": 2.3,
        "promoText": "$2.30 ",
        "packageSize": "180g",
        "packagePrice": "$1.28 per 100G"
      }
    }
  },
  {
    "id": "skittles-fruits",
    "brand": "Skittles",
    "name": "Fruits Lollies Medium Bag",
    "imageUrl": "https://shop.coles.com.au/wcsstore/Coles-CAS/images/9/6/2/9628571-th.jpg",
    "categories": ["entertaining-at-home"],
    "tags": ["confectionery-for-entertaining", "lollies-for-entertaining"],
    "locations": {
      "vic": {
        "price": 4.3,
        "promoText": " ",
        "packageSize": "200g",
        "packagePrice": "$2.15 per 100G"
      }
    }
  },
  {
    "id": "allens-snakes-alive",
    "brand": "Allen's",
    "name": "Snakes Alive",
    "imageUrl": "https://shop.coles.com.au/wcsstore/Coles-CAS/images/9/5/3/9530138-th.jpg",
    "categories": ["entertaining-at-home"],
    "tags": ["confectionery-for-entertaining", "lollies-for-entertaining"],
    "locations": {
      "vic": {
        "price": 3,
        "promoText": "Any 2 $5",
        "packageSize": "200g",
        "packagePrice": "$1.50 per 100G"
      }
    }
  },
  {
    "id": "allens-kool-mints-1385126p",
    "brand": "Allen's",
    "name": "Kool Mints",
    "imageUrl": "https://shop.coles.com.au/wcsstore/Coles-CAS/images/1/3/8/1385126-th.jpg",
    "categories": ["entertaining-at-home"],
    "tags": ["confectionery-for-entertaining", "lollies-for-entertaining"],
    "locations": {
      "vic": {
        "price": 3,
        "promoText": "Any 2 $5",
        "packageSize": "150g",
        "packagePrice": "$2.00 per 100G"
      }
    }
  },
  {
    "id": "allens-classic-party-mix",
    "brand": "Allen's",
    "name": "Classic Party Mix",
    "imageUrl": "https://shop.coles.com.au/wcsstore/Coles-CAS/images/3/2/0/3207413-th.jpg",
    "categories": ["entertaining-at-home"],
    "tags": ["confectionery-for-entertaining", "lollies-for-entertaining"],
    "locations": {
      "vic": {
        "price": 5,
        "promoText": "Was $5.40 on May 2018 ",
        "packageSize": "520g",
        "packagePrice": "$0.96 per 100G"
      }
    }
  },
  {
    "id": "allens-minties-3207377p",
    "brand": "Allen's",
    "name": "Minties",
    "imageUrl": "https://shop.coles.com.au/wcsstore/Coles-CAS/images/3/2/0/3207377-th.jpg",
    "categories": ["entertaining-at-home"],
    "tags": ["confectionery-for-entertaining", "lollies-for-entertaining"],
    "locations": {
      "vic": {
        "price": 5,
        "promoText": "Was $5.40 on May 2018 ",
        "packageSize": "415g",
        "packagePrice": "$1.20 per 100G"
      }
    }
  },
  {
    "id": "darrell-lea-bullets-milk-choc-liquorice",
    "brand": "Darrell Lea",
    "name": "Bullet Milk Chocolate Liquorice",
    "imageUrl": "https://shop.coles.com.au/wcsstore/Coles-CAS/images/3/4/4/3448384-th.jpg",
    "categories": ["entertaining-at-home"],
    "tags": ["confectionery-for-entertaining", "lollies-for-entertaining"],
    "locations": {
      "vic": {
        "price": 3,
        "promoText": "$1.00 ",
        "packageSize": "250g",
        "packagePrice": "$1.20 per 100G"
      }
    }
  },
  {
    "id": "pascall-large-marshmallow-pink-white",
    "brand": "Pascall",
    "name": "Marshmallow Pink and WhiteLarge",
    "imageUrl": "https://shop.coles.com.au/wcsstore/Coles-CAS/images/2/3/5/2351811-th.jpg",
    "categories": ["entertaining-at-home"],
    "tags": ["confectionery-for-entertaining", "lollies-for-entertaining"],
    "locations": {
      "vic": {
        "price": 5,
        "promoText": "Was $6.00 on Dec 2017 ",
        "packageSize": "520g",
        "packagePrice": "$0.96 per 100G"
      }
    }
  },
  {
    "id": "allens-retro-party-mix",
    "brand": "Allen's",
    "name": "Retro Party Mix",
    "imageUrl": "https://shop.coles.com.au/wcsstore/Coles-CAS/images/5/9/1/5916031-th.jpg",
    "categories": ["entertaining-at-home"],
    "tags": ["confectionery-for-entertaining", "lollies-for-entertaining"],
    "locations": {
      "vic": {
        "price": 3,
        "promoText": "Any 2 $5",
        "packageSize": "190g",
        "packagePrice": "$1.58 per 100G"
      }
    }
  },
  {
    "id": "allens-frogs-alive",
    "brand": "Allen's",
    "name": "Frogs Alive",
    "imageUrl": "https://shop.coles.com.au/wcsstore/Coles-CAS/images/5/1/9/5196806-th.jpg",
    "categories": ["entertaining-at-home"],
    "tags": ["confectionery-for-entertaining", "lollies-for-entertaining"],
    "locations": {
      "vic": {
        "price": 3,
        "promoText": "Any 2 $5",
        "packageSize": "190g",
        "packagePrice": "$1.58 per 100G"
      }
    }
  },
  {
    "id": "allens-killer-pythons-2090900p",
    "brand": "Allen's",
    "name": "Killer Pythons",
    "imageUrl": "https://shop.coles.com.au/wcsstore/Coles-CAS/images/2/0/9/2090900-th.jpg",
    "categories": ["entertaining-at-home"],
    "tags": ["confectionery-for-entertaining", "lollies-for-entertaining"],
    "locations": {
      "vic": {
        "price": 3,
        "promoText": "Any 2 $5",
        "packageSize": "192g",
        "packagePrice": "$1.56 per 100G"
      }
    }
  },
  {
    "id": "allens-party-mix-3207402p",
    "brand": "Allen's",
    "name": "Party Mix",
    "imageUrl": "https://shop.coles.com.au/wcsstore/Coles-CAS/images/3/2/0/3207402-th.jpg",
    "categories": ["entertaining-at-home"],
    "tags": ["confectionery-for-entertaining", "lollies-for-entertaining"],
    "locations": {
      "vic": {
        "price": 5,
        "promoText": "Was $5.40 on May 2018 ",
        "packageSize": "520g",
        "packagePrice": "$0.96 per 100G"
      }
    }
  },
  {
    "id": "coles-bananas",
    "brand": "Coles",
    "name": "Bananas",
    "imageUrl": "https://shop.coles.com.au/wcsstore/Coles-CAS/images/2/2/2/2228214-th.jpg",
    "categories": ["entertaining-at-home"],
    "tags": ["confectionery-for-entertaining", "lollies-for-entertaining"],
    "locations": {
      "vic": {
        "price": 0.95,
        "promoText": " ",
        "packageSize": "160g",
        "packagePrice": "$0.59 per 100G"
      }
    }
  },
  {
    "id": "the-natural-confectionary-co-snakes-large",
    "brand": "The Natural Confectionary Co.",
    "name": "Snakes Large",
    "imageUrl": "https://shop.coles.com.au/wcsstore/Coles-CAS/images/2/3/5/2351312-th.jpg",
    "categories": ["entertaining-at-home"],
    "tags": ["confectionery-for-entertaining", "lollies-for-entertaining"],
    "locations": {
      "vic": {
        "price": 5,
        "promoText": "Was $6.00 on Dec 2017 ",
        "packageSize": "520g",
        "packagePrice": "$0.96 per 100G"
      }
    }
  },
  {
    "id": "the-natural-confec-co-reduced-sugar-snakes",
    "brand": "The Natural Confectionary Co.",
    "name": "25% Less Sugar Snakes",
    "imageUrl": "https://shop.coles.com.au/wcsstore/Coles-CAS/images/3/3/1/3311448-th.jpg",
    "categories": ["entertaining-at-home"],
    "tags": ["confectionery-for-entertaining", "lollies-for-entertaining"],
    "locations": {
      "vic": {
        "price": 2.5,
        "promoText": "$1.50 ",
        "packageSize": "260g",
        "packagePrice": "$0.96 per 100G"
      }
    }
  },
  {
    "id": "allens-chicos",
    "brand": "Allen's",
    "name": "Chicos",
    "imageUrl": "https://shop.coles.com.au/wcsstore/Coles-CAS/images/9/5/3/9530207-th.jpg",
    "categories": ["entertaining-at-home"],
    "tags": ["confectionery-for-entertaining", "lollies-for-entertaining"],
    "locations": {
      "vic": {
        "price": 3,
        "promoText": "Any 2 $5",
        "packageSize": "190g",
        "packagePrice": "$1.58 per 100G"
      }
    }
  },
  {
    "id": "coles-jelly-beans",
    "brand": "Coles",
    "name": "Jelly Beans",
    "imageUrl": "https://shop.coles.com.au/wcsstore/Coles-CAS/images/2/6/5/2654846-th.jpg",
    "categories": ["entertaining-at-home"],
    "tags": ["confectionery-for-entertaining", "lollies-for-entertaining"],
    "locations": {
      "vic": {
        "price": 1,
        "promoText": " ",
        "packageSize": "147g",
        "packagePrice": "$0.68 per 100G"
      }
    }
  },
  {
    "id": "pascall-jubes-2351866p",
    "brand": "Pascall",
    "name": "Jubes",
    "imageUrl": "https://shop.coles.com.au/wcsstore/Coles-CAS/images/2/3/5/2351866-th.jpg",
    "categories": ["entertaining-at-home"],
    "tags": ["confectionery-for-entertaining", "lollies-for-entertaining"],
    "locations": {
      "vic": {
        "price": 2.5,
        "promoText": "$1.50 ",
        "packageSize": "350g",
        "packagePrice": "$0.71 per 100G"
      }
    }
  },
  {
    "id": "the-natural-confectionary-co-fruit-salad-2351232p",
    "brand": "The Natural Confectionary Co.",
    "name": "Soft Jellies Fruit Salad Lollies",
    "imageUrl": "https://shop.coles.com.au/wcsstore/Coles-CAS/images/2/3/5/2351232-th.jpg",
    "categories": ["entertaining-at-home"],
    "tags": ["confectionery-for-entertaining", "lollies-for-entertaining"],
    "locations": {
      "vic": {
        "price": 2.5,
        "promoText": "$1.50 ",
        "packageSize": "240g",
        "packagePrice": "$1.04 per 100G"
      }
    }
  },
  {
    "id": "the-natural-confectionary-co-dinosaurs-2351276p",
    "brand": "The Natural Confectionary Co.",
    "name": "Dinosaurs",
    "imageUrl": "https://shop.coles.com.au/wcsstore/Coles-CAS/images/2/3/5/2351276-th.jpg",
    "categories": ["entertaining-at-home"],
    "tags": ["confectionery-for-entertaining", "lollies-for-entertaining"],
    "locations": {
      "vic": {
        "price": 2.5,
        "promoText": "$1.50 ",
        "packageSize": "260g",
        "packagePrice": "$0.96 per 100G"
      }
    }
  },
  {
    "id": "cadbury-caramels",
    "brand": "Cadbury",
    "name": "Caramels",
    "imageUrl": "https://shop.coles.com.au/wcsstore/Coles-CAS/images/2/3/5/2351899-th.jpg",
    "categories": ["entertaining-at-home"],
    "tags": ["confectionery-for-entertaining", "lollies-for-entertaining"],
    "locations": {
      "vic": {
        "price": 2.5,
        "promoText": "$1.50 ",
        "packageSize": "160g",
        "packagePrice": "$1.56 per 100G"
      }
    }
  },
  {
    "id": "coles-marshmallows",
    "brand": "Coles",
    "name": "Marshmallows",
    "imageUrl": "https://shop.coles.com.au/wcsstore/Coles-CAS/images/2/2/2/2225191-th.jpg",
    "categories": ["entertaining-at-home"],
    "tags": ["confectionery-for-entertaining", "lollies-for-entertaining"],
    "locations": {
      "vic": {
        "price": 1.95,
        "promoText": " ",
        "packageSize": "204g",
        "packagePrice": "$0.96 per 100G"
      }
    }
  },
  {
    "id": "allens-strawberries-cream",
    "brand": "Allen's",
    "name": "Strawberries & Cream",
    "imageUrl": "https://shop.coles.com.au/wcsstore/Coles-CAS/images/5/1/9/5196839-th.jpg",
    "categories": ["entertaining-at-home"],
    "tags": ["confectionery-for-entertaining", "lollies-for-entertaining"],
    "locations": {
      "vic": {
        "price": 3,
        "promoText": "Any 2 $5",
        "packageSize": "190g",
        "packagePrice": "$1.58 per 100G"
      }
    }
  },
  {
    "id": "allens-drumsticks",
    "brand": "Allen's",
    "name": "Ripe Raspberries",
    "imageUrl": "https://shop.coles.com.au/wcsstore/Coles-CAS/images/3/1/7/3179497-th.jpg",
    "categories": ["entertaining-at-home"],
    "tags": ["confectionery-for-entertaining", "lollies-for-entertaining"],
    "locations": {
      "vic": {
        "price": 3,
        "promoText": "Any 2 $5",
        "packageSize": "190g",
        "packagePrice": "$1.58 per 100G"
      }
    }
  },
  {
    "id": "chupa-chups--best-of-mini-tube-50-pack",
    "brand": "Chupa Chups",
    "name": "Mini Lollipops 50 Pack",
    "imageUrl": "https://shop.coles.com.au/wcsstore/Coles-CAS/images/2/2/1/2212961-th.jpg",
    "categories": ["entertaining-at-home"],
    "tags": ["confectionery-for-entertaining", "lollies-for-entertaining"],
    "locations": {
      "vic": {
        "price": 7,
        "promoText": " ",
        "packageSize": "300g",
        "packagePrice": "$2.33 per 100G"
      }
    }
  },
  {
    "id": "darrell-lea-liquorice-batch-37",
    "brand": "Darrell Lea",
    "name": "Batch 37 Fresh Liquorice",
    "imageUrl": "https://shop.coles.com.au/wcsstore/Coles-CAS/images/3/4/4/3449117-th.jpg",
    "categories": ["entertaining-at-home"],
    "tags": ["confectionery-for-entertaining", "lollies-for-entertaining"],
    "locations": {
      "vic": {
        "price": 3,
        "promoText": "$1.00 ",
        "packageSize": "260g",
        "packagePrice": "$1.15 per 100G"
      }
    }
  },
  {
    "id": "darrell-lea-liquorice-allsorts-3449081p",
    "brand": "Darrell Lea",
    "name": "Allsorts Liquorice",
    "imageUrl": "https://shop.coles.com.au/wcsstore/Coles-CAS/images/3/4/4/3449081-th.jpg",
    "categories": ["entertaining-at-home"],
    "tags": ["confectionery-for-entertaining", "lollies-for-entertaining"],
    "locations": {
      "vic": {
        "price": 3,
        "promoText": "$1.00 ",
        "packageSize": "270g",
        "packagePrice": "$1.11 per 100G"
      }
    }
  },
  {
    "id": "the-natural-confectionary-co-large-party-mix",
    "brand": "The Natural Confectionary Co.",
    "name": "Party Mix Large",
    "imageUrl": "https://shop.coles.com.au/wcsstore/Coles-CAS/images/2/3/5/2351323-th.jpg",
    "categories": ["entertaining-at-home"],
    "tags": ["confectionery-for-entertaining", "lollies-for-entertaining"],
    "locations": {
      "vic": {
        "price": 5,
        "promoText": "Was $6.00 on Dec 2017 ",
        "packageSize": "520g",
        "packagePrice": "$0.96 per 100G"
      }
    }
  },
  {
    "id": "allens-snakes-alive-3207424p",
    "brand": "Allen's",
    "name": "Snakes Alive",
    "imageUrl": "https://shop.coles.com.au/wcsstore/Coles-CAS/images/3/2/0/3207424-th.jpg",
    "categories": ["entertaining-at-home"],
    "tags": ["confectionery-for-entertaining", "lollies-for-entertaining"],
    "locations": {
      "vic": {
        "price": 5,
        "promoText": "Was $5.40 on May 2018 ",
        "packageSize": "520g",
        "packagePrice": "$0.96 per 100G"
      }
    }
  },
  {
    "id": "coles-strawberry-licorice-twist",
    "brand": "Coles",
    "name": "Strawberry Flavoured Liquorice Twists",
    "imageUrl": "https://shop.coles.com.au/wcsstore/Coles-CAS/images/2/2/2/2224836-th.jpg",
    "categories": ["entertaining-at-home"],
    "tags": ["confectionery-for-entertaining", "lollies-for-entertaining"],
    "locations": {
      "vic": {
        "price": 1.65,
        "promoText": " ",
        "packageSize": "250g",
        "packagePrice": "$0.66 per 100G"
      }
    }
  },
  {
    "id": "darell-lea-bullets-dark-choc-liquorice",
    "brand": "Darrell Lea",
    "name": "Bullet Dark Chocolate Liquorice",
    "imageUrl": "https://shop.coles.com.au/wcsstore/Coles-CAS/images/3/4/4/3448351-th.jpg",
    "categories": ["entertaining-at-home"],
    "tags": ["confectionery-for-entertaining", "lollies-for-entertaining"],
    "locations": {
      "vic": {
        "price": 3,
        "promoText": "$1.00 ",
        "packageSize": "250g",
        "packagePrice": "$1.20 per 100G"
      }
    }
  },
  {
    "id": "haribo-bags-goldbears",
    "brand": "Haribo",
    "name": "Goldbears",
    "imageUrl": "https://shop.coles.com.au/wcsstore/Coles-CAS/images/2/9/0/2904626-th.jpg",
    "categories": ["entertaining-at-home"],
    "tags": ["confectionery-for-entertaining", "lollies-for-entertaining"],
    "locations": {
      "vic": {
        "price": 2,
        "promoText": " ",
        "packageSize": "150g",
        "packagePrice": "$1.33 per 100G"
      }
    }
  },
  {
    "id": "coles-musk-sticks",
    "brand": "Coles",
    "name": "Musk Sticks",
    "imageUrl": "https://shop.coles.com.au/wcsstore/Coles-CAS/images/2/6/1/2618762-th.jpg",
    "categories": ["entertaining-at-home"],
    "tags": ["confectionery-for-entertaining", "lollies-for-entertaining"],
    "locations": {
      "vic": {
        "price": 1,
        "promoText": " ",
        "packageSize": "160g",
        "packagePrice": "$0.63 per 100G"
      }
    }
  },
  {
    "id": "darrell-lea-twists-liquorice",
    "brand": "Darrell Lea",
    "name": "Liquorice Twists",
    "imageUrl": "https://shop.coles.com.au/wcsstore/Coles-CAS/images/3/4/4/3449241-th.jpg",
    "categories": ["entertaining-at-home"],
    "tags": ["confectionery-for-entertaining", "lollies-for-entertaining"],
    "locations": {
      "vic": {
        "price": 3,
        "promoText": "$1.00 ",
        "packageSize": "280g",
        "packagePrice": "$1.07 per 100G"
      }
    }
  },
  {
    "id": "skittles-large-bag",
    "brand": "Skittles",
    "name": "Fruits Lollies Large Bag",
    "imageUrl": "https://shop.coles.com.au/wcsstore/Coles-CAS/images/3/4/5/3452960-th.jpg",
    "categories": ["entertaining-at-home"],
    "tags": ["confectionery-for-entertaining", "lollies-for-entertaining"],
    "locations": {
      "vic": {
        "price": 5,
        "promoText": "Was $6.70 on Apr 2019 ",
        "packageSize": "345g",
        "packagePrice": "$1.45 per 100G"
      }
    }
  },
  {
    "id": "x-treme-candy-straps-sour-strawberry",
    "brand": "X-Treme",
    "name": "Candy Sour Straps Strawberry",
    "imageUrl": "https://shop.coles.com.au/wcsstore/Coles-CAS/images/6/0/5/6051784-th.jpg",
    "categories": ["entertaining-at-home"],
    "tags": ["confectionery-for-entertaining", "lollies-for-entertaining"],
    "locations": {
      "vic": {
        "price": 2,
        "promoText": " ",
        "packageSize": "160g",
        "packagePrice": "$1.25 per 100G"
      }
    }
  },
  {
    "id": "allens-chewmix",
    "brand": "Allen's",
    "name": "Chew Mix",
    "imageUrl": "https://shop.coles.com.au/wcsstore/Coles-CAS/images/3/2/0/3207388-th.jpg",
    "categories": ["entertaining-at-home"],
    "tags": ["confectionery-for-entertaining", "lollies-for-entertaining"],
    "locations": {
      "vic": {
        "price": 5,
        "promoText": "Was $5.40 on May 2018 ",
        "packageSize": "415g",
        "packagePrice": "$1.20 per 100G"
      }
    }
  },
  {
    "id": "darrell-lea-bullets-milk-choc-raspberry",
    "brand": "Darrell Lea",
    "name": "Milk Choc Raspberry Bullets",
    "imageUrl": "https://shop.coles.com.au/wcsstore/Coles-CAS/images/3/4/4/3448362-th.jpg",
    "categories": ["entertaining-at-home"],
    "tags": ["confectionery-for-entertaining", "lollies-for-entertaining"],
    "locations": {
      "vic": {
        "price": 3,
        "promoText": "$1.00 ",
        "packageSize": "250g",
        "packagePrice": "$1.20 per 100G"
      }
    }
  },
  {
    "id": "pascall-eclairs-chocolate",
    "brand": "Pascall",
    "name": "Eclairs Chocolate",
    "imageUrl": "https://shop.coles.com.au/wcsstore/Coles-CAS/images/2/3/5/2351822-th.jpg",
    "categories": ["entertaining-at-home"],
    "tags": ["confectionery-for-entertaining", "lollies-for-entertaining"],
    "locations": {
      "vic": {
        "price": 5,
        "promoText": "Was $6.00 on Dec 2017 ",
        "packageSize": "240g",
        "packagePrice": "$1.67 per 100G"
      }
    }
  },
  {
    "id": "starburst-chews-fruit",
    "brand": "Starburst",
    "name": "Original Fruit Chews Lollies Large Bag",
    "imageUrl": "https://shop.coles.com.au/wcsstore/Coles-CAS/images/3/4/5/3450637-th.jpg",
    "categories": ["entertaining-at-home"],
    "tags": ["confectionery-for-entertaining", "lollies-for-entertaining"],
    "locations": {
      "vic": {
        "price": 4.3,
        "promoText": " ",
        "packageSize": "235g",
        "packagePrice": "$1.83 per 100G"
      }
    }
  },
  {
    "id": "the-natural-confectionary-co-sour-squirms",
    "brand": "The Natural Confectionary Co.",
    "name": "Sour Squirms",
    "imageUrl": "https://shop.coles.com.au/wcsstore/Coles-CAS/images/2/3/5/2351254-th.jpg",
    "categories": ["entertaining-at-home"],
    "tags": ["confectionery-for-entertaining", "lollies-for-entertaining"],
    "locations": {
      "vic": {
        "price": 2.5,
        "promoText": "$1.50 ",
        "packageSize": "240g",
        "packagePrice": "$1.04 per 100G"
      }
    }
  },
  {
    "id": "the-natural-confec-co-reduced-sugar-fruitbasket",
    "brand": "The Natural Confectionary Co.",
    "name": "25% Less Sugar Fruit Basket",
    "imageUrl": "https://shop.coles.com.au/wcsstore/Coles-CAS/images/3/3/1/3311426-th.jpg",
    "categories": ["entertaining-at-home"],
    "tags": ["confectionery-for-entertaining", "lollies-for-entertaining"],
    "locations": {
      "vic": {
        "price": 2.5,
        "promoText": "$1.50 ",
        "packageSize": "220g",
        "packagePrice": "$1.14 per 100G"
      }
    }
  },
  {
    "id": "the-natural-confec-co-fruit-smoothies-orchard",
    "brand": "The Natural Confectionery Co.",
    "name": "Orchard Blast Fruit Smoothie Flavoured Jellies",
    "imageUrl": "https://shop.coles.com.au/wcsstore/Coles-CAS/images/3/6/1/3615012-th.jpg",
    "categories": ["entertaining-at-home"],
    "tags": ["confectionery-for-entertaining", "lollies-for-entertaining"],
    "locations": {
      "vic": {
        "price": 2.5,
        "promoText": "$1.50 ",
        "packageSize": "200g",
        "packagePrice": "$1.25 per 100G"
      }
    }
  },
  {
    "id": "the-natural-confec-co-fruity-chews",
    "brand": "The Natural Confectionery Co.",
    "name": "Fruity Chews",
    "imageUrl": "https://shop.coles.com.au/wcsstore/Coles-CAS/images/2/2/1/2213090-th.jpg",
    "categories": ["entertaining-at-home"],
    "tags": ["confectionery-for-entertaining", "lollies-for-entertaining"],
    "locations": {
      "vic": {
        "price": 5,
        "promoText": "Was $6.00 on Aug 2019 ",
        "packageSize": "420g",
        "packagePrice": "$1.19 per 100G"
      }
    }
  },
  {
    "id": "trolli-britecrawlers",
    "brand": "Trolli",
    "name": "Britecrawlers",
    "imageUrl": "https://shop.coles.com.au/wcsstore/Coles-CAS/images/2/9/0/2909608-th.jpg",
    "categories": ["entertaining-at-home"],
    "tags": ["confectionery-for-entertaining", "lollies-for-entertaining"],
    "locations": {
      "vic": {
        "price": 1.7,
        "promoText": "$0.60 ",
        "packageSize": "150g",
        "packagePrice": "$1.13 per 100G"
      }
    }
  },
  {
    "id": "werthers-original-candies-butter-cream-9717773p",
    "brand": "Werther's Original",
    "name": "Cream Candies",
    "imageUrl": "https://shop.coles.com.au/wcsstore/Coles-CAS/images/9/7/1/9717773-th.jpg",
    "categories": ["entertaining-at-home"],
    "tags": ["confectionery-for-entertaining", "lollies-for-entertaining"],
    "locations": {
      "vic": {
        "price": 3.5,
        "promoText": " ",
        "packageSize": "140g",
        "packagePrice": "$2.50 per 100G"
      }
    }
  },
  {
    "id": "allens-jelly-beans",
    "brand": "Allen's",
    "name": "Jelly Beans",
    "imageUrl": "https://shop.coles.com.au/wcsstore/Coles-CAS/images/5/1/9/5196840-th.jpg",
    "categories": ["entertaining-at-home"],
    "tags": ["confectionery-for-entertaining", "lollies-for-entertaining"],
    "locations": {
      "vic": {
        "price": 3,
        "promoText": "Any 2 $5",
        "packageSize": "190g",
        "packagePrice": "$1.58 per 100G"
      }
    }
  },
  {
    "id": "allens-pineapples",
    "brand": "Allen's",
    "name": "Pineapples",
    "imageUrl": "https://shop.coles.com.au/wcsstore/Coles-CAS/images/2/2/1/2211186-th.jpg",
    "categories": ["entertaining-at-home"],
    "tags": ["confectionery-for-entertaining", "lollies-for-entertaining"],
    "locations": {
      "vic": {
        "price": 3,
        "promoText": "Any 2 $5",
        "packageSize": "170g",
        "packagePrice": "$1.76 per 100G"
      }
    }
  },
  {
    "id": "coles-chocolate-coated-bullets",
    "brand": "Coles",
    "name": "Liquorice Bullets Milk Chocolate",
    "imageUrl": "https://shop.coles.com.au/wcsstore/Coles-CAS/images/2/2/2/2224971-th.jpg",
    "categories": ["entertaining-at-home"],
    "tags": ["confectionery-for-entertaining", "lollies-for-entertaining"],
    "locations": {
      "vic": {
        "price": 1.7,
        "promoText": "Was $2.00 on Sep 2018 ",
        "packageSize": "190g",
        "packagePrice": "$0.89 per 100G"
      }
    }
  },
  {
    "id": "coles-liquorice-allsorts",
    "brand": "Coles",
    "name": "Liquorice Allsorts",
    "imageUrl": "https://shop.coles.com.au/wcsstore/Coles-CAS/images/2/2/2/2225307-th.jpg",
    "categories": ["entertaining-at-home"],
    "tags": ["confectionery-for-entertaining", "lollies-for-entertaining"],
    "locations": {
      "vic": {
        "price": 2,
        "promoText": " ",
        "packageSize": "300g",
        "packagePrice": "$0.67 per 100G"
      }
    }
  },
  {
    "id": "coles-sour-rainbows",
    "brand": "Coles",
    "name": "Sour Rainbows",
    "imageUrl": "https://shop.coles.com.au/wcsstore/Coles-CAS/images/2/6/1/2618070-th.jpg",
    "categories": ["entertaining-at-home"],
    "tags": ["confectionery-for-entertaining", "lollies-for-entertaining"],
    "locations": {
      "vic": {
        "price": 1,
        "promoText": " ",
        "packageSize": "85g",
        "packagePrice": "$1.18 per 100G"
      }
    }
  },
  {
    "id": "darrell-lea-choc-twists-milk-choc-raspberry",
    "brand": "Darrell Lea",
    "name": "Raspberry Milk Chocolate Twists",
    "imageUrl": "https://shop.coles.com.au/wcsstore/Coles-CAS/images/3/4/4/3449263-th.jpg",
    "categories": ["entertaining-at-home"],
    "tags": ["confectionery-for-entertaining", "lollies-for-entertaining"],
    "locations": {
      "vic": {
        "price": 3,
        "promoText": "$1.00 ",
        "packageSize": "200g",
        "packagePrice": "$1.50 per 100G"
      }
    }
  },
  {
    "id": "skittles-candy-fruits-box",
    "brand": "Skittles",
    "name": "Fruits Lollies Box",
    "imageUrl": "https://shop.coles.com.au/wcsstore/Coles-CAS/images/1/8/5/1855354-th.jpg",
    "categories": ["entertaining-at-home"],
    "tags": ["confectionery-for-entertaining", "lollies-for-entertaining"],
    "locations": {
      "vic": {
        "price": 1.55,
        "promoText": " ",
        "packageSize": "45g",
        "packagePrice": "$3.44 per 100G"
      }
    }
  },
  {
    "id": "sour-patch-watermelon",
    "brand": "The Natural Confectionary Co.",
    "name": "Sour Patch Watermelon",
    "imageUrl": "https://shop.coles.com.au/wcsstore/Coles-CAS/images/2/2/1/2213104-th.jpg",
    "categories": ["entertaining-at-home"],
    "tags": ["confectionery-for-entertaining", "lollies-for-entertaining"],
    "locations": {
      "vic": {
        "price": 2.5,
        "promoText": "$1.50 ",
        "packageSize": "220g",
        "packagePrice": "$1.14 per 100G"
      }
    }
  },
  {
    "id": "allens-redskin",
    "brand": "Allen's",
    "name": "Red Skins",
    "imageUrl": "https://shop.coles.com.au/wcsstore/Coles-CAS/images/3/2/0/3207366-th.jpg",
    "categories": ["entertaining-at-home"],
    "tags": ["confectionery-for-entertaining", "lollies-for-entertaining"],
    "locations": {
      "vic": {
        "price": 5,
        "promoText": "Was $5.40 on May 2018 ",
        "packageSize": "370g",
        "packagePrice": "$1.35 per 100G"
      }
    }
  },
  {
    "id": "allens-sherbies-sour-fizz-chews",
    "brand": "Allen's",
    "name": "Sherbies Sour Fizz Chews",
    "imageUrl": "https://shop.coles.com.au/wcsstore/Coles-CAS/images/3/4/4/3448250-th.jpg",
    "categories": ["entertaining-at-home"],
    "tags": ["confectionery-for-entertaining", "lollies-for-entertaining"],
    "locations": {
      "vic": {
        "price": 3,
        "promoText": "Any 2 $5",
        "packageSize": "150g",
        "packagePrice": "$2.00 per 100G"
      }
    }
  },
  {
    "id": "allens-25-less-sugar-candy-grubs",
    "brand": "Allen's",
    "name": "25% Less Sugar Candy Grubs",
    "imageUrl": "https://shop.coles.com.au/wcsstore/Coles-CAS/images/3/6/1/3612910-th.jpg",
    "categories": ["entertaining-at-home"],
    "tags": ["confectionery-for-entertaining", "lollies-for-entertaining"],
    "locations": {
      "vic": {
        "price": 3,
        "promoText": "Any 2 $5",
        "packageSize": "170g",
        "packagePrice": "$1.76 per 100G"
      }
    }
  },
  {
    "id": "beacon-fizzer-faves",
    "brand": "Beacon",
    "name": "Candy Fizzer Faves",
    "imageUrl": "https://shop.coles.com.au/wcsstore/Coles-CAS/images/7/5/7/7578406-th.jpg",
    "categories": ["entertaining-at-home"],
    "tags": ["confectionery-for-entertaining", "lollies-for-entertaining"],
    "locations": {
      "vic": {
        "price": 2.5,
        "promoText": " ",
        "packageSize": "92g",
        "packagePrice": "$2.72 per 100G"
      }
    }
  },
  {
    "id": "coles-brand-sherbert-lemon",
    "brand": "Coles",
    "name": "Lemon Sherbets",
    "imageUrl": "https://shop.coles.com.au/wcsstore/Coles-CAS/images/9/6/8/9680039-th.jpg",
    "categories": ["entertaining-at-home"],
    "tags": ["confectionery-for-entertaining", "lollies-for-entertaining"],
    "locations": {
      "vic": {
        "price": 2,
        "promoText": " ",
        "packageSize": "200g",
        "packagePrice": "$1.00 per 100G"
      }
    }
  },
  {
    "id": "coles-party-mix-2654879p",
    "brand": "Coles",
    "name": "Party Mix",
    "imageUrl": "https://shop.coles.com.au/wcsstore/Coles-CAS/images/2/6/5/2654879-th.jpg",
    "categories": ["entertaining-at-home"],
    "tags": ["confectionery-for-entertaining", "lollies-for-entertaining"],
    "locations": {
      "vic": {
        "price": 3.45,
        "promoText": " ",
        "packageSize": "750g",
        "packagePrice": "$0.46 per 100G"
      }
    }
  },
  {
    "id": "coles-butterscotch",
    "brand": "Coles",
    "name": "Butterscotch",
    "imageUrl": "https://shop.coles.com.au/wcsstore/Coles-CAS/images/2/6/5/2654857-th.jpg",
    "categories": ["entertaining-at-home"],
    "tags": ["confectionery-for-entertaining", "lollies-for-entertaining"],
    "locations": {
      "vic": {
        "price": 1,
        "promoText": " ",
        "packageSize": "112g",
        "packagePrice": "$0.89 per 100G"
      }
    }
  },
  {
    "id": "darrell-lea-choc-twists-dark-choc-liquorice",
    "brand": "Darrell Lea",
    "name": "Chocolate Twists Dark Chocolate Liquorice",
    "imageUrl": "https://shop.coles.com.au/wcsstore/Coles-CAS/images/3/4/4/3449274-th.jpg",
    "categories": ["entertaining-at-home"],
    "tags": ["confectionery-for-entertaining", "lollies-for-entertaining"],
    "locations": {
      "vic": {
        "price": 3,
        "promoText": "$1.00 ",
        "packageSize": "200g",
        "packagePrice": "$1.50 per 100G"
      }
    }
  },
  {
    "id": "pascall-milk-bottles",
    "brand": "Pascall",
    "name": "Milk Bottles",
    "imageUrl": "https://shop.coles.com.au/wcsstore/Coles-CAS/images/3/6/1/3611532-th.jpg",
    "categories": ["entertaining-at-home"],
    "tags": ["confectionery-for-entertaining", "lollies-for-entertaining"],
    "locations": {
      "vic": {
        "price": 2.5,
        "promoText": "$1.50 ",
        "packageSize": "210g",
        "packagePrice": "$1.19 per 100G"
      }
    }
  },
  {
    "id": "sour-patch-kidz",
    "brand": "The Natural Confectionary Co.",
    "name": "Sour Patch Kids",
    "imageUrl": "https://shop.coles.com.au/wcsstore/Coles-CAS/images/2/3/5/2352916-th.jpg",
    "categories": ["entertaining-at-home"],
    "tags": ["confectionery-for-entertaining", "lollies-for-entertaining"],
    "locations": {
      "vic": {
        "price": 2.5,
        "promoText": "$1.50 ",
        "packageSize": "220g",
        "packagePrice": "$1.14 per 100G"
      }
    }
  },
  {
    "id": "the-natural-confectionary-co-berry-bliss",
    "brand": "The Natural Confectionary Co.",
    "name": "Berry Bliss Lollies",
    "imageUrl": "https://shop.coles.com.au/wcsstore/Coles-CAS/images/2/3/5/2351196-th.jpg",
    "categories": ["entertaining-at-home"],
    "tags": ["confectionery-for-entertaining", "lollies-for-entertaining"],
    "locations": {
      "vic": {
        "price": 2.5,
        "promoText": "$1.50 ",
        "packageSize": "200g",
        "packagePrice": "$1.25 per 100G"
      }
    }
  },
  {
    "id": "the-natural-confec-co-rainbow-snakes",
    "brand": "The Natural Confectionary Co.",
    "name": "Rainbow Snakes",
    "imageUrl": "https://shop.coles.com.au/wcsstore/Coles-CAS/images/3/1/5/3158522-th.jpg",
    "categories": ["entertaining-at-home"],
    "tags": ["confectionery-for-entertaining", "lollies-for-entertaining"],
    "locations": {
      "vic": {
        "price": 2.5,
        "promoText": "$1.50 ",
        "packageSize": "220g",
        "packagePrice": "$1.14 per 100G"
      }
    }
  },
  {
    "id": "werthers-caramel-chews",
    "brand": "Werther's Original",
    "name": "Chewy Toffees",
    "imageUrl": "https://shop.coles.com.au/wcsstore/Coles-CAS/images/9/5/2/9524408-th.jpg",
    "categories": ["entertaining-at-home"],
    "tags": ["confectionery-for-entertaining", "lollies-for-entertaining"],
    "locations": {
      "vic": {
        "price": 3.5,
        "promoText": " ",
        "packageSize": "135g",
        "packagePrice": "$2.59 per 100G"
      }
    }
  },
  {
    "id": "coles-brand-mints-extra-strong",
    "brand": "Coles",
    "name": "Extra Strong Mints",
    "imageUrl": "https://shop.coles.com.au/wcsstore/Coles-CAS/images/5/6/8/5686907-th.jpg",
    "categories": ["entertaining-at-home"],
    "tags": ["confectionery-for-entertaining", "lollies-for-entertaining"],
    "locations": {
      "vic": {
        "price": 1.75,
        "promoText": " ",
        "packageSize": "200g",
        "packagePrice": "$0.88 per 100G"
      }
    }
  },
  {
    "id": "coles-brand-peppermints",
    "brand": "Coles",
    "name": "Peppermints",
    "imageUrl": "https://shop.coles.com.au/wcsstore/Coles-CAS/images/1/1/4/114349-th.jpg",
    "categories": ["entertaining-at-home"],
    "tags": ["confectionery-for-entertaining", "lollies-for-entertaining"],
    "locations": {
      "vic": {
        "price": 1.75,
        "promoText": " ",
        "packageSize": "200g",
        "packagePrice": "$0.88 per 100G"
      }
    }
  },
  {
    "id": "coles-jelly-party-mix",
    "brand": "Coles",
    "name": "Jelly Party Mix",
    "imageUrl": "https://shop.coles.com.au/wcsstore/Coles-CAS/images/2/2/2/2228236-th.jpg",
    "categories": ["entertaining-at-home"],
    "tags": ["confectionery-for-entertaining", "lollies-for-entertaining"],
    "locations": {
      "vic": {
        "price": 1,
        "promoText": " ",
        "packageSize": "147g",
        "packagePrice": "$0.68 per 100G"
      }
    }
  },
  {
    "id": "coles-chocolate-coated-licorice",
    "brand": "Coles",
    "name": "Dark Chocolate Coated Liquorice",
    "imageUrl": "https://shop.coles.com.au/wcsstore/Coles-CAS/images/2/2/2/2224847-th.jpg",
    "categories": ["entertaining-at-home"],
    "tags": ["confectionery-for-entertaining", "lollies-for-entertaining"],
    "locations": {
      "vic": {
        "price": 2,
        "promoText": " ",
        "packageSize": "250g",
        "packagePrice": "$0.80 per 100G"
      }
    }
  },
  {
    "id": "coles-soft-black-licorice",
    "brand": "Coles",
    "name": "Traditional Soft Liquorice",
    "imageUrl": "https://shop.coles.com.au/wcsstore/Coles-CAS/images/2/2/2/2224790-th.jpg",
    "categories": ["entertaining-at-home"],
    "tags": ["confectionery-for-entertaining", "lollies-for-entertaining"],
    "locations": {
      "vic": {
        "price": 2,
        "promoText": " ",
        "packageSize": "250g",
        "packagePrice": "$0.80 per 100G"
      }
    }
  },
  {
    "id": "coles-snakes",
    "brand": "Coles",
    "name": "Snakes",
    "imageUrl": "https://shop.coles.com.au/wcsstore/Coles-CAS/images/2/6/5/2654880-th.jpg",
    "categories": ["entertaining-at-home"],
    "tags": ["confectionery-for-entertaining", "lollies-for-entertaining"],
    "locations": {
      "vic": {
        "price": 3.45,
        "promoText": " ",
        "packageSize": "750g",
        "packagePrice": "$0.46 per 100G"
      }
    }
  },
  {
    "id": "coles-spearmint-leaves",
    "brand": "Coles",
    "name": "Spearmint Leaves",
    "imageUrl": "https://shop.coles.com.au/wcsstore/Coles-CAS/images/3/4/5/3450987-th.jpg",
    "categories": ["entertaining-at-home"],
    "tags": ["confectionery-for-entertaining", "lollies-for-entertaining"],
    "locations": {
      "vic": {
        "price": 2,
        "promoText": " ",
        "packageSize": "250g",
        "packagePrice": "$0.80 per 100G"
      }
    }
  },
  {
    "id": "fyna-wizz-fizz-sherbet-original",
    "brand": "Fyna",
    "name": "Sherbert Wizz Fizz Original 8 Pack",
    "imageUrl": "https://shop.coles.com.au/wcsstore/Coles-CAS/images/5/9/1/5911887-th.jpg",
    "categories": ["entertaining-at-home"],
    "tags": ["confectionery-for-entertaining", "lollies-for-entertaining"],
    "locations": {
      "vic": {
        "price": 2,
        "promoText": " ",
        "packageSize": "8 pack",
        "packagePrice": "$2.00 per 100G"
      }
    }
  },
  {
    "id": "pascall-party-pack-3611485p",
    "brand": "Pascall",
    "name": "Party Pack",
    "imageUrl": "https://shop.coles.com.au/wcsstore/Coles-CAS/images/3/6/1/3611485-th.jpg",
    "categories": ["entertaining-at-home"],
    "tags": ["confectionery-for-entertaining", "lollies-for-entertaining"],
    "locations": {
      "vic": {
        "price": 2.5,
        "promoText": "$1.50 ",
        "packageSize": "240g",
        "packagePrice": "$1.04 per 100G"
      }
    }
  },
  {
    "id": "the-natural-confectionary-co-smoothie-chews",
    "brand": "The Natural Confectionary Co.",
    "name": "Smoothie Chews",
    "imageUrl": "https://shop.coles.com.au/wcsstore/Coles-CAS/images/2/3/5/2351210-th.jpg",
    "categories": ["entertaining-at-home"],
    "tags": ["confectionery-for-entertaining", "lollies-for-entertaining"],
    "locations": {
      "vic": {
        "price": 2.5,
        "promoText": "$1.50 ",
        "packageSize": "220g",
        "packagePrice": "$1.14 per 100G"
      }
    }
  },
  {
    "id": "the-natural-confec-co-fruit-smoothies-tropical",
    "brand": "The Natural Confectionery Co.",
    "name": "Tropical Crush Fruit Smoothie Flavoured Jellies",
    "imageUrl": "https://shop.coles.com.au/wcsstore/Coles-CAS/images/3/6/1/3615001-th.jpg",
    "categories": ["entertaining-at-home"],
    "tags": ["confectionery-for-entertaining", "lollies-for-entertaining"],
    "locations": {
      "vic": {
        "price": 2.5,
        "promoText": "$1.50 ",
        "packageSize": "200g",
        "packagePrice": "$1.25 per 100G"
      }
    }
  },
  {
    "id": "nestle-kit-kat-fun-pack",
    "brand": "Nestle",
    "name": "KitKat Milk Chocolate 11 Pieces",
    "imageUrl": "https://shop.coles.com.au/wcsstore/Coles-CAS/images/5/1/6/5169687-th.jpg",
    "categories": ["entertaining-at-home"],
    "tags": ["confectionery-for-entertaining", "chocolates-for-entertaining"],
    "locations": {
      "vic": {
        "price": 4.6,
        "promoText": " ",
        "packageSize": "185g",
        "packagePrice": "$2.49 per 100G"
      }
    }
  },
  {
    "id": "nestle-milkybar-fun-pack",
    "brand": "Nestle",
    "name": "Milkybar White Chocolate 11 Piece Fun Pack",
    "imageUrl": "https://shop.coles.com.au/wcsstore/Coles-CAS/images/6/9/9/6991746-th.jpg",
    "categories": ["entertaining-at-home"],
    "tags": ["confectionery-for-entertaining", "chocolates-for-entertaining"],
    "locations": {
      "vic": {
        "price": 4.6,
        "promoText": " ",
        "packageSize": "158g",
        "packagePrice": "$2.91 per 100G"
      }
    }
  },
  {
    "id": "cadbury-milk-chocolate-block-dairy-milk",
    "brand": "Cadbury",
    "name": "Dairy Milk Chocolate Large Block",
    "imageUrl": "https://shop.coles.com.au/wcsstore/Coles-CAS/images/7/7/7/7778609-th.jpg",
    "categories": ["entertaining-at-home"],
    "tags": ["confectionery-for-entertaining", "chocolates-for-entertaining"],
    "locations": {
      "vic": {
        "price": 5,
        "promoText": "Was $6.30 on Jun 2017 ",
        "packageSize": "350g",
        "packagePrice": "$1.43 per 100G"
      }
    }
  },
  {
    "id": "mars-large-bag-m-ms-regular",
    "brand": "M&M's",
    "name": "Milk Chocolate Bag Large",
    "imageUrl": "https://shop.coles.com.au/wcsstore/Coles-CAS/images/6/1/0/6104122-th.jpg",
    "categories": ["entertaining-at-home"],
    "tags": ["confectionery-for-entertaining", "chocolates-for-entertaining"],
    "locations": {
      "vic": {
        "price": 5,
        "promoText": " ",
        "packageSize": "345g",
        "packagePrice": "$1.45 per 100G"
      }
    }
  },
  {
    "id": "cadbury-family-block-chocolate-hazelnut",
    "brand": "Cadbury",
    "name": "Dairy Milk Hazelnut Chocolate Family Block",
    "imageUrl": "https://shop.coles.com.au/wcsstore/Coles-CAS/images/2/3/5/2351720-th.jpg",
    "categories": ["entertaining-at-home"],
    "tags": ["confectionery-for-entertaining", "chocolates-for-entertaining"],
    "locations": {
      "vic": {
        "price": 5,
        "promoText": "Any 2 $7",
        "packageSize": "180g",
        "packagePrice": "$2.78 per 100G"
      }
    }
  },
  {
    "id": "nestle-family-size-smarties",
    "brand": "Nestle",
    "name": "Smarties Chocolate Bag Family Size",
    "imageUrl": "https://shop.coles.com.au/wcsstore/Coles-CAS/images/9/4/0/9405840-th.jpg",
    "categories": ["entertaining-at-home"],
    "tags": ["confectionery-for-entertaining", "chocolates-for-entertaining"],
    "locations": {
      "vic": {
        "price": 5,
        "promoText": " ",
        "packageSize": "340g",
        "packagePrice": "$1.47 per 100G"
      }
    }
  },
  {
    "id": "mars-m-ms-peanut-5258947p",
    "brand": "M&M's",
    "name": "Chocolate Peanut Bag Medium",
    "imageUrl": "https://shop.coles.com.au/wcsstore/Coles-CAS/images/5/2/5/5258947-th.jpg",
    "categories": ["entertaining-at-home"],
    "tags": ["confectionery-for-entertaining", "chocolates-for-entertaining"],
    "locations": {
      "vic": {
        "price": 4.25,
        "promoText": " ",
        "packageSize": "180g",
        "packagePrice": "$2.36 per 100G"
      }
    }
  },
  {
    "id": "nestle-smarties-fun-pack",
    "brand": "Nestle",
    "name": "Smarties Chocolate 11 Piece Fun Pack",
    "imageUrl": "https://shop.coles.com.au/wcsstore/Coles-CAS/images/5/3/5/5350418-th.jpg",
    "categories": ["entertaining-at-home"],
    "tags": ["confectionery-for-entertaining", "chocolates-for-entertaining"],
    "locations": {
      "vic": {
        "price": 4.6,
        "promoText": " ",
        "packageSize": "140g",
        "packagePrice": "$3.29 per 100G"
      }
    }
  },
  {
    "id": "cadbury-roses-boxed-chocolates",
    "brand": "Cadbury",
    "name": "Roses Chocolate Gift Box",
    "imageUrl": "https://shop.coles.com.au/wcsstore/Coles-CAS/images/9/1/8/9185801-th.jpg",
    "categories": ["entertaining-at-home"],
    "tags": ["confectionery-for-entertaining", "chocolates-for-entertaining"],
    "locations": {
      "vic": {
        "price": 15.5,
        "promoText": " ",
        "packageSize": "450g",
        "packagePrice": "$3.44 per 100G"
      }
    }
  },
  {
    "id": "cadbury-sharepack-crunchie-12-treats",
    "brand": "Cadbury",
    "name": "Crunchie Chocolate Bar Multipack 12 Treats",
    "imageUrl": "https://shop.coles.com.au/wcsstore/Coles-CAS/images/2/3/5/2352971-th.jpg",
    "categories": ["entertaining-at-home"],
    "tags": ["confectionery-for-entertaining", "chocolates-for-entertaining"],
    "locations": {
      "vic": {
        "price": 5,
        "promoText": "Any 2 $7",
        "packageSize": "180g",
        "packagePrice": "$2.78 per 100G"
      }
    }
  },
  {
    "id": "nestle-chocolate-block-kit-kat-milk",
    "brand": "Nestle",
    "name": "KitKat Milk Chocolate Block",
    "imageUrl": "https://shop.coles.com.au/wcsstore/Coles-CAS/images/5/8/7/5872479-th.jpg",
    "categories": ["entertaining-at-home"],
    "tags": ["confectionery-for-entertaining", "chocolates-for-entertaining"],
    "locations": {
      "vic": {
        "price": 3,
        "promoText": "$1.50 ",
        "packageSize": "170g",
        "packagePrice": "$1.76 per 100G"
      }
    }
  },
  {
    "id": "allens-family-size-jaffas",
    "brand": "Allen's",
    "name": "Jaffas Family Size Bag",
    "imageUrl": "https://shop.coles.com.au/wcsstore/Coles-CAS/images/3/0/3/3035588-th.jpg",
    "categories": ["entertaining-at-home"],
    "tags": ["confectionery-for-entertaining", "chocolates-for-entertaining"],
    "locations": {
      "vic": {
        "price": 5,
        "promoText": " ",
        "packageSize": "340g",
        "packagePrice": "$1.47 per 100G"
      }
    }
  },
  {
    "id": "nestle-milkybar-block-chocolate",
    "brand": "Nestle",
    "name": "Milkybar White Chocolate Block",
    "imageUrl": "https://shop.coles.com.au/wcsstore/Coles-CAS/images/7/7/6/7767770-th.jpg",
    "categories": ["entertaining-at-home"],
    "tags": ["confectionery-for-entertaining", "chocolates-for-entertaining"],
    "locations": {
      "vic": {
        "price": 3,
        "promoText": "$1.50 ",
        "packageSize": "180g",
        "packagePrice": "$1.67 per 100G"
      }
    }
  },
  {
    "id": "allens-family-size-freckles",
    "brand": "Allen's",
    "name": "Freckles Family Size Bag",
    "imageUrl": "https://shop.coles.com.au/wcsstore/Coles-CAS/images/1/8/9/1895381-th.jpg",
    "categories": ["entertaining-at-home"],
    "tags": ["confectionery-for-entertaining", "chocolates-for-entertaining"],
    "locations": {
      "vic": {
        "price": 5,
        "promoText": " ",
        "packageSize": "340g",
        "packagePrice": "$1.47 per 100G"
      }
    }
  },
  {
    "id": "allens-family-size-fantales",
    "brand": "Allen's",
    "name": "Fantales Family Size",
    "imageUrl": "https://shop.coles.com.au/wcsstore/Coles-CAS/images/9/4/0/9405635-th.jpg",
    "categories": ["entertaining-at-home"],
    "tags": ["confectionery-for-entertaining", "chocolates-for-entertaining"],
    "locations": {
      "vic": {
        "price": 5,
        "promoText": " ",
        "packageSize": "340g",
        "packagePrice": "$1.47 per 100G"
      }
    }
  },
  {
    "id": "mars-bar-fun-size-share-pack",
    "brand": "Mars",
    "name": "Chocolate Medium Party Share Bag 12 Pieces",
    "imageUrl": "https://shop.coles.com.au/wcsstore/Coles-CAS/images/5/2/2/5225960-th.jpg",
    "categories": ["entertaining-at-home"],
    "tags": ["confectionery-for-entertaining", "chocolates-for-entertaining"],
    "locations": {
      "vic": {
        "price": 2.3,
        "promoText": "$2.30 ",
        "packageSize": "216g",
        "packagePrice": "$1.06 per 100G"
      }
    }
  },
  {
    "id": "mars-funsize-variety",
    "brand": "Mars",
    "name": "Mixed Variety Chocolate Large Party Share Bag 20 Pieces",
    "imageUrl": "https://shop.coles.com.au/wcsstore/Coles-CAS/images/1/2/5/1257148-th.jpg",
    "categories": ["entertaining-at-home"],
    "tags": ["confectionery-for-entertaining", "chocolates-for-entertaining"],
    "locations": {
      "vic": {
        "price": 6,
        "promoText": " ",
        "packageSize": "307g",
        "packagePrice": "$1.95 per 100G"
      }
    }
  },
  {
    "id": "cadbury-caramello-koala-sharepack-12-treats",
    "brand": "Cadbury",
    "name": "Caramello Koala Chocolate Multipack 12 Treats",
    "imageUrl": "https://shop.coles.com.au/wcsstore/Coles-CAS/images/2/3/5/2353056-th.jpg",
    "categories": ["entertaining-at-home"],
    "tags": ["confectionery-for-entertaining", "chocolates-for-entertaining"],
    "locations": {
      "vic": {
        "price": 5,
        "promoText": "Any 2 $7",
        "packageSize": "180g",
        "packagePrice": "$2.78 per 100G"
      }
    }
  },
  {
    "id": "mars-snickers-fun-size-share-pack",
    "brand": "Snickers",
    "name": "Chocolate Medium Party Share Bag 12 piece",
    "imageUrl": "https://shop.coles.com.au/wcsstore/Coles-CAS/images/5/2/2/5225959-th.jpg",
    "categories": ["entertaining-at-home"],
    "tags": ["confectionery-for-entertaining", "chocolates-for-entertaining"],
    "locations": {
      "vic": {
        "price": 2.3,
        "promoText": "$2.30 ",
        "packageSize": "216g",
        "packagePrice": "$1.06 per 100G"
      }
    }
  },
  {
    "id": "cadbury-family-block-chocolate-dairy-milk",
    "brand": "Cadbury",
    "name": "Dairy Milk Chocolate Block",
    "imageUrl": "https://shop.coles.com.au/wcsstore/Coles-CAS/images/2/3/5/2351709-th.jpg",
    "categories": ["entertaining-at-home"],
    "tags": ["confectionery-for-entertaining", "chocolates-for-entertaining"],
    "locations": {
      "vic": {
        "price": 5,
        "promoText": "Any 2 $7",
        "packageSize": "180g",
        "packagePrice": "$2.78 per 100G"
      }
    }
  },
  {
    "id": "cadbury-family-block-chocolate-top-deck",
    "brand": "Cadbury",
    "name": "Dairy Milk Top Deck Chocolate Block",
    "imageUrl": "https://shop.coles.com.au/wcsstore/Coles-CAS/images/2/3/5/2351607-th.jpg",
    "categories": ["entertaining-at-home"],
    "tags": ["confectionery-for-entertaining", "chocolates-for-entertaining"],
    "locations": {
      "vic": {
        "price": 5,
        "promoText": "Any 2 $7",
        "packageSize": "180g",
        "packagePrice": "$2.78 per 100G"
      }
    }
  },
  {
    "id": "cadbury-family-block-chocolate-fruit-nut",
    "brand": "Cadbury",
    "name": "Dairy Milk Fruit and Nut Chocolate Block",
    "imageUrl": "https://shop.coles.com.au/wcsstore/Coles-CAS/images/2/3/5/2351651-th.jpg",
    "categories": ["entertaining-at-home"],
    "tags": ["confectionery-for-entertaining", "chocolates-for-entertaining"],
    "locations": {
      "vic": {
        "price": 5,
        "promoText": "Any 2 $7",
        "packageSize": "180g",
        "packagePrice": "$2.78 per 100G"
      }
    }
  },
  {
    "id": "lindt-excellence-chocolate-mint-intense",
    "brand": "Lindt",
    "name": "Excellence Mint Intense Chocolate Block",
    "imageUrl": "https://shop.coles.com.au/wcsstore/Coles-CAS/images/5/4/6/5460267-th.jpg",
    "categories": ["entertaining-at-home"],
    "tags": ["confectionery-for-entertaining", "chocolates-for-entertaining"],
    "locations": {
      "vic": {
        "price": 4.5,
        "promoText": "Any 2 $7",
        "packageSize": "100g",
        "packagePrice": "$4.50 per 100G"
      }
    }
  },
  {
    "id": "cadbury-family-block-chocolate-snack",
    "brand": "Cadbury",
    "name": "Dairy Milk Snack Chocolate Block",
    "imageUrl": "https://shop.coles.com.au/wcsstore/Coles-CAS/images/2/3/5/2351618-th.jpg",
    "categories": ["entertaining-at-home"],
    "tags": ["confectionery-for-entertaining", "chocolates-for-entertaining"],
    "locations": {
      "vic": {
        "price": 5,
        "promoText": "Any 2 $7",
        "packageSize": "180g",
        "packagePrice": "$2.78 per 100G"
      }
    }
  },
  {
    "id": "lindt-90%25-cocoa-excellence-supreme-dark-chocolate",
    "brand": "Lindt",
    "name": "90% Cocoa Excellence Supreme Dark Chocolate",
    "imageUrl": "https://shop.coles.com.au/wcsstore/Coles-CAS/images/1/7/3/1735589-th.jpg",
    "categories": ["entertaining-at-home"],
    "tags": ["confectionery-for-entertaining", "chocolates-for-entertaining"],
    "locations": {
      "vic": {
        "price": 4.5,
        "promoText": "Any 2 $7",
        "packageSize": "100g",
        "packagePrice": "$4.50 per 100G"
      }
    }
  },
  {
    "id": "mars-fun-size-milky-way",
    "brand": "Milky Way",
    "name": "Chocolate Medium Party Share Bag 18 Pieces",
    "imageUrl": "https://shop.coles.com.au/wcsstore/Coles-CAS/images/5/2/2/5225926-th.jpg",
    "categories": ["entertaining-at-home"],
    "tags": ["confectionery-for-entertaining", "chocolates-for-entertaining"],
    "locations": {
      "vic": {
        "price": 2.3,
        "promoText": "$2.30 ",
        "packageSize": "216g",
        "packagePrice": "$1.06 per 100G"
      }
    }
  },
  {
    "id": "lindt-excellence-chocolate-orange",
    "brand": "Lindt",
    "name": "Excellence Orange Dark Chocolate Block",
    "imageUrl": "https://shop.coles.com.au/wcsstore/Coles-CAS/images/4/1/9/4194827-th.jpg",
    "categories": ["entertaining-at-home"],
    "tags": ["confectionery-for-entertaining", "chocolates-for-entertaining"],
    "locations": {
      "vic": {
        "price": 4.5,
        "promoText": "Any 2 $7",
        "packageSize": "100g",
        "packagePrice": "$4.50 per 100G"
      }
    }
  },
  {
    "id": "cadbury-old-gold-roast-almond-chocolate-block",
    "brand": "Cadbury",
    "name": "Old Gold Roast Almond Dark Chocolate Block",
    "imageUrl": "https://shop.coles.com.au/wcsstore/Coles-CAS/images/2/3/5/2350535-th.jpg",
    "categories": ["entertaining-at-home"],
    "tags": ["confectionery-for-entertaining", "chocolates-for-entertaining"],
    "locations": {
      "vic": {
        "price": 3.5,
        "promoText": "$1.50 ",
        "packageSize": "180g",
        "packagePrice": "$1.94 per 100G"
      }
    }
  },
  {
    "id": "lindt-excellence--chocolate-dark-extra-fine-70%25-cocoa",
    "brand": "Lindt",
    "name": "Excellence Extra Fine 70% Cocoa Dark Chocolate Block",
    "imageUrl": "https://shop.coles.com.au/wcsstore/Coles-CAS/images/7/1/5/7152550-th.jpg",
    "categories": ["entertaining-at-home"],
    "tags": ["confectionery-for-entertaining", "chocolates-for-entertaining"],
    "locations": {
      "vic": {
        "price": 4.5,
        "promoText": "Any 2 $7",
        "packageSize": "100g",
        "packagePrice": "$4.50 per 100G"
      }
    }
  },
  {
    "id": "cadbury-family-block-chocolate-dream",
    "brand": "Cadbury",
    "name": "Dream White Chocolate Block",
    "imageUrl": "https://shop.coles.com.au/wcsstore/Coles-CAS/images/2/3/5/2351684-th.jpg",
    "categories": ["entertaining-at-home"],
    "tags": ["confectionery-for-entertaining", "chocolates-for-entertaining"],
    "locations": {
      "vic": {
        "price": 5,
        "promoText": "Any 2 $7",
        "packageSize": "180g",
        "packagePrice": "$2.78 per 100G"
      }
    }
  },
  {
    "id": "cadbury-old-gold-70%25-cocoa-chocolate-block",
    "brand": "Cadbury",
    "name": "Old Gold 70% Cocoa Dark Chocolate Block",
    "imageUrl": "https://shop.coles.com.au/wcsstore/Coles-CAS/images/2/3/5/2350579-th.jpg",
    "categories": ["entertaining-at-home"],
    "tags": ["confectionery-for-entertaining", "chocolates-for-entertaining"],
    "locations": {
      "vic": {
        "price": 3.5,
        "promoText": "$1.50 ",
        "packageSize": "180g",
        "packagePrice": "$1.94 per 100G"
      }
    }
  },
  {
    "id": "cadbury-favourites-3571992p",
    "brand": "Cadbury",
    "name": "Favourites",
    "imageUrl": "https://shop.coles.com.au/wcsstore/Coles-CAS/images/3/5/7/3571992-th.jpg",
    "categories": ["entertaining-at-home"],
    "tags": ["confectionery-for-entertaining", "chocolates-for-entertaining"],
    "locations": {
      "vic": {
        "price": 14,
        "promoText": "2 for $18",
        "packageSize": "373g",
        "packagePrice": "$3.75 per 100G"
      }
    }
  },
  {
    "id": "lindt-lindor-assorted-cornet",
    "brand": "Lindt",
    "name": "Lindor Assorted Surtido Cornet",
    "imageUrl": "https://shop.coles.com.au/wcsstore/Coles-CAS/images/2/7/1/2715940-th.jpg",
    "categories": ["entertaining-at-home"],
    "tags": ["confectionery-for-entertaining", "chocolates-for-entertaining"],
    "locations": {
      "vic": {
        "price": 20,
        "promoText": "Any 2 $20",
        "packageSize": "375g",
        "packagePrice": "$5.33 per 100G"
      }
    }
  },
  {
    "id": "cadbury-old-gold-jamaican-rum-raisin-chocolate-block",
    "brand": "Cadbury",
    "name": "Old Gold Jamaican Rum and Raisin Dark Chocolate Block",
    "imageUrl": "https://shop.coles.com.au/wcsstore/Coles-CAS/images/2/3/5/2350557-th.jpg",
    "categories": ["entertaining-at-home"],
    "tags": ["confectionery-for-entertaining", "chocolates-for-entertaining"],
    "locations": {
      "vic": {
        "price": 3.5,
        "promoText": "$1.50 ",
        "packageSize": "180g",
        "packagePrice": "$1.94 per 100G"
      }
    }
  },
  {
    "id": "cadbury-family-block-chocolate-black-forest",
    "brand": "Cadbury",
    "name": "Dairy Milk Black Forest Chocolate Block",
    "imageUrl": "https://shop.coles.com.au/wcsstore/Coles-CAS/images/2/3/5/2351673-th.jpg",
    "categories": ["entertaining-at-home"],
    "tags": ["confectionery-for-entertaining", "chocolates-for-entertaining"],
    "locations": {
      "vic": {
        "price": 5,
        "promoText": "Any 2 $7",
        "packageSize": "180g",
        "packagePrice": "$2.78 per 100G"
      }
    }
  },
  {
    "id": "nestle-kit-kat-block-gold",
    "brand": "Nestle",
    "name": "KitKat Gold White Chocolate with Caramelised Break",
    "imageUrl": "https://shop.coles.com.au/wcsstore/Coles-CAS/images/3/2/9/3299976-th.jpg",
    "categories": ["entertaining-at-home"],
    "tags": ["confectionery-for-entertaining", "chocolates-for-entertaining"],
    "locations": {
      "vic": {
        "price": 3,
        "promoText": "$1.50 ",
        "packageSize": "170g",
        "packagePrice": "$1.76 per 100G"
      }
    }
  },
  {
    "id": "cadbury-block-marvellous-creations-jelly-pop-candy",
    "brand": "Cadbury",
    "name": "Marvellous Creations Jelly Popping Candy Beanies Chocolate Block",
    "imageUrl": "https://shop.coles.com.au/wcsstore/Coles-CAS/images/2/8/9/2898997-th.jpg",
    "categories": ["entertaining-at-home"],
    "tags": ["confectionery-for-entertaining", "chocolates-for-entertaining"],
    "locations": {
      "vic": {
        "price": 5,
        "promoText": "Any 2 $7",
        "packageSize": "190g",
        "packagePrice": "$2.63 per 100G"
      }
    }
  },
  {
    "id": "lindt-excellence-chocolate-dark-extra-fine-85%25-cocoa",
    "brand": "Lindt",
    "name": "Excellence 85% Cocoa Dark Chocolate Block",
    "imageUrl": "https://shop.coles.com.au/wcsstore/Coles-CAS/images/9/5/2/9524521-th.jpg",
    "categories": ["entertaining-at-home"],
    "tags": ["confectionery-for-entertaining", "chocolates-for-entertaining"],
    "locations": {
      "vic": {
        "price": 4.5,
        "promoText": "Any 2 $7",
        "packageSize": "100g",
        "packagePrice": "$4.50 per 100G"
      }
    }
  },
  {
    "id": "cadbury-milk-chocolate-block-fruit-nut",
    "brand": "Cadbury",
    "name": "Dairy Milk Fruit and Nut Chocolate Large Block",
    "imageUrl": "https://shop.coles.com.au/wcsstore/Coles-CAS/images/7/7/7/7778610-th.jpg",
    "categories": ["entertaining-at-home"],
    "tags": ["confectionery-for-entertaining", "chocolates-for-entertaining"],
    "locations": {
      "vic": {
        "price": 5,
        "promoText": "Was $6.30 on Jun 2017 ",
        "packageSize": "350g",
        "packagePrice": "$1.43 per 100G"
      }
    }
  },
  {
    "id": "cadbury-family-block-chocolate-caramello",
    "brand": "Cadbury",
    "name": "Dairy Milk Caramello Chocolate Block",
    "imageUrl": "https://shop.coles.com.au/wcsstore/Coles-CAS/images/2/3/5/2351662-th.jpg",
    "categories": ["entertaining-at-home"],
    "tags": ["confectionery-for-entertaining", "chocolates-for-entertaining"],
    "locations": {
      "vic": {
        "price": 5,
        "promoText": "Any 2 $7",
        "packageSize": "180g",
        "packagePrice": "$2.78 per 100G"
      }
    }
  },
  {
    "id": "cadbury-old-gold-original-chocolate-block",
    "brand": "Cadbury",
    "name": "Old Gold Original Dark Chocolate Block",
    "imageUrl": "https://shop.coles.com.au/wcsstore/Coles-CAS/images/2/3/5/2350568-th.jpg",
    "categories": ["entertaining-at-home"],
    "tags": ["confectionery-for-entertaining", "chocolates-for-entertaining"],
    "locations": {
      "vic": {
        "price": 3.5,
        "promoText": "$1.50 ",
        "packageSize": "180g",
        "packagePrice": "$1.94 per 100G"
      }
    }
  },
  {
    "id": "lindt-excellence-70-dark-smooth-chocolate-block",
    "brand": "Lindt",
    "name": "Excellence 70% Dark Smooth Chocolate Block",
    "imageUrl": "https://shop.coles.com.au/wcsstore/Coles-CAS/images/2/6/5/2652159-th.jpg",
    "categories": ["entertaining-at-home"],
    "tags": ["confectionery-for-entertaining", "chocolates-for-entertaining"],
    "locations": {
      "vic": {
        "price": 4.5,
        "promoText": "Any 2 $7",
        "packageSize": "100g",
        "packagePrice": "$4.50 per 100G"
      }
    }
  },
  {
    "id": "maltesers-chocolates",
    "brand": "Maltesers",
    "name": "Milk Chocolate Bag Medium",
    "imageUrl": "https://shop.coles.com.au/wcsstore/Coles-CAS/images/5/1/0/5106508-th.jpg",
    "categories": ["entertaining-at-home"],
    "tags": ["confectionery-for-entertaining", "chocolates-for-entertaining"],
    "locations": {
      "vic": {
        "price": 4.25,
        "promoText": " ",
        "packageSize": "140g",
        "packagePrice": "$3.04 per 100G"
      }
    }
  },
  {
    "id": "darrell-lea-mega-balls-big-orange",
    "brand": "Darrell Lea",
    "name": "Milk Chocolate Big Orange Balls",
    "imageUrl": "https://shop.coles.com.au/wcsstore/Coles-CAS/images/3/4/5/3451210-th.jpg",
    "categories": ["entertaining-at-home"],
    "tags": ["confectionery-for-entertaining", "chocolates-for-entertaining"],
    "locations": {
      "vic": {
        "price": 3,
        "promoText": "$1.00 ",
        "packageSize": "185g",
        "packagePrice": "$1.62 per 100G"
      }
    }
  },
  {
    "id": "lindt-lindor-limited-edition-cornet",
    "brand": "Lindt",
    "name": "Lindor Limited Edition Chocolate Balls Assorted",
    "imageUrl": "https://shop.coles.com.au/wcsstore/Coles-CAS/images/3/3/1/3314377-th.jpg",
    "categories": ["entertaining-at-home"],
    "tags": ["confectionery-for-entertaining", "chocolates-for-entertaining"],
    "locations": {
      "vic": {
        "price": 20,
        "promoText": "Any 2 $20",
        "packageSize": "375g",
        "packagePrice": "$5.33 per 100G"
      }
    }
  },
  {
    "id": "maltesers-chocolate-bag-large",
    "brand": "Maltesers",
    "name": "Milk Chocolate Bag Large",
    "imageUrl": "https://shop.coles.com.au/wcsstore/Coles-CAS/images/9/7/7/9776036-th.jpg",
    "categories": ["entertaining-at-home"],
    "tags": ["confectionery-for-entertaining", "chocolates-for-entertaining"],
    "locations": {
      "vic": {
        "price": 5,
        "promoText": " ",
        "packageSize": "250g",
        "packagePrice": "$2.00 per 100G"
      }
    }
  },
  {
    "id": "nestle-chocolate-aero-peppermint-block",
    "brand": "Nestle",
    "name": "Aero Peppermint Chocolate Block",
    "imageUrl": "https://shop.coles.com.au/wcsstore/Coles-CAS/images/7/1/5/7157168-th.jpg",
    "categories": ["entertaining-at-home"],
    "tags": ["confectionery-for-entertaining", "chocolates-for-entertaining"],
    "locations": {
      "vic": {
        "price": 3,
        "promoText": "$1.50 ",
        "packageSize": "118g",
        "packagePrice": "$2.54 per 100G"
      }
    }
  },
  {
    "id": "maltesers-fun-size-maltesers",
    "brand": "Maltesers",
    "name": "Milk Chocolate Party Share Bag Medium 12 Piece Pack",
    "imageUrl": "https://shop.coles.com.au/wcsstore/Coles-CAS/images/5/3/7/5376488-th.jpg",
    "categories": ["entertaining-at-home"],
    "tags": ["confectionery-for-entertaining", "chocolates-for-entertaining"],
    "locations": {
      "vic": {
        "price": 2.3,
        "promoText": "$2.30 ",
        "packageSize": "144g",
        "packagePrice": "$1.60 per 100G"
      }
    }
  },
  {
    "id": "mars-pods-snickers",
    "brand": "Mars",
    "name": "Snickers Pods Chocolate Medium Bag",
    "imageUrl": "https://shop.coles.com.au/wcsstore/Coles-CAS/images/5/8/9/5899759-th.jpg",
    "categories": ["entertaining-at-home"],
    "tags": ["confectionery-for-entertaining", "chocolates-for-entertaining"],
    "locations": {
      "vic": {
        "price": 4.25,
        "promoText": " ",
        "packageSize": "160g",
        "packagePrice": "$2.66 per 100G"
      }
    }
  },
  {
    "id": "nestle-crunch-chocolate-block",
    "brand": "Nestle",
    "name": "Crunch Chocolate Block",
    "imageUrl": "https://shop.coles.com.au/wcsstore/Coles-CAS/images/2/2/1/221815-th.jpg",
    "categories": ["entertaining-at-home"],
    "tags": ["confectionery-for-entertaining", "chocolates-for-entertaining"],
    "locations": {
      "vic": {
        "price": 3,
        "promoText": "$1.50 ",
        "packageSize": "200g",
        "packagePrice": "$1.50 per 100G"
      }
    }
  },
  {
    "id": "cadbury-sharepack-special-treats",
    "brand": "Cadbury",
    "name": "Special Treats Dairy Milk Chocolate Multipack",
    "imageUrl": "https://shop.coles.com.au/wcsstore/Coles-CAS/images/2/3/5/2352960-th.jpg",
    "categories": ["entertaining-at-home"],
    "tags": ["confectionery-for-entertaining", "chocolates-for-entertaining"],
    "locations": {
      "vic": {
        "price": 5,
        "promoText": "Any 2 $7",
        "packageSize": "180g",
        "packagePrice": "$2.78 per 100G"
      }
    }
  },
  {
    "id": "cadbury-picnic-sharepack-12-treats",
    "brand": "Cadbury",
    "name": "Picnic Chocolate Multipack 12 Treats",
    "imageUrl": "https://shop.coles.com.au/wcsstore/Coles-CAS/images/2/3/5/2353034-th.jpg",
    "categories": ["entertaining-at-home"],
    "tags": ["confectionery-for-entertaining", "chocolates-for-entertaining"],
    "locations": {
      "vic": {
        "price": 5,
        "promoText": "Any 2 $7",
        "packageSize": "180g",
        "packagePrice": "$2.78 per 100G"
      }
    }
  },
  {
    "id": "cadbury-favourites-3571711p",
    "brand": "Cadbury",
    "name": "Favourites",
    "imageUrl": "https://shop.coles.com.au/wcsstore/Coles-CAS/images/3/5/7/3571711-th.jpg",
    "categories": ["entertaining-at-home"],
    "tags": ["confectionery-for-entertaining", "chocolates-for-entertaining"],
    "locations": {
      "vic": {
        "price": 20,
        "promoText": " ",
        "packageSize": "570g",
        "packagePrice": "$3.51 per 100G"
      }
    }
  },
  {
    "id": "lindt-lindor-milk-cornet",
    "brand": "Lindt",
    "name": "Lindor Milk Cornet",
    "imageUrl": "https://shop.coles.com.au/wcsstore/Coles-CAS/images/3/1/9/3191437-th.jpg",
    "categories": ["entertaining-at-home"],
    "tags": ["confectionery-for-entertaining", "chocolates-for-entertaining"],
    "locations": {
      "vic": {
        "price": 20,
        "promoText": "Any 2 $20",
        "packageSize": "375g",
        "packagePrice": "$5.33 per 100G"
      }
    }
  },
  {
    "id": "cadbury-sharepack-twirl-12-treats",
    "brand": "Cadbury",
    "name": "Twirl Chocolate Multipack 12 Treats",
    "imageUrl": "https://shop.coles.com.au/wcsstore/Coles-CAS/images/2/3/5/2353078-th.jpg",
    "categories": ["entertaining-at-home"],
    "tags": ["confectionery-for-entertaining", "chocolates-for-entertaining"],
    "locations": {
      "vic": {
        "price": 5,
        "promoText": "Any 2 $7",
        "packageSize": "168g",
        "packagePrice": "$2.98 per 100G"
      }
    }
  },
  {
    "id": "ferrero-rocher-chocolates-16-pieces",
    "brand": "Ferrero",
    "name": "Rocher Chocolate 16 pack",
    "imageUrl": "https://shop.coles.com.au/wcsstore/Coles-CAS/images/2/2/9/229828-th.jpg",
    "categories": ["entertaining-at-home"],
    "tags": ["confectionery-for-entertaining", "chocolates-for-entertaining"],
    "locations": {
      "vic": {
        "price": 13.5,
        "promoText": " ",
        "packageSize": "200g",
        "packagePrice": "$6.75 per 100G"
      }
    }
  },
  {
    "id": "cadbury-share-pack-turkish-delight",
    "brand": "Cadbury",
    "name": "Fry's Turkish Delight Chocolate Bar Multipack",
    "imageUrl": "https://shop.coles.com.au/wcsstore/Coles-CAS/images/9/5/8/9589265-th.jpg",
    "categories": ["entertaining-at-home"],
    "tags": ["confectionery-for-entertaining", "chocolates-for-entertaining"],
    "locations": {
      "vic": {
        "price": 5,
        "promoText": "Any 2 $7",
        "packageSize": "180g",
        "packagePrice": "$2.78 per 100G"
      }
    }
  },
  {
    "id": "mars-m-ms-crispy",
    "brand": "M&M's",
    "name": "Crispy Chocolate Bag Medium",
    "imageUrl": "https://shop.coles.com.au/wcsstore/Coles-CAS/images/8/5/3/8530198-th.jpg",
    "categories": ["entertaining-at-home"],
    "tags": ["confectionery-for-entertaining", "chocolates-for-entertaining"],
    "locations": {
      "vic": {
        "price": 4.25,
        "promoText": " ",
        "packageSize": "145g",
        "packagePrice": "$2.93 per 100G"
      }
    }
  },
  {
    "id": "mars-large-bag-fun-size-mars",
    "brand": "Mars",
    "name": "Chocolate Party Share Bag Large 20 Piece Pack",
    "imageUrl": "https://shop.coles.com.au/wcsstore/Coles-CAS/images/7/5/8/7580248-th.jpg",
    "categories": ["entertaining-at-home"],
    "tags": ["confectionery-for-entertaining", "chocolates-for-entertaining"],
    "locations": {
      "vic": {
        "price": 6,
        "promoText": " ",
        "packageSize": "360g",
        "packagePrice": "$1.67 per 100G"
      }
    }
  },
  {
    "id": "mars-pods-mars",
    "brand": "Mars",
    "name": "Pods Chocolate",
    "imageUrl": "https://shop.coles.com.au/wcsstore/Coles-CAS/images/5/8/9/5899760-th.jpg",
    "categories": ["entertaining-at-home"],
    "tags": ["confectionery-for-entertaining", "chocolates-for-entertaining"],
    "locations": {
      "vic": {
        "price": 4.25,
        "promoText": " ",
        "packageSize": "160g",
        "packagePrice": "$2.66 per 100G"
      }
    }
  },
  {
    "id": "mars-chocolate-m-ms-minis",
    "brand": "Mars",
    "name": "M&M's Minis Chocolate",
    "imageUrl": "https://shop.coles.com.au/wcsstore/Coles-CAS/images/4/5/0/4503874-th.jpg",
    "categories": ["entertaining-at-home"],
    "tags": ["confectionery-for-entertaining", "chocolates-for-entertaining"],
    "locations": {
      "vic": {
        "price": 2,
        "promoText": " ",
        "packageSize": "35g",
        "packagePrice": "$5.71 per 100G"
      }
    }
  },
  {
    "id": "violet-crumble-choc-honeycomb-bag",
    "brand": "Violet Crumble",
    "name": "Gluten Free Chocolate Bites",
    "imageUrl": "https://shop.coles.com.au/wcsstore/Coles-CAS/images/3/4/5/3451367-th.jpg",
    "categories": ["entertaining-at-home"],
    "tags": ["confectionery-for-entertaining", "chocolates-for-entertaining"],
    "locations": {
      "vic": {
        "price": 4.4,
        "promoText": " ",
        "packageSize": "180g",
        "packagePrice": "$2.44 per 100G"
      }
    }
  },
  {
    "id": "cadbury-share-pack-chocolate-flake",
    "brand": "Cadbury",
    "name": "Flake Chocolate Multipack 12 Treats",
    "imageUrl": "https://shop.coles.com.au/wcsstore/Coles-CAS/images/6/3/8/6387592-th.jpg",
    "categories": ["entertaining-at-home"],
    "tags": ["confectionery-for-entertaining", "chocolates-for-entertaining"],
    "locations": {
      "vic": {
        "price": 5,
        "promoText": "Any 2 $7",
        "packageSize": "168g",
        "packagePrice": "$2.98 per 100G"
      }
    }
  },
  {
    "id": "m-ms--milk-chocolate",
    "brand": "M&M's",
    "name": "Milk Chocolate Bag Medium",
    "imageUrl": "https://shop.coles.com.au/wcsstore/Coles-CAS/images/5/2/5/5258936-th.jpg",
    "categories": ["entertaining-at-home"],
    "tags": ["confectionery-for-entertaining", "chocolates-for-entertaining"],
    "locations": {
      "vic": {
        "price": 4.25,
        "promoText": " ",
        "packageSize": "180g",
        "packagePrice": "$2.36 per 100G"
      }
    }
  },
  {
    "id": "nestle-block-chocolate-rolo",
    "brand": "Nestle",
    "name": "Rolo Chocolate Block",
    "imageUrl": "https://shop.coles.com.au/wcsstore/Coles-CAS/images/5/7/6/5763316-th.jpg",
    "categories": ["entertaining-at-home"],
    "tags": ["confectionery-for-entertaining", "chocolates-for-entertaining"],
    "locations": {
      "vic": {
        "price": 3,
        "promoText": "$1.50 ",
        "packageSize": "200g",
        "packagePrice": "$1.50 per 100G"
      }
    }
  },
  {
    "id": "toblerone-chocolate-bar-milk-4660147p",
    "brand": "Toblerone",
    "name": "Milk Chocolate Gift Bar",
    "imageUrl": "https://shop.coles.com.au/wcsstore/Coles-CAS/images/4/6/6/4660147-th.jpg",
    "categories": ["entertaining-at-home"],
    "tags": ["confectionery-for-entertaining", "chocolates-for-entertaining"],
    "locations": {
      "vic": {
        "price": 10,
        "promoText": " ",
        "packageSize": "360g",
        "packagePrice": "$2.78 per 100G"
      }
    }
  },
  {
    "id": "cadbury-cherry-ripe-sharepack-12-treats",
    "brand": "Cadbury",
    "name": "Cherry Ripe Chocolate Multipack 12 Treats",
    "imageUrl": "https://shop.coles.com.au/wcsstore/Coles-CAS/images/2/3/5/2352982-th.jpg",
    "categories": ["entertaining-at-home"],
    "tags": ["confectionery-for-entertaining", "chocolates-for-entertaining"],
    "locations": {
      "vic": {
        "price": 5,
        "promoText": "Any 2 $7",
        "packageSize": "180g",
        "packagePrice": "$2.78 per 100G"
      }
    }
  },
  {
    "id": "cadbury-twirl-bites",
    "brand": "Cadbury",
    "name": "Twirl Bites Chocolate Pieces",
    "imageUrl": "https://shop.coles.com.au/wcsstore/Coles-CAS/images/3/2/8/3287514-th.jpg",
    "categories": ["entertaining-at-home"],
    "tags": ["confectionery-for-entertaining", "chocolates-for-entertaining"],
    "locations": {
      "vic": {
        "price": 12,
        "promoText": " ",
        "packageSize": "300g",
        "packagePrice": "$4.00 per 100G"
      }
    }
  },
  {
    "id": "cadbury-dairy-milk-gift-box",
    "brand": "Cadbury",
    "name": "Dairy Milk Chocolate Gift Box",
    "imageUrl": "https://shop.coles.com.au/wcsstore/Coles-CAS/images/3/3/0/3308997-th.jpg",
    "categories": ["entertaining-at-home"],
    "tags": ["confectionery-for-entertaining", "chocolates-for-entertaining"],
    "locations": {
      "vic": {
        "price": 12,
        "promoText": " ",
        "packageSize": "220g",
        "packagePrice": "$5.45 per 100G"
      }
    }
  },
  {
    "id": "kinder-chocolate-16-treat-sharebag-200g",
    "brand": "Kinder",
    "name": "Chocolate 16 Treat Sharebag",
    "imageUrl": "https://shop.coles.com.au/wcsstore/Coles-CAS/images/2/5/2/2528761-th.jpg",
    "categories": ["entertaining-at-home"],
    "tags": ["confectionery-for-entertaining", "chocolates-for-entertaining"],
    "locations": {
      "vic": {
        "price": 5,
        "promoText": " ",
        "packageSize": "200g",
        "packagePrice": "$2.50 per 100G"
      }
    }
  },
  {
    "id": "lindt-lindor-chocolate-balls-assorted-gift-box",
    "brand": "Lindt",
    "name": "Lindor Assorted Chocolate Balls Gift Box",
    "imageUrl": "https://shop.coles.com.au/wcsstore/Coles-CAS/images/8/7/3/8731258-th.jpg",
    "categories": ["entertaining-at-home"],
    "tags": ["confectionery-for-entertaining", "chocolates-for-entertaining"],
    "locations": {
      "vic": {
        "price": 10,
        "promoText": "$10.00 ",
        "packageSize": "235g",
        "packagePrice": "$4.26 per 100G"
      }
    }
  },
  {
    "id": "mars-celebrations-box-3609235p",
    "brand": "Mars",
    "name": "Celebrations Chocolate Gift Box",
    "imageUrl": "https://shop.coles.com.au/wcsstore/Coles-CAS/images/3/6/0/3609235-th.jpg",
    "categories": ["entertaining-at-home"],
    "tags": ["confectionery-for-entertaining", "chocolates-for-entertaining"],
    "locations": {
      "vic": {
        "price": 12,
        "promoText": " ",
        "packageSize": "320g",
        "packagePrice": "$3.75 per 100G"
      }
    }
  },
  {
    "id": "cadbury-roses-gift-pouch",
    "brand": "Cadbury",
    "name": "Milk & Dark Chocolates Roses Gift Pouch",
    "imageUrl": "https://shop.coles.com.au/wcsstore/Coles-CAS/images/3/2/8/3287547-th.jpg",
    "categories": ["entertaining-at-home"],
    "tags": ["confectionery-for-entertaining", "chocolates-for-entertaining"],
    "locations": {
      "vic": {
        "price": 5,
        "promoText": "$1.50 ",
        "packageSize": "150g",
        "packagePrice": "$3.33 per 100G"
      }
    }
  },
  {
    "id": "ferrero-rocher-chocolate-t30",
    "brand": "Ferrero",
    "name": "Rocher Chocolate 30 pack",
    "imageUrl": "https://shop.coles.com.au/wcsstore/Coles-CAS/images/7/3/2/7327585-th.jpg",
    "categories": ["entertaining-at-home"],
    "tags": ["confectionery-for-entertaining", "chocolates-for-entertaining"],
    "locations": {
      "vic": {
        "price": 20,
        "promoText": " ",
        "packageSize": "375g",
        "packagePrice": "$5.33 per 100G"
      }
    }
  },
  {
    "id": "ferrero-collection-chocolates-t15",
    "brand": "Ferrero",
    "name": "Collection Chocolates 15 pack",
    "imageUrl": "https://shop.coles.com.au/wcsstore/Coles-CAS/images/1/5/4/1545663-th.jpg",
    "categories": ["entertaining-at-home"],
    "tags": ["confectionery-for-entertaining", "chocolates-for-entertaining"],
    "locations": {
      "vic": {
        "price": 13.5,
        "promoText": " ",
        "packageSize": "172g",
        "packagePrice": "$7.85 per 100G"
      }
    }
  },
  {
    "id": "ferrero-collection-t24",
    "brand": "Ferrero",
    "name": "Collection Chocolate 24 pack",
    "imageUrl": "https://shop.coles.com.au/wcsstore/Coles-CAS/images/1/5/8/1581871-th.jpg",
    "categories": ["entertaining-at-home"],
    "tags": ["confectionery-for-entertaining", "chocolates-for-entertaining"],
    "locations": {
      "vic": {
        "price": 19,
        "promoText": " ",
        "packageSize": "269g",
        "packagePrice": "$7.06 per 100G"
      }
    }
  },
  {
    "id": "lindt-lindor-gift-box-chocolate-balls-assorted",
    "brand": "Lindt",
    "name": "Lindor Assorted Chocolate Balls Gift Box",
    "imageUrl": "https://shop.coles.com.au/wcsstore/Coles-CAS/images/5/6/8/5687987-th.jpg",
    "categories": ["entertaining-at-home"],
    "tags": ["confectionery-for-entertaining", "chocolates-for-entertaining"],
    "locations": {
      "vic": {
        "price": 14,
        "promoText": " ",
        "packageSize": "150g",
        "packagePrice": "$9.33 per 100G"
      }
    }
  },
  {
    "id": "lindt-chocolate-sharing-festive-tin",
    "brand": "Lindt",
    "name": "Lindor Limited Edition Assorted Chocolate Gift Box",
    "imageUrl": "https://shop.coles.com.au/wcsstore/Coles-CAS/images/1/6/1/1615146-th.jpg",
    "categories": ["entertaining-at-home"],
    "tags": ["confectionery-for-entertaining", "chocolates-for-entertaining"],
    "locations": {
      "vic": {
        "price": 0,
        "promoText": " ",
        "packageSize": "460g",
        "packagePrice": ""
      }
    }
  },
  {
    "id": "lindt-lindor-bag-limited-edition",
    "brand": "Lindt",
    "name": "Lindor Limited Edition Assorted Chocolate Bag",
    "imageUrl": "https://shop.coles.com.au/wcsstore/Coles-CAS/images/1/9/8/1981428-th.jpg",
    "categories": ["entertaining-at-home"],
    "tags": ["confectionery-for-entertaining", "chocolates-for-entertaining"],
    "locations": {
      "vic": {
        "price": 0,
        "promoText": " ",
        "packageSize": "585g",
        "packagePrice": ""
      }
    }
  },
  {
    "id": "mars-m-ms-minis",
    "brand": "M&M's",
    "name": "Minis Chocolate Bag Medium",
    "imageUrl": "https://shop.coles.com.au/wcsstore/Coles-CAS/images/9/7/7/9773038-th.jpg",
    "categories": ["entertaining-at-home"],
    "tags": ["confectionery-for-entertaining", "chocolates-for-entertaining"],
    "locations": {
      "vic": {
        "price": 4.25,
        "promoText": " ",
        "packageSize": "145g",
        "packagePrice": "$2.93 per 100G"
      }
    }
  },
  {
    "id": "mars-m-m-peanut-box",
    "brand": "M&M's",
    "name": "Peanut Chocolate Gift Box",
    "imageUrl": "https://shop.coles.com.au/wcsstore/Coles-CAS/images/3/6/0/3609246-th.jpg",
    "categories": ["entertaining-at-home"],
    "tags": ["confectionery-for-entertaining", "chocolates-for-entertaining"],
    "locations": {
      "vic": {
        "price": 12,
        "promoText": " ",
        "packageSize": "460g",
        "packagePrice": "$2.61 per 100G"
      }
    }
  },
  {
    "id": "mars-malteser-box",
    "brand": "Maltesers",
    "name": "Milk Chocolate Gift Box",
    "imageUrl": "https://shop.coles.com.au/wcsstore/Coles-CAS/images/3/6/0/3609268-th.jpg",
    "categories": ["entertaining-at-home"],
    "tags": ["confectionery-for-entertaining", "chocolates-for-entertaining"],
    "locations": {
      "vic": {
        "price": 12,
        "promoText": " ",
        "packageSize": "400g",
        "packagePrice": "$3.00 per 100G"
      }
    }
  },
  {
    "id": "toblerone-gift-pouch",
    "brand": "Toblerone",
    "name": "Swiss Milk Chocolate With Honey And Almond Nougat",
    "imageUrl": "https://shop.coles.com.au/wcsstore/Coles-CAS/images/3/2/8/3287558-th.jpg",
    "categories": ["entertaining-at-home"],
    "tags": ["confectionery-for-entertaining", "chocolates-for-entertaining"],
    "locations": {
      "vic": {
        "price": 5,
        "promoText": "$1.50 ",
        "packageSize": "120g",
        "packagePrice": "$4.17 per 100G"
      }
    }
  },
  {
    "id": "helgas-bread-continental-bakehouse-mixed-grain",
    "brand": "Helga's",
    "name": "Mixed Grain Bread",
    "imageUrl": "https://shop.coles.com.au/wcsstore/Coles-CAS/images/6/7/1/6711227-th.jpg",
    "categories": ["bread-bakery"],
    "tags": ["packaged-bread-bakery", "packaged-bread"],
    "locations": {
      "vic": {
        "price": 3.9,
        "promoText": " ",
        "packageSize": "850g",
        "packagePrice": "$0.46 per 100G"
      }
    }
  },
  {
    "id": "tip-top-bread-raisin-toast-7024470p",
    "brand": "Tip Top",
    "name": "Raisin Toast Bread",
    "imageUrl": "https://shop.coles.com.au/wcsstore/Coles-CAS/images/7/0/2/7024470-th.jpg",
    "categories": ["bread-bakery"],
    "tags": ["packaged-bread-bakery", "packaged-bread"],
    "locations": {
      "vic": {
        "price": 3,
        "promoText": " ",
        "packageSize": "520g",
        "packagePrice": "$0.58 per 100G"
      }
    }
  },
  {
    "id": "wonder-white-bread-7-vitamins-minerals-sandwich",
    "brand": "Wonder White",
    "name": "Sandwich Bread +7 Vitamins & Minerals",
    "imageUrl": "https://shop.coles.com.au/wcsstore/Coles-CAS/images/5/7/9/5795130-th.jpg",
    "categories": ["bread-bakery"],
    "tags": ["packaged-bread-bakery", "packaged-bread"],
    "locations": {
      "vic": {
        "price": 3.4,
        "promoText": " ",
        "packageSize": "700g",
        "packagePrice": "$0.49 per 100G"
      }
    }
  },
  {
    "id": "tip-top-bread-cafe-raisin-loaf-extra-thick",
    "brand": "Tip Top",
    "name": "Cafe Raisin Bread Loaf",
    "imageUrl": "https://shop.coles.com.au/wcsstore/Coles-CAS/images/5/7/0/5703766-th.jpg",
    "categories": ["bread-bakery"],
    "tags": ["packaged-bread-bakery", "packaged-bread"],
    "locations": {
      "vic": {
        "price": 6,
        "promoText": " ",
        "packageSize": "650g",
        "packagePrice": "$0.92 per 100G"
      }
    }
  },
  {
    "id": "lawsons-traditional-wholemeal",
    "brand": "Lawson's",
    "name": "Traditional Stone Mill Wholemeal Bread",
    "imageUrl": "https://shop.coles.com.au/wcsstore/Coles-CAS/images/3/3/6/3362926-th.jpg",
    "categories": ["bread-bakery"],
    "tags": ["packaged-bread-bakery", "packaged-bread"],
    "locations": {
      "vic": {
        "price": 4,
        "promoText": "$1.80 ",
        "packageSize": "750g",
        "packagePrice": "$0.53 per 100G"
      }
    }
  },
  {
    "id": "abbotts-village-bakery-sourdough-grains-seds",
    "brand": "Abbott's Village Bakery",
    "name": "Sourdough Grains & Seeds",
    "imageUrl": "https://shop.coles.com.au/wcsstore/Coles-CAS/images/3/7/6/3764748-th.jpg",
    "categories": ["bread-bakery"],
    "tags": ["packaged-bread-bakery", "packaged-bread"],
    "locations": {
      "vic": {
        "price": 4.3,
        "promoText": " ",
        "packageSize": "760g",
        "packagePrice": "$0.57 per 100G"
      }
    }
  },
  {
    "id": "burgen-bread-wholemeal-seeds-5369358p",
    "brand": "Burgen",
    "name": "Wholemeal & Seeds Bread",
    "imageUrl": "https://shop.coles.com.au/wcsstore/Coles-CAS/images/5/3/6/5369358-th.jpg",
    "categories": ["bread-bakery"],
    "tags": ["packaged-bread-bakery", "packaged-bread"],
    "locations": {
      "vic": {
        "price": 5,
        "promoText": " ",
        "packageSize": "700g",
        "packagePrice": "$0.71 per 100G"
      }
    }
  },
  {
    "id": "coles-raisin-toast",
    "brand": "Coles",
    "name": "Raisin Toast",
    "imageUrl": "https://shop.coles.com.au/wcsstore/Coles-CAS/images/2/3/6/2360890-th.jpg",
    "categories": ["bread-bakery"],
    "tags": ["packaged-bread-bakery", "packaged-bread"],
    "locations": {
      "vic": {
        "price": 2,
        "promoText": " ",
        "packageSize": "560g",
        "packagePrice": "$0.36 per 100G"
      }
    }
  },
  {
    "id": "coles-cafe-style-raisin-toast",
    "brand": "Coles",
    "name": "Cafe Style Raisin Toast",
    "imageUrl": "https://shop.coles.com.au/wcsstore/Coles-CAS/images/2/7/1/2715816-th.jpg",
    "categories": ["bread-bakery"],
    "tags": ["packaged-bread-bakery", "packaged-bread"],
    "locations": {
      "vic": {
        "price": 2.8,
        "promoText": " ",
        "packageSize": "650g",
        "packagePrice": "$0.43 per 100G"
      }
    }
  },
  {
    "id": "lawsons-traditional-original-white",
    "brand": "Lawson's",
    "name": "Traditional Original White Bread",
    "imageUrl": "https://shop.coles.com.au/wcsstore/Coles-CAS/images/3/3/6/3362937-th.jpg",
    "categories": ["bread-bakery"],
    "tags": ["packaged-bread-bakery", "packaged-bread"],
    "locations": {
      "vic": {
        "price": 4,
        "promoText": "$1.80 ",
        "packageSize": "750g",
        "packagePrice": "$0.53 per 100G"
      }
    }
  },
  {
    "id": "burgen-bread-rye-5249684p",
    "brand": "Burgen",
    "name": "Traditional Rye Bread",
    "imageUrl": "https://shop.coles.com.au/wcsstore/Coles-CAS/images/5/2/4/5249684-th.jpg",
    "categories": ["bread-bakery"],
    "tags": ["packaged-bread-bakery", "packaged-bread"],
    "locations": {
      "vic": {
        "price": 5,
        "promoText": " ",
        "packageSize": "700g",
        "packagePrice": "$0.71 per 100G"
      }
    }
  },
  {
    "id": "lawsons-traditional-settlers-grain",
    "brand": "Lawson's",
    "name": "Traditional Settler's Grain Bread",
    "imageUrl": "https://shop.coles.com.au/wcsstore/Coles-CAS/images/3/3/6/3362915-th.jpg",
    "categories": ["bread-bakery"],
    "tags": ["packaged-bread-bakery", "packaged-bread"],
    "locations": {
      "vic": {
        "price": 4,
        "promoText": "$1.80 ",
        "packageSize": "750g",
        "packagePrice": "$0.53 per 100G"
      }
    }
  },
  {
    "id": "coles-turkish-pide-3783695p",
    "brand": "Coles",
    "name": "Turkish Pide",
    "imageUrl": "https://shop.coles.com.au/wcsstore/Coles-CAS/images/3/7/8/3783695-th.jpg",
    "categories": ["bread-bakery"],
    "tags": ["packaged-bread-bakery", "packaged-bread"],
    "locations": {
      "vic": {
        "price": 2.7,
        "promoText": " ",
        "packageSize": "400g",
        "packagePrice": "$0.68 per 100G"
      }
    }
  },
  {
    "id": "burgen-bread-wholegrain-oats-7482271p",
    "brand": "Burgen",
    "name": "Wholegrain & Oats Bread",
    "imageUrl": "https://shop.coles.com.au/wcsstore/Coles-CAS/images/7/4/8/7482271-th.jpg",
    "categories": ["bread-bakery"],
    "tags": ["packaged-bread-bakery", "packaged-bread"],
    "locations": {
      "vic": {
        "price": 5,
        "promoText": " ",
        "packageSize": "700g",
        "packagePrice": "$0.71 per 100G"
      }
    }
  },
  {
    "id": "helgas-white-bread-10-grains-seeds-750g",
    "brand": "Helga's",
    "name": "10 Grains & Seeds Square Bread Loaf",
    "imageUrl": "https://shop.coles.com.au/wcsstore/Coles-CAS/images/3/1/8/3180420-th.jpg",
    "categories": ["bread-bakery"],
    "tags": ["packaged-bread-bakery", "packaged-bread"],
    "locations": {
      "vic": {
        "price": 3.9,
        "promoText": " ",
        "packageSize": "750g",
        "packagePrice": "$0.52 per 100G"
      }
    }
  },
  {
    "id": "van-der-meulen-bread-pumpernickel",
    "brand": "Van Der Meulen",
    "name": "Pumpernickel Bread",
    "imageUrl": "https://shop.coles.com.au/wcsstore/Coles-CAS/images/5/5/0/5505106-th.jpg",
    "categories": ["bread-bakery"],
    "tags": ["packaged-bread-bakery", "packaged-bread"],
    "locations": {
      "vic": {
        "price": 2.4,
        "promoText": " ",
        "packageSize": "500g",
        "packagePrice": "$0.48 per 100G"
      }
    }
  },
  {
    "id": "abbotts-village-bakery-gluten-fre-wholemeal",
    "brand": "Abbott's Village Bakery",
    "name": "Gluten Free Wholemeal",
    "imageUrl": "https://shop.coles.com.au/wcsstore/Coles-CAS/images/3/7/5/3751790-th.jpg",
    "categories": ["bread-bakery"],
    "tags": ["packaged-bread-bakery", "packaged-bread"],
    "locations": {
      "vic": {
        "price": 6,
        "promoText": "$1.00 ",
        "packageSize": "500g",
        "packagePrice": "$1.20 per 100G"
      }
    }
  },
  {
    "id": "helgas-continental-bakehouse-lower-carb-wholemeal-seed-bread",
    "brand": "Helga's",
    "name": "Low Carb Wholemeal & Seed Bread",
    "imageUrl": "https://shop.coles.com.au/wcsstore/Coles-CAS/images/2/2/7/2270425-th.jpg",
    "categories": ["bread-bakery"],
    "tags": ["packaged-bread-bakery", "packaged-bread"],
    "locations": {
      "vic": {
        "price": 4.2,
        "promoText": " ",
        "packageSize": "700g",
        "packagePrice": "$0.60 per 100G"
      }
    }
  },
  {
    "id": "tip-top-wholemeal-breakfast-fruit-toast-bread",
    "brand": "Tip Top",
    "name": "Wholemeal Raisin Toast Bread",
    "imageUrl": "https://shop.coles.com.au/wcsstore/Coles-CAS/images/1/7/9/1794180-th.jpg",
    "categories": ["bread-bakery"],
    "tags": ["packaged-bread-bakery", "packaged-bread"],
    "locations": {
      "vic": {
        "price": 3,
        "promoText": " ",
        "packageSize": "600g",
        "packagePrice": "$0.50 per 100G"
      }
    }
  },
  {
    "id": "coles-gluten-free-5-seed-loaf",
    "brand": "Coles",
    "name": "Gluten Free Five Seed Bread",
    "imageUrl": "https://shop.coles.com.au/wcsstore/Coles-CAS/images/3/2/1/3216695-th.jpg",
    "categories": ["bread-bakery"],
    "tags": ["packaged-bread-bakery", "packaged-bread"],
    "locations": {
      "vic": {
        "price": 4.5,
        "promoText": " ",
        "packageSize": "500g",
        "packagePrice": "$0.90 per 100G"
      }
    }
  },
  {
    "id": "helgas-continental-bakehouse-lower-carb-5-seed-bread-loaf",
    "brand": "Helga's",
    "name": "Low Carb 5 Seeds Bread Loaf",
    "imageUrl": "https://shop.coles.com.au/wcsstore/Coles-CAS/images/1/8/4/1847163-th.jpg",
    "categories": ["bread-bakery"],
    "tags": ["packaged-bread-bakery", "packaged-bread"],
    "locations": {
      "vic": {
        "price": 4.2,
        "promoText": " ",
        "packageSize": "700g",
        "packagePrice": "$0.60 per 100G"
      }
    }
  },
  {
    "id": "abbotts-village-bakery-gluten-free-rustic-white",
    "brand": "Abbott's Village Bakery",
    "name": "Gluten Free Rustic White Bread",
    "imageUrl": "https://shop.coles.com.au/wcsstore/Coles-CAS/images/3/2/1/3216913-th.jpg",
    "categories": ["bread-bakery"],
    "tags": ["packaged-bread-bakery", "packaged-bread"],
    "locations": {
      "vic": {
        "price": 6,
        "promoText": "$1.00 ",
        "packageSize": "500g",
        "packagePrice": "$1.20 per 100G"
      }
    }
  },
  {
    "id": "tip-top-bread-9-grain-wholemeal",
    "brand": "Tip Top",
    "name": "9 Grain Wholemeal Bread",
    "imageUrl": "https://shop.coles.com.au/wcsstore/Coles-CAS/images/6/0/1/6010561-th.jpg",
    "categories": ["bread-bakery"],
    "tags": ["packaged-bread-bakery", "packaged-bread"],
    "locations": {
      "vic": {
        "price": 3.4,
        "promoText": " ",
        "packageSize": "750g",
        "packagePrice": "$0.45 per 100G"
      }
    }
  },
  {
    "id": "abbotts-sensations-pumpkin-suflower-seed",
    "brand": "Abbott's Village Bakery",
    "name": "Sensations Pumpkin & Sunflower Seeds Bread",
    "imageUrl": "https://shop.coles.com.au/wcsstore/Coles-CAS/images/3/2/3/3235055-th.jpg",
    "categories": ["bread-bakery"],
    "tags": ["packaged-bread-bakery", "packaged-bread"],
    "locations": {
      "vic": {
        "price": 4.3,
        "promoText": " ",
        "packageSize": "750g",
        "packagePrice": "$0.57 per 100G"
      }
    }
  },
  {
    "id": "helgas-gluten-freee-soy-linseed",
    "brand": "Helga's",
    "name": "Gluten Free Soy & Linseed Bread",
    "imageUrl": "https://shop.coles.com.au/wcsstore/Coles-CAS/images/3/2/3/3237935-th.jpg",
    "categories": ["bread-bakery"],
    "tags": ["packaged-bread-bakery", "packaged-bread"],
    "locations": {
      "vic": {
        "price": 7,
        "promoText": " ",
        "packageSize": "500g",
        "packagePrice": "$1.40 per 100G"
      }
    }
  },
  {
    "id": "helgas-olive-oil-herb",
    "brand": "Helga's",
    "name": "Olive Oil & Herb Bread",
    "imageUrl": "https://shop.coles.com.au/wcsstore/Coles-CAS/images/3/5/5/3558236-th.jpg",
    "categories": ["bread-bakery"],
    "tags": ["packaged-bread-bakery", "packaged-bread"],
    "locations": {
      "vic": {
        "price": 3.9,
        "promoText": " ",
        "packageSize": "650g",
        "packagePrice": "$0.60 per 100G"
      }
    }
  },
  {
    "id": "taylors-bread-wholemeal",
    "brand": "Taylor's",
    "name": "Wholemeal Bread",
    "imageUrl": "https://shop.coles.com.au/wcsstore/Coles-CAS/images/4/5/7/457301-th.jpg",
    "categories": ["bread-bakery"],
    "tags": ["packaged-bread-bakery", "packaged-bread"],
    "locations": {
      "vic": {
        "price": 5.85,
        "promoText": " ",
        "packageSize": "900g",
        "packagePrice": "$0.65 per 100G"
      }
    }
  },
  {
    "id": "tip-top-the-one-mixed-grains",
    "brand": "Tip Top",
    "name": "The One Kids Grains Bread",
    "imageUrl": "https://shop.coles.com.au/wcsstore/Coles-CAS/images/2/9/0/2901617-th.jpg",
    "categories": ["bread-bakery"],
    "tags": ["packaged-bread-bakery", "packaged-bread"],
    "locations": {
      "vic": {
        "price": 3.4,
        "promoText": " ",
        "packageSize": "700g",
        "packagePrice": "$0.49 per 100G"
      }
    }
  },
  {
    "id": "tip-top--sandwich-thins-lighty-seeded",
    "brand": "Tip Top",
    "name": "Sandwich Thins Lighty Seeded",
    "imageUrl": "https://shop.coles.com.au/wcsstore/Coles-CAS/images/2/9/1/2917071-th.jpg",
    "categories": ["bread-bakery"],
    "tags": ["packaged-bread-bakery", "packaged-bread"],
    "locations": {
      "vic": {
        "price": 3.5,
        "promoText": "Any 2 $5",
        "packageSize": "240g",
        "packagePrice": "$1.46 per 100G"
      }
    }
  },
  {
    "id": "coles-bagel-sesame-4-pack",
    "brand": "Coles",
    "name": "Sesame Seeds Bagels 4 Pack",
    "imageUrl": "https://shop.coles.com.au/wcsstore/Coles-CAS/images/3/3/6/3362970-th.jpg",
    "categories": ["bread-bakery"],
    "tags": ["packaged-bread-bakery", "packaged-bread"],
    "locations": {
      "vic": {
        "price": 3,
        "promoText": "Was $3.50 on Jan 2020 ",
        "packageSize": "360g",
        "packagePrice": "$0.83 per 100G"
      }
    }
  },
  {
    "id": "coles-soft-white-sandwich-3627328p",
    "brand": "Coles",
    "name": "Soft White Sandwich",
    "imageUrl": "https://shop.coles.com.au/wcsstore/ColesResponsiveStorefrontAssetStore/dist/ccfc54aed6e361b650bcf0582f7b576b/img/img_product-placeholder.png",
    "categories": ["bread-bakery"],
    "tags": ["packaged-bread-bakery", "packaged-bread"],
    "locations": {
      "vic": {
        "price": 1.6,
        "promoText": " ",
        "packageSize": "650g",
        "packagePrice": "$0.25 per 100G"
      }
    }
  },
  {
    "id": "country-life-bread-low-gi-gluten-free",
    "brand": "Country Life",
    "name": "Gluten Free Low GI Bread",
    "imageUrl": "https://shop.coles.com.au/wcsstore/Coles-CAS/images/9/9/7/9970731-th.jpg",
    "categories": ["bread-bakery"],
    "tags": ["packaged-bread-bakery", "packaged-bread"],
    "locations": {
      "vic": {
        "price": 6.7,
        "promoText": " ",
        "packageSize": "580g",
        "packagePrice": "$1.16 per 100G"
      }
    }
  },
  {
    "id": "helgas-continental-bakehouse-lower-carb-soy-toasted-sesame-bread-loaf",
    "brand": "Helga's",
    "name": "Low Carb Soy & Toasted Sesame Bread Loaf",
    "imageUrl": "https://shop.coles.com.au/wcsstore/Coles-CAS/images/1/8/4/1847425-th.jpg",
    "categories": ["bread-bakery"],
    "tags": ["packaged-bread-bakery", "packaged-bread"],
    "locations": {
      "vic": {
        "price": 4.2,
        "promoText": " ",
        "packageSize": "700g",
        "packagePrice": "$0.60 per 100G"
      }
    }
  },
  {
    "id": "helgas-gluten-freee-5-seed",
    "brand": "Helga's",
    "name": "Gluten Free 5 Seeds Bread",
    "imageUrl": "https://shop.coles.com.au/wcsstore/Coles-CAS/images/3/2/3/3237946-th.jpg",
    "categories": ["bread-bakery"],
    "tags": ["packaged-bread-bakery", "packaged-bread"],
    "locations": {
      "vic": {
        "price": 7,
        "promoText": " ",
        "packageSize": "500g",
        "packagePrice": "$1.40 per 100G"
      }
    }
  },
  {
    "id": "tip-top-sandwich-thins-original",
    "brand": "Tip Top",
    "name": "Original Thins Sandwich",
    "imageUrl": "https://shop.coles.com.au/wcsstore/Coles-CAS/images/2/9/1/2917050-th.jpg",
    "categories": ["bread-bakery"],
    "tags": ["packaged-bread-bakery", "packaged-bread"],
    "locations": {
      "vic": {
        "price": 3.5,
        "promoText": "Any 2 $5",
        "packageSize": "240g",
        "packagePrice": "$1.46 per 100G"
      }
    }
  },
  {
    "id": "tip-top-cafe-coconut-cranberry",
    "brand": "Tip Top Cafe",
    "name": "Coconut Cranberry",
    "imageUrl": "https://shop.coles.com.au/wcsstore/Coles-CAS/images/3/7/2/3726294-th.jpg",
    "categories": ["bread-bakery"],
    "tags": ["packaged-bread-bakery", "packaged-bread"],
    "locations": {
      "vic": {
        "price": 6,
        "promoText": " ",
        "packageSize": "500g",
        "packagePrice": "$1.20 per 100G"
      }
    }
  },
  {
    "id": "vitality-bakehouse-loaf-ryegrid-sourdough",
    "brand": "Vitality",
    "name": "Ryegrid Sourdough",
    "imageUrl": "https://shop.coles.com.au/wcsstore/ColesResponsiveStorefrontAssetStore/dist/ccfc54aed6e361b650bcf0582f7b576b/img/img_product-placeholder.png",
    "categories": ["bread-bakery"],
    "tags": ["packaged-bread-bakery", "packaged-bread"],
    "locations": {
      "vic": {
        "price": 5.5,
        "promoText": " ",
        "packageSize": "700g",
        "packagePrice": "$0.79 per 100G"
      }
    }
  },
  {
    "id": "helgas-gluten-free-mixed-grain",
    "brand": "Helga's",
    "name": "Gluten Free Mixed Grain Bread",
    "imageUrl": "https://shop.coles.com.au/wcsstore/Coles-CAS/images/3/2/3/3237968-th.jpg",
    "categories": ["bread-bakery"],
    "tags": ["packaged-bread-bakery", "packaged-bread"],
    "locations": {
      "vic": {
        "price": 7,
        "promoText": " ",
        "packageSize": "500g",
        "packagePrice": "$1.40 per 100G"
      }
    }
  },
  {
    "id": "tip-top-bread-9-grain-plus-pumpkin-seed",
    "brand": "Tip Top",
    "name": "9 Grain Bread Pumpkin Seeds",
    "imageUrl": "https://shop.coles.com.au/wcsstore/Coles-CAS/images/4/8/6/4865955-th.jpg",
    "categories": ["bread-bakery"],
    "tags": ["packaged-bread-bakery", "packaged-bread"],
    "locations": {
      "vic": {
        "price": 3.4,
        "promoText": " ",
        "packageSize": "700g",
        "packagePrice": "$0.49 per 100G"
      }
    }
  },
  {
    "id": "coles-greek-style-gyros-4-pack",
    "brand": "Coles",
    "name": "Gyros 4 Pack",
    "imageUrl": "https://shop.coles.com.au/wcsstore/Coles-CAS/images/3/6/2/3626857-th.jpg",
    "categories": ["bread-bakery"],
    "tags": ["packaged-bread-bakery", "packaged-bread"],
    "locations": {
      "vic": {
        "price": 2.7,
        "promoText": " ",
        "packageSize": "300g",
        "packagePrice": "$0.90 per 100G"
      }
    }
  },
  {
    "id": "soren-5-malt-lunchbox-loaf",
    "brand": "Soreen",
    "name": "5 Malt Lunchbox Loaf",
    "imageUrl": "https://shop.coles.com.au/wcsstore/Coles-CAS/images/3/7/3/3733493-th.jpg",
    "categories": ["bread-bakery"],
    "tags": ["packaged-bread-bakery", "packaged-bread"],
    "locations": {
      "vic": {
        "price": 5,
        "promoText": " ",
        "packageSize": "150g",
        "packagePrice": "$3.33 per 100G"
      }
    }
  },
  {
    "id": "soren-5-banana-lunchbox-loaf",
    "brand": "Soreen",
    "name": "5 Banana Lunchbox Loaf",
    "imageUrl": "https://shop.coles.com.au/wcsstore/Coles-CAS/images/3/7/3/3733507-th.jpg",
    "categories": ["bread-bakery"],
    "tags": ["packaged-bread-bakery", "packaged-bread"],
    "locations": {
      "vic": {
        "price": 5,
        "promoText": " ",
        "packageSize": "150g",
        "packagePrice": "$3.33 per 100G"
      }
    }
  },
  {
    "id": "vitality-bakehouse-loaf-wholemeal-spelt-chia",
    "brand": "Vitality",
    "name": "Spelt Wholemeal Chia",
    "imageUrl": "https://shop.coles.com.au/wcsstore/ColesResponsiveStorefrontAssetStore/dist/ccfc54aed6e361b650bcf0582f7b576b/img/img_product-placeholder.png",
    "categories": ["bread-bakery"],
    "tags": ["packaged-bread-bakery", "packaged-bread"],
    "locations": {
      "vic": {
        "price": 7,
        "promoText": " ",
        "packageSize": "580g",
        "packagePrice": "$1.21 per 100G"
      }
    }
  },
  {
    "id": "coles-blank-choc-mud-cake",
    "brand": "Coles",
    "name": "Make at Home Chocolate Mud Cake",
    "imageUrl": "https://shop.coles.com.au/wcsstore/Coles-CAS/images/3/4/5/3454503-th.jpg",
    "categories": ["bread-bakery"],
    "tags": ["packaged-bread-bakery", "cakes"],
    "locations": {
      "vic": {
        "price": 4,
        "promoText": " ",
        "packageSize": "540g",
        "packagePrice": "$0.74 per 100G"
      }
    }
  },
  {
    "id": "coles-bakery-cake-madeira",
    "brand": "Coles Bakery",
    "name": "Madeira Cake",
    "imageUrl": "https://shop.coles.com.au/wcsstore/Coles-CAS/images/5/0/5/5057311-th.jpg",
    "categories": ["bread-bakery"],
    "tags": ["packaged-bread-bakery", "cakes"],
    "locations": {
      "vic": {
        "price": 2.5,
        "promoText": " ",
        "packageSize": "450g",
        "packagePrice": "$0.56 per 100G"
      }
    }
  },
  {
    "id": "coles-banana-slice",
    "brand": "Coles",
    "name": "Banana Bread Slices 5 pack",
    "imageUrl": "https://shop.coles.com.au/wcsstore/Coles-CAS/images/2/9/1/2915724-th.jpg",
    "categories": ["bread-bakery"],
    "tags": ["packaged-bread-bakery", "cakes"],
    "locations": {
      "vic": {
        "price": 5,
        "promoText": " ",
        "packageSize": "500g",
        "packagePrice": "$1.00 per 100G"
      }
    }
  },
  {
    "id": "mr-kipling-french-fancies-9pk",
    "brand": "Mr Kipling",
    "name": "French Fancies Selection Cakes 8 Pack",
    "imageUrl": "https://shop.coles.com.au/wcsstore/Coles-CAS/images/3/2/1/3217654-th.jpg",
    "categories": ["bread-bakery"],
    "tags": ["packaged-bread-bakery", "cakes"],
    "locations": {
      "vic": {
        "price": 5,
        "promoText": " ",
        "packageSize": "205g",
        "packagePrice": "$2.44 per 100G"
      }
    }
  },
  {
    "id": "coles-banana-bread",
    "brand": "Coles",
    "name": "Banana Bread",
    "imageUrl": "https://shop.coles.com.au/wcsstore/Coles-CAS/images/9/1/2/9120090-th.jpg",
    "categories": ["bread-bakery"],
    "tags": ["packaged-bread-bakery", "cakes"],
    "locations": {
      "vic": {
        "price": 4.2,
        "promoText": " ",
        "packageSize": "550g",
        "packagePrice": "$0.76 per 100G"
      }
    }
  },
  {
    "id": "coles-slices-lemon",
    "brand": "Coles",
    "name": "Lemon Slice",
    "imageUrl": "https://shop.coles.com.au/wcsstore/Coles-CAS/images/1/3/8/1387165-th.jpg",
    "categories": ["bread-bakery"],
    "tags": ["packaged-bread-bakery", "cakes"],
    "locations": {
      "vic": {
        "price": 4,
        "promoText": " ",
        "packageSize": "175g",
        "packagePrice": "$2.29 per 100G"
      }
    }
  },
  {
    "id": "wlc-chocolate-brownie-4pk",
    "brand": "We Love Cake",
    "name": "Chocolate Brownies 4 Pack",
    "imageUrl": "https://shop.coles.com.au/wcsstore/Coles-CAS/images/3/5/0/3509933-th.jpg",
    "categories": ["bread-bakery"],
    "tags": ["packaged-bread-bakery", "cakes"],
    "locations": {
      "vic": {
        "price": 5.5,
        "promoText": " ",
        "packageSize": "150g",
        "packagePrice": "$3.67 per 100G"
      }
    }
  },
  {
    "id": "cadbury-mini-rolls-raspberry-5pk",
    "brand": "Cadbury",
    "name": "Raspberry Mini Rolls 5 pack",
    "imageUrl": "https://shop.coles.com.au/wcsstore/Coles-CAS/images/2/8/4/2847726-th.jpg",
    "categories": ["bread-bakery"],
    "tags": ["packaged-bread-bakery", "cakes"],
    "locations": {
      "vic": {
        "price": 1.87,
        "promoText": "$1.88 ",
        "packageSize": "130g",
        "packagePrice": "$1.44 per 100G"
      }
    }
  },
  {
    "id": "coles-chocolate-mud-cake-slices",
    "brand": "Coles",
    "name": "Chocolate Mud Cake Slices 5 pack",
    "imageUrl": "https://shop.coles.com.au/wcsstore/Coles-CAS/images/3/0/0/3003661-th.jpg",
    "categories": ["bread-bakery"],
    "tags": ["packaged-bread-bakery", "cakes"],
    "locations": {
      "vic": {
        "price": 5,
        "promoText": " ",
        "packageSize": "500g",
        "packagePrice": "$1.00 per 100G"
      }
    }
  },
  {
    "id": "coles-gluten-free-blueberry-muffin-2pk",
    "brand": "Coles",
    "name": "Gluten Free Blueberry Muffin 2 Pack",
    "imageUrl": "https://shop.coles.com.au/wcsstore/Coles-CAS/images/3/2/4/3245037-th.jpg",
    "categories": ["bread-bakery"],
    "tags": ["packaged-bread-bakery", "cakes"],
    "locations": {
      "vic": {
        "price": 3.5,
        "promoText": " ",
        "packageSize": "130g",
        "packagePrice": "$2.69 per 100G"
      }
    }
  },
  {
    "id": "bells-whistles-berry-cashew-cake-slices",
    "brand": "Bells & Whistles",
    "name": "Berry & Cashew Cake Slices 4 pack",
    "imageUrl": "https://shop.coles.com.au/wcsstore/Coles-CAS/images/3/6/3/3637423-th.jpg",
    "categories": ["bread-bakery"],
    "tags": ["packaged-bread-bakery", "cakes"],
    "locations": {
      "vic": {
        "price": 2,
        "promoText": "$1.00 ",
        "packageSize": "76g",
        "packagePrice": "$2.63 per 100G"
      }
    }
  },
  {
    "id": "coles-cherry-slices",
    "brand": "Coles",
    "name": "Choc Cherry Slices 5 pack",
    "imageUrl": "https://shop.coles.com.au/wcsstore/Coles-CAS/images/3/1/3/3137180-th.jpg",
    "categories": ["bread-bakery"],
    "tags": ["packaged-bread-bakery", "cakes"],
    "locations": {
      "vic": {
        "price": 4,
        "promoText": " ",
        "packageSize": "175g",
        "packagePrice": "$2.29 per 100G"
      }
    }
  },
  {
    "id": "coles-mini-bites-yoghurt-granola",
    "brand": "Coles",
    "name": "Mini Bites Yoghurt & Granola",
    "imageUrl": "https://shop.coles.com.au/wcsstore/Coles-CAS/images/3/7/3/3731206-th.jpg",
    "categories": ["bread-bakery"],
    "tags": ["packaged-bread-bakery", "cakes"],
    "locations": {
      "vic": {
        "price": 4.5,
        "promoText": " ",
        "packageSize": "155g",
        "packagePrice": "$2.90 per 100G"
      }
    }
  },
  {
    "id": "balconi-cakes-mix-max-10pk",
    "brand": "Balconi",
    "name": "Mix Max Cocoa Cakes 10 pack",
    "imageUrl": "https://shop.coles.com.au/wcsstore/Coles-CAS/images/5/0/8/5088122-th.jpg",
    "categories": ["bread-bakery"],
    "tags": ["packaged-bread-bakery", "cakes"],
    "locations": {
      "vic": {
        "price": 5.5,
        "promoText": " ",
        "packageSize": "350g",
        "packagePrice": "$1.57 per 100G"
      }
    }
  },
  {
    "id": "coles-banana-choc-chip-bread-slices-5pk",
    "brand": "Coles",
    "name": "Choc Chip Banana Bread Slices 5 Pack",
    "imageUrl": "https://shop.coles.com.au/wcsstore/Coles-CAS/images/3/6/3/3633681-th.jpg",
    "categories": ["bread-bakery"],
    "tags": ["packaged-bread-bakery", "cakes"],
    "locations": {
      "vic": {
        "price": 5,
        "promoText": " ",
        "packageSize": "500g",
        "packagePrice": "$1.00 per 100G"
      }
    }
  },
  {
    "id": "coles-bakery-snow-drops",
    "brand": "Coles Bakery",
    "name": "Snow Drops 8 Pack",
    "imageUrl": "https://shop.coles.com.au/wcsstore/Coles-CAS/images/5/5/4/5541530-th.jpg",
    "categories": ["bread-bakery"],
    "tags": ["packaged-bread-bakery", "cakes"],
    "locations": {
      "vic": {
        "price": 2.5,
        "promoText": " ",
        "packageSize": "200g",
        "packagePrice": "$1.25 per 100G"
      }
    }
  },
  {
    "id": "bells-whistles-nut-truffle-cake-slices",
    "brand": "Bells & Whistles",
    "name": "Nut Truffle Cake Slices 4 pack",
    "imageUrl": "https://shop.coles.com.au/wcsstore/Coles-CAS/images/3/6/3/3637445-th.jpg",
    "categories": ["bread-bakery"],
    "tags": ["packaged-bread-bakery", "cakes"],
    "locations": {
      "vic": {
        "price": 2,
        "promoText": "$1.00 ",
        "packageSize": "80g",
        "packagePrice": "$2.50 per 100G"
      }
    }
  },
  {
    "id": "cadbury-caramel-slice-6pk",
    "brand": "Cadbury",
    "name": "Caramel Slice 6pack",
    "imageUrl": "https://shop.coles.com.au/wcsstore/Coles-CAS/images/3/7/3/3731283-th.jpg",
    "categories": ["bread-bakery"],
    "tags": ["packaged-bread-bakery", "cakes"],
    "locations": {
      "vic": {
        "price": 5,
        "promoText": " ",
        "packageSize": "145g",
        "packagePrice": "$3.45 per 100G"
      }
    }
  },
  {
    "id": "coles-blueberry-slice-5pk",
    "brand": "Coles",
    "name": "Blueberry Loaf Slices 5 pack",
    "imageUrl": "https://shop.coles.com.au/wcsstore/Coles-CAS/images/3/2/3/3235408-th.jpg",
    "categories": ["bread-bakery"],
    "tags": ["packaged-bread-bakery", "cakes"],
    "locations": {
      "vic": {
        "price": 5,
        "promoText": " ",
        "packageSize": "500g",
        "packagePrice": "$1.00 per 100G"
      }
    }
  },
  {
    "id": "coles-blank-white-mud-cake",
    "brand": "Coles",
    "name": "Make at Home White Mud Cake",
    "imageUrl": "https://shop.coles.com.au/wcsstore/Coles-CAS/images/3/4/5/3454514-th.jpg",
    "categories": ["bread-bakery"],
    "tags": ["packaged-bread-bakery", "cakes"],
    "locations": {
      "vic": {
        "price": 4,
        "promoText": " ",
        "packageSize": "540g",
        "packagePrice": "$0.74 per 100G"
      }
    }
  },
  {
    "id": "coles-gluten-free-chocolate-chip-cookie-4pk",
    "brand": "Coles",
    "name": "I?M Free From Choc Chip Cookie 4 Pack",
    "imageUrl": "https://shop.coles.com.au/wcsstore/Coles-CAS/images/3/4/7/3474985-th.jpg",
    "categories": ["bread-bakery"],
    "tags": ["packaged-bread-bakery", "cakes"],
    "locations": {
      "vic": {
        "price": 4,
        "promoText": " ",
        "packageSize": "180g",
        "packagePrice": "$2.22 per 100G"
      }
    }
  },
  {
    "id": "coles-mini-bites-choc-caramel",
    "brand": "Coles",
    "name": "Mini Bites Chocolate Caramel",
    "imageUrl": "https://shop.coles.com.au/wcsstore/Coles-CAS/images/3/7/3/3731228-th.jpg",
    "categories": ["bread-bakery"],
    "tags": ["packaged-bread-bakery", "cakes"],
    "locations": {
      "vic": {
        "price": 4.5,
        "promoText": " ",
        "packageSize": "180g",
        "packagePrice": "$2.50 per 100G"
      }
    }
  },
  {
    "id": "coles-mini-bites-choc-sponge-roll",
    "brand": "Coles",
    "name": "Mini Bites Chocolate Sponge Roll",
    "imageUrl": "https://shop.coles.com.au/wcsstore/Coles-CAS/images/3/7/3/3731181-th.jpg",
    "categories": ["bread-bakery"],
    "tags": ["packaged-bread-bakery", "cakes"],
    "locations": {
      "vic": {
        "price": 4.5,
        "promoText": " ",
        "packageSize": "200g",
        "packagePrice": "$2.25 per 100G"
      }
    }
  },
  {
    "id": "mr-kipling-cherry-bakewells-1777410p",
    "brand": "Mr Kipling",
    "name": "Cherry & Almond Bakewells Tarts 6 pack",
    "imageUrl": "https://shop.coles.com.au/wcsstore/Coles-CAS/images/1/7/7/1777410-th.jpg",
    "categories": ["bread-bakery"],
    "tags": ["packaged-bread-bakery", "cakes"],
    "locations": {
      "vic": {
        "price": 4,
        "promoText": " ",
        "packageSize": "250g",
        "packagePrice": "$16.00 per 1Kg"
      }
    }
  },
  {
    "id": "mr-kipling-salted-caramel-slices-6pk",
    "brand": "Mr Kipling",
    "name": "Salted Caramel Slices 6 pack",
    "imageUrl": "https://shop.coles.com.au/wcsstore/Coles-CAS/images/3/7/4/3745040-th.jpg",
    "categories": ["bread-bakery"],
    "tags": ["packaged-bread-bakery", "cakes"],
    "locations": {
      "vic": {
        "price": 5,
        "promoText": " ",
        "packageSize": "175g",
        "packagePrice": "$2.86 per 100G"
      }
    }
  },
  {
    "id": "wlc-berry-coconut-slice",
    "brand": "WLC",
    "name": "Berry & Coconut Slice",
    "imageUrl": "https://shop.coles.com.au/wcsstore/Coles-CAS/images/3/7/3/3731330-th.jpg",
    "categories": ["bread-bakery"],
    "tags": ["packaged-bread-bakery", "cakes"],
    "locations": {
      "vic": {
        "price": 5.5,
        "promoText": " ",
        "packageSize": "175g",
        "packagePrice": "$3.14 per 100G"
      }
    }
  },
  {
    "id": "coles-funfetti-tea-cake",
    "brand": "Coles",
    "name": "Funfetti Tea Cake",
    "imageUrl": "https://shop.coles.com.au/wcsstore/ColesResponsiveStorefrontAssetStore/dist/ccfc54aed6e361b650bcf0582f7b576b/img/img_product-placeholder.png",
    "categories": ["bread-bakery"],
    "tags": ["packaged-bread-bakery", "cokies-biscuits"],
    "locations": {
      "vic": {
        "price": 4,
        "promoText": " ",
        "packageSize": "300g",
        "packagePrice": "$1.33 per 100G"
      }
    }
  },
  {
    "id": "genius-crumpets-gluten-free",
    "brand": "Genius",
    "name": "Gluten Free Crumpets",
    "imageUrl": "https://shop.coles.com.au/wcsstore/Coles-CAS/images/3/2/4/3241160-th.jpg",
    "categories": ["bread-bakery"],
    "tags": ["packaged-bread-bakery", "crumpets-pancakes"],
    "locations": {
      "vic": {
        "price": 6,
        "promoText": " ",
        "packageSize": "4 pack",
        "packagePrice": "$1.50 per 1Ea"
      }
    }
  },
  {
    "id": "tip-top-english-muffins-original",
    "brand": "Tip Top",
    "name": "Original English Muffins 6 Pack",
    "imageUrl": "https://shop.coles.com.au/wcsstore/Coles-CAS/images/3/3/2/332394-th.jpg",
    "categories": ["bread-bakery"],
    "tags": ["packaged-bread-bakery", "crumpets-pancakes"],
    "locations": {
      "vic": {
        "price": 2.5,
        "promoText": "$2.50 ",
        "packageSize": "400g",
        "packagePrice": "$0.63 per 100G"
      }
    }
  },
  {
    "id": "tip-top-english-muffins-spicy-fruit",
    "brand": "Tip Top",
    "name": "Spicy Fruit English Muffins",
    "imageUrl": "https://shop.coles.com.au/wcsstore/Coles-CAS/images/9/7/9/9795915-th.jpg",
    "categories": ["bread-bakery"],
    "tags": ["packaged-bread-bakery", "crumpets-pancakes"],
    "locations": {
      "vic": {
        "price": 2.5,
        "promoText": "$2.50 ",
        "packageSize": "6 pack",
        "packagePrice": "$0.42 per 1Ea"
      }
    }
  },
  {
    "id": "golden-crumpets-wholemeal-rounds",
    "brand": "Golden",
    "name": "Wholemeal Crumpets 6 Pack",
    "imageUrl": "https://shop.coles.com.au/wcsstore/Coles-CAS/images/2/9/2/292223-th.jpg",
    "categories": ["bread-bakery"],
    "tags": ["packaged-bread-bakery", "crumpets-pancakes"],
    "locations": {
      "vic": {
        "price": 3.7,
        "promoText": "Any 2 $4",
        "packageSize": "300g",
        "packagePrice": "$1.23 per 100G"
      }
    }
  },
  {
    "id": "golden-crumpets-rounds",
    "brand": "Golden",
    "name": "Round Crumpets",
    "imageUrl": "https://shop.coles.com.au/wcsstore/Coles-CAS/images/3/3/2/332383-th.jpg",
    "categories": ["bread-bakery"],
    "tags": ["packaged-bread-bakery", "crumpets-pancakes"],
    "locations": {
      "vic": {
        "price": 3.7,
        "promoText": "Any 2 $4",
        "packageSize": "6 pack",
        "packagePrice": "$0.62 per 1Ea"
      }
    }
  },
  {
    "id": "tip-top-english-muffins-wholemeal",
    "brand": "Tip Top",
    "name": "Wholemeal English Muffins 6 Pack",
    "imageUrl": "https://shop.coles.com.au/wcsstore/Coles-CAS/images/5/1/3/5137320-th.jpg",
    "categories": ["bread-bakery"],
    "tags": ["packaged-bread-bakery", "crumpets-pancakes"],
    "locations": {
      "vic": {
        "price": 2.5,
        "promoText": "$2.50 ",
        "packageSize": "400g",
        "packagePrice": "$0.63 per 100G"
      }
    }
  },
  {
    "id": "coles-muffins-english-6-pack",
    "brand": "Coles",
    "name": "English Muffins 6 pack",
    "imageUrl": "https://shop.coles.com.au/wcsstore/Coles-CAS/images/4/7/2/4723134-th.jpg",
    "categories": ["bread-bakery"],
    "tags": ["packaged-bread-bakery", "crumpets-pancakes"],
    "locations": {
      "vic": {
        "price": 2.1,
        "promoText": " ",
        "packageSize": "400g",
        "packagePrice": "$0.53 per 100G"
      }
    }
  },
  {
    "id": "golden-crumpet-breaks",
    "brand": "Golden",
    "name": "Crumpet Square 6 pack",
    "imageUrl": "https://shop.coles.com.au/wcsstore/Coles-CAS/images/6/0/3/6034275-th.jpg",
    "categories": ["bread-bakery"],
    "tags": ["packaged-bread-bakery", "crumpets-pancakes"],
    "locations": {
      "vic": {
        "price": 2.1,
        "promoText": "$2.10 ",
        "packageSize": "425g",
        "packagePrice": "$0.35 per 1Ea"
      }
    }
  },
  {
    "id": "tip-top-english-muffins-multigrain",
    "brand": "Tip Top",
    "name": "Multigrain English Muffins 6 Pack",
    "imageUrl": "https://shop.coles.com.au/wcsstore/Coles-CAS/images/2/9/3/293099-th.jpg",
    "categories": ["bread-bakery"],
    "tags": ["packaged-bread-bakery", "crumpets-pancakes"],
    "locations": {
      "vic": {
        "price": 2.5,
        "promoText": "$2.50 ",
        "packageSize": "400g",
        "packagePrice": "$0.63 per 100G"
      }
    }
  },
  {
    "id": "toscano-waffles-traditional-butter-4-pack",
    "brand": "Toscano",
    "name": "Traditional Butter Waffles 4 pack",
    "imageUrl": "https://shop.coles.com.au/wcsstore/Coles-CAS/images/8/9/9/8995056-th.jpg",
    "categories": ["bread-bakery"],
    "tags": ["packaged-bread-bakery", "crumpets-pancakes"],
    "locations": {
      "vic": {
        "price": 4.2,
        "promoText": "$1.30 ",
        "packageSize": "360g",
        "packagePrice": "$1.17 per 100G"
      }
    }
  },
  {
    "id": "coles-pikelets-8pk",
    "brand": "Coles",
    "name": "Pikelets 8 Pack",
    "imageUrl": "https://shop.coles.com.au/wcsstore/Coles-CAS/images/3/5/1/3517750-th.jpg",
    "categories": ["bread-bakery"],
    "tags": ["packaged-bread-bakery", "crumpets-pancakes"],
    "locations": {
      "vic": {
        "price": 3,
        "promoText": " ",
        "packageSize": "200g",
        "packagePrice": "$1.50 per 100G"
      }
    }
  },
  {
    "id": "golden-crumpet-toast",
    "brand": "Tip Top",
    "name": "Golden Crumpet Toast",
    "imageUrl": "https://shop.coles.com.au/wcsstore/Coles-CAS/images/3/7/3/3738635-th.jpg",
    "categories": ["bread-bakery"],
    "tags": ["packaged-bread-bakery", "crumpets-pancakes"],
    "locations": {
      "vic": {
        "price": 5,
        "promoText": " ",
        "packageSize": "700g",
        "packagePrice": "$0.71 per 100G"
      }
    }
  },
  {
    "id": "capilano-honey-premium-blend-up-side-down",
    "brand": "Capilano",
    "name": "Pure Honey Squeeze",
    "imageUrl": "https://shop.coles.com.au/wcsstore/Coles-CAS/images/9/2/4/9247578-th.jpg",
    "categories": ["bread-bakery"],
    "tags": ["packaged-bread-bakery", "crumpets-pancakes"],
    "locations": {
      "vic": {
        "price": 8.6,
        "promoText": " ",
        "packageSize": "500g",
        "packagePrice": "$1.72 per 100G"
      }
    }
  },
  {
    "id": "golden-waffles-light-buttery-3190092p",
    "brand": "Golden",
    "name": "Light & Buttery Waffles 8 pack",
    "imageUrl": "https://shop.coles.com.au/wcsstore/Coles-CAS/images/3/1/9/3190092-th.jpg",
    "categories": ["bread-bakery"],
    "tags": ["packaged-bread-bakery", "crumpets-pancakes"],
    "locations": {
      "vic": {
        "price": 5,
        "promoText": " ",
        "packageSize": "220g",
        "packagePrice": "$2.27 per 100G"
      }
    }
  },
  {
    "id": "coles-crumpets-6-pack",
    "brand": "Coles",
    "name": "Round Crumpets 6 pack",
    "imageUrl": "https://shop.coles.com.au/wcsstore/Coles-CAS/images/4/7/2/4723270-th.jpg",
    "categories": ["bread-bakery"],
    "tags": ["packaged-bread-bakery", "crumpets-pancakes"],
    "locations": {
      "vic": {
        "price": 1.35,
        "promoText": " ",
        "packageSize": "300g",
        "packagePrice": "$0.45 per 100G"
      }
    }
  },
  {
    "id": "golden-pancakes-6-pack",
    "brand": "Golden",
    "name": "Pancakes 6 Pack",
    "imageUrl": "https://shop.coles.com.au/wcsstore/Coles-CAS/images/6/0/5/6051649-th.jpg",
    "categories": ["bread-bakery"],
    "tags": ["packaged-bread-bakery", "crumpets-pancakes"],
    "locations": {
      "vic": {
        "price": 5,
        "promoText": " ",
        "packageSize": "360g",
        "packagePrice": "$1.39 per 100G"
      }
    }
  },
  {
    "id": "golden-pikelets",
    "brand": "Golden",
    "name": "Pikelets 8 Pack",
    "imageUrl": "https://shop.coles.com.au/wcsstore/Coles-CAS/images/5/4/0/54000-th.jpg",
    "categories": ["bread-bakery"],
    "tags": ["packaged-bread-bakery", "crumpets-pancakes"],
    "locations": {
      "vic": {
        "price": 2.5,
        "promoText": "$1.49 ",
        "packageSize": "200g",
        "packagePrice": "$1.25 per 100G"
      }
    }
  },
  {
    "id": "coles-unicorn-crumpets-4pk",
    "brand": "Coles",
    "name": "Unicorn Crumpets",
    "imageUrl": "https://shop.coles.com.au/wcsstore/Coles-CAS/images/3/7/2/3722362-th.jpg",
    "categories": ["bread-bakery"],
    "tags": ["packaged-bread-bakery", "crumpets-pancakes"],
    "locations": {
      "vic": {
        "price": 4,
        "promoText": " ",
        "packageSize": "4 pack",
        "packagePrice": "$1.00 per 1Ea"
      }
    }
  },
  {
    "id": "waffulls-waffles-salted-caramel-4pk",
    "brand": "Waffulls",
    "name": "Waffles Salted Caramel 4 Pack",
    "imageUrl": "https://shop.coles.com.au/wcsstore/Coles-CAS/images/3/7/4/3740659-th.jpg",
    "categories": ["bread-bakery"],
    "tags": ["packaged-bread-bakery", "crumpets-pancakes"],
    "locations": {
      "vic": {
        "price": 4,
        "promoText": "$1.00 ",
        "packageSize": "200g",
        "packagePrice": "$2.00 per 100G"
      }
    }
  },
  {
    "id": "waffulls-waffles-choco-hazelnut-4pk",
    "brand": "Waffulls",
    "name": "Waffles Choco Hazelnut 4 Pack",
    "imageUrl": "https://shop.coles.com.au/wcsstore/Coles-CAS/images/3/7/4/3740637-th.jpg",
    "categories": ["bread-bakery"],
    "tags": ["packaged-bread-bakery", "crumpets-pancakes"],
    "locations": {
      "vic": {
        "price": 4,
        "promoText": "$1.00 ",
        "packageSize": "200g",
        "packagePrice": "$2.00 per 100G"
      }
    }
  },
  {
    "id": "golden-waffles-fluffy-delicious-3190117p",
    "brand": "Golden",
    "name": "Fluffy & Delicious Waffles 5 pack",
    "imageUrl": "https://shop.coles.com.au/wcsstore/Coles-CAS/images/3/1/9/3190117-th.jpg",
    "categories": ["bread-bakery"],
    "tags": ["packaged-bread-bakery", "crumpets-pancakes"],
    "locations": {
      "vic": {
        "price": 5,
        "promoText": " ",
        "packageSize": "275g",
        "packagePrice": "$1.82 per 100G"
      }
    }
  },
  {
    "id": "coles-banana-muffin-bars-10pk",
    "brand": "Coles",
    "name": "Banana Muffin Bars 10 Pack",
    "imageUrl": "https://shop.coles.com.au/wcsstore/Coles-CAS/images/3/5/0/3501818-th.jpg",
    "categories": ["bread-bakery"],
    "tags": ["packaged-bread-bakery", "muffins-cupcakes"],
    "locations": {
      "vic": {
        "price": 5,
        "promoText": " ",
        "packageSize": "420g",
        "packagePrice": "$1.19 per 100G"
      }
    }
  },
  {
    "id": "coles-choc-chip-muffin-bars-10pk",
    "brand": "Coles",
    "name": "Chocolate Chip Muffin 10 Bars",
    "imageUrl": "https://shop.coles.com.au/wcsstore/Coles-CAS/images/3/5/0/3501829-th.jpg",
    "categories": ["bread-bakery"],
    "tags": ["packaged-bread-bakery", "muffins-cupcakes"],
    "locations": {
      "vic": {
        "price": 5,
        "promoText": " ",
        "packageSize": "420g",
        "packagePrice": "$1.19 per 100G"
      }
    }
  },
  {
    "id": "coles-tart-shells",
    "brand": "Coles",
    "name": "Tart Shells",
    "imageUrl": "https://shop.coles.com.au/wcsstore/Coles-CAS/images/1/8/5/1855456-th.jpg",
    "categories": ["bread-bakery"],
    "tags": ["packaged-bread-bakery", "desserts-pastries"],
    "locations": {
      "vic": {
        "price": 3.5,
        "promoText": " ",
        "packageSize": "6 pack",
        "packagePrice": "$0.58 per 1Ea"
      }
    }
  },
  {
    "id": "coles-vol-au-vent-4pk",
    "brand": "Coles",
    "name": "Vol Au Vent 4 Pack",
    "imageUrl": "https://shop.coles.com.au/wcsstore/Coles-CAS/images/3/6/7/3673664-th.jpg",
    "categories": ["bread-bakery"],
    "tags": ["packaged-bread-bakery", "desserts-pastries"],
    "locations": {
      "vic": {
        "price": 4.5,
        "promoText": " ",
        "packageSize": "108g",
        "packagePrice": "$4.17 per 100G"
      }
    }
  },
  {
    "id": "mr-kipling-mini-pies-apple-cinnamon-6pk",
    "brand": "Mr Kipling",
    "name": "Apple & Cinnamon  Mini Pies 6 pack",
    "imageUrl": "https://shop.coles.com.au/wcsstore/Coles-CAS/images/3/4/7/3475514-th.jpg",
    "categories": ["bread-bakery"],
    "tags": ["packaged-bread-bakery", "desserts-pastries"],
    "locations": {
      "vic": {
        "price": 0,
        "promoText": " ",
        "packageSize": "315g",
        "packagePrice": ""
      }
    }
  },
  {
    "id": "coles-simply-gluten-free-pizza-bases",
    "brand": "Coles",
    "name": "Gluten Free Pizza Bases 2 pack",
    "imageUrl": "https://shop.coles.com.au/wcsstore/Coles-CAS/images/1/5/9/1595548-th.jpg",
    "categories": ["bread-bakery"],
    "tags": ["packaged-bread-bakery", "pizza-bases"],
    "locations": {
      "vic": {
        "price": 5.5,
        "promoText": " ",
        "packageSize": "300g",
        "packagePrice": "$1.83 per 100G"
      }
    }
  },
  {
    "id": "tip-top-burger-thins",
    "brand": "Tip Top",
    "name": "Burger Thins",
    "imageUrl": "https://shop.coles.com.au/wcsstore/Coles-CAS/images/3/6/1/3612706-th.jpg",
    "categories": ["bread-bakery"],
    "tags": ["packaged-bread-bakery", "pizza-bases"],
    "locations": {
      "vic": {
        "price": 3.5,
        "promoText": "Any 2 $5",
        "packageSize": "200g",
        "packagePrice": "$1.75 per 100G"
      }
    }
  },
  {
    "id": "genius-2-pack-brioche-burger-buns",
    "brand": "Genius",
    "name": "Gluten Free Soft Brioche Rolls",
    "imageUrl": "https://shop.coles.com.au/wcsstore/Coles-CAS/images/3/2/3/3237582-th.jpg",
    "categories": ["bread-bakery"],
    "tags": ["packaged-bread-bakery", "rolls-bagels"],
    "locations": {
      "vic": {
        "price": 3.5,
        "promoText": " ",
        "packageSize": "2 pack",
        "packagePrice": "$1.75 per 1Ea"
      }
    }
  },
  {
    "id": "genius-white-rolls-2-pack-",
    "brand": "Genius",
    "name": "Gluten Free Soft White Rolls",
    "imageUrl": "https://shop.coles.com.au/wcsstore/Coles-CAS/images/3/2/3/3237571-th.jpg",
    "categories": ["bread-bakery"],
    "tags": ["packaged-bread-bakery", "rolls-bagels"],
    "locations": {
      "vic": {
        "price": 3.5,
        "promoText": " ",
        "packageSize": "2 pack",
        "packagePrice": "$1.75 per 1Ea"
      }
    }
  },
  {
    "id": "coles-turkish-rolls-4pk",
    "brand": "Coles",
    "name": "Turkish Rolls 4 pack",
    "imageUrl": "https://shop.coles.com.au/wcsstore/Coles-CAS/images/3/7/8/3783709-th.jpg",
    "categories": ["bread-bakery"],
    "tags": ["packaged-bread-bakery", "rolls-bagels"],
    "locations": {
      "vic": {
        "price": 2.7,
        "promoText": " ",
        "packageSize": "400g",
        "packagePrice": "$0.68 per 100G"
      }
    }
  },
  {
    "id": "coles-rolls-white-round",
    "brand": "Coles",
    "name": "White Round Rolls",
    "imageUrl": "https://shop.coles.com.au/wcsstore/Coles-CAS/images/5/6/9/5697903-th.jpg",
    "categories": ["bread-bakery"],
    "tags": ["packaged-bread-bakery", "rolls-bagels"],
    "locations": {
      "vic": {
        "price": 3.5,
        "promoText": " ",
        "packageSize": "6 pack",
        "packagePrice": "$0.58 per 1Ea"
      }
    }
  },
  {
    "id": "coles-brioche-burger-bun-charcoal-2pk",
    "brand": "Coles Finest",
    "name": "By Laurent Charcoal Brioche Burger Buns",
    "imageUrl": "https://shop.coles.com.au/wcsstore/Coles-CAS/images/3/0/9/3092286-th.jpg",
    "categories": ["bread-bakery"],
    "tags": ["packaged-bread-bakery", "rolls-bagels"],
    "locations": {
      "vic": {
        "price": 2.7,
        "promoText": " ",
        "packageSize": "2 Pack",
        "packagePrice": "$1.35 per 1Ea"
      }
    }
  },
  {
    "id": "abes-bagels-sesame-seed",
    "brand": "Abe's Bagels",
    "name": "Sesame Seed Bagels 4 Pack",
    "imageUrl": "https://shop.coles.com.au/wcsstore/Coles-CAS/images/2/9/0/2901989-th.jpg",
    "categories": ["bread-bakery"],
    "tags": ["packaged-bread-bakery", "rolls-bagels"],
    "locations": {
      "vic": {
        "price": 5,
        "promoText": " ",
        "packageSize": "360g",
        "packagePrice": "$1.39 per 100G"
      }
    }
  },
  {
    "id": "coles-brioche-burger-bun-plain-seeded",
    "brand": "Coles Finest",
    "name": "By Laurent Traditional Brioche Burger Buns",
    "imageUrl": "https://shop.coles.com.au/wcsstore/Coles-CAS/images/3/3/2/3326161-th.jpg",
    "categories": ["bread-bakery"],
    "tags": ["packaged-bread-bakery", "rolls-bagels"],
    "locations": {
      "vic": {
        "price": 2.7,
        "promoText": " ",
        "packageSize": "2 pack",
        "packagePrice": "$1.35 per 1Ea"
      }
    }
  },
  {
    "id": "abes-everything-bagel-4pk",
    "brand": "Abe's Bagels",
    "name": "4 Pack",
    "imageUrl": "https://shop.coles.com.au/wcsstore/Coles-CAS/images/3/5/7/3576828-th.jpg",
    "categories": ["bread-bakery"],
    "tags": ["packaged-bread-bakery", "rolls-bagels"],
    "locations": {
      "vic": {
        "price": 5,
        "promoText": " ",
        "packageSize": "360g",
        "packagePrice": "$1.39 per 100G"
      }
    }
  },
  {
    "id": "coles-rolls-dinner-multigrain",
    "brand": "Coles",
    "name": "Multigrain Dinner Rolls 260g",
    "imageUrl": "https://shop.coles.com.au/wcsstore/Coles-CAS/images/1/5/9/1597124-th.jpg",
    "categories": ["bread-bakery"],
    "tags": ["packaged-bread-bakery", "rolls-bagels"],
    "locations": {
      "vic": {
        "price": 2,
        "promoText": "Was $2.25 on Feb 2020 ",
        "packageSize": "6 pack",
        "packagePrice": "$0.33 per 1Ea"
      }
    }
  },
  {
    "id": "abes-bagels-multigrain-4pk",
    "brand": "Abes",
    "name": "Bagels Multigrain 4 Pack",
    "imageUrl": "https://shop.coles.com.au/wcsstore/Coles-CAS/images/2/9/0/2901956-th.jpg",
    "categories": ["bread-bakery"],
    "tags": ["packaged-bread-bakery", "rolls-bagels"],
    "locations": {
      "vic": {
        "price": 5,
        "promoText": " ",
        "packageSize": "360g",
        "packagePrice": "$1.39 per 100G"
      }
    }
  },
  {
    "id": "tp-hand-plaited-butter-brioche-loaf-3377005p",
    "brand": "Tp",
    "name": "Hand Plaited Butter Brioche Loaf",
    "imageUrl": "https://shop.coles.com.au/wcsstore/Coles-CAS/images/3/3/7/3377005-th.jpg",
    "categories": ["bread-bakery"],
    "tags": ["packaged-bread-bakery", "rolls-bagels"],
    "locations": {
      "vic": {
        "price": 7,
        "promoText": " ",
        "packageSize": "400g",
        "packagePrice": "$1.75 per 100G"
      }
    }
  },
  {
    "id": "coles-flat-buns-moroccan-3233413p",
    "brand": "Coles",
    "name": "Moroccan Flat Buns 4 pack",
    "imageUrl": "https://shop.coles.com.au/wcsstore/Coles-CAS/images/3/2/3/3233413-th.jpg",
    "categories": ["bread-bakery"],
    "tags": ["packaged-bread-bakery", "rolls-bagels"],
    "locations": {
      "vic": {
        "price": 2.7,
        "promoText": " ",
        "packageSize": "320g",
        "packagePrice": "$0.84 per 100G"
      }
    }
  },
  {
    "id": "coles-gluten-fre-white-rolls-2pk",
    "brand": "Coles",
    "name": "Gluten Free White Rolls 2 pack",
    "imageUrl": "https://shop.coles.com.au/wcsstore/Coles-CAS/images/3/7/3/3733948-th.jpg",
    "categories": ["bread-bakery"],
    "tags": ["packaged-bread-bakery", "rolls-bagels"],
    "locations": {
      "vic": {
        "price": 3,
        "promoText": "Any 2 $5",
        "packageSize": "140g",
        "packagePrice": "$2.14 per 100G"
      }
    }
  },
  {
    "id": "tp-brioche-milk-rolls-with-choc-chips-3377016p",
    "brand": "Brioche",
    "name": "Chocolate Chip Milk Rolls 8 Pack",
    "imageUrl": "https://shop.coles.com.au/wcsstore/Coles-CAS/images/3/3/7/3377016-th.jpg",
    "categories": ["bread-bakery"],
    "tags": ["packaged-bread-bakery", "rolls-bagels"],
    "locations": {
      "vic": {
        "price": 5,
        "promoText": " ",
        "packageSize": "280g",
        "packagePrice": "$1.79 per 100G"
      }
    }
  },
  {
    "id": "coles-gluten-fre-five-sed-rolls-2pk",
    "brand": "Coles",
    "name": "Gluten Free Five Seed Rolls 2 pack",
    "imageUrl": "https://shop.coles.com.au/wcsstore/Coles-CAS/images/3/7/3/3733959-th.jpg",
    "categories": ["bread-bakery"],
    "tags": ["packaged-bread-bakery", "rolls-bagels"],
    "locations": {
      "vic": {
        "price": 3,
        "promoText": "Any 2 $5",
        "packageSize": "140g",
        "packagePrice": "$2.14 per 100G"
      }
    }
  },
  {
    "id": "meb-vitastic-turkish-rolls",
    "brand": "MEB Foods",
    "name": "Turkish Rolls 4 pack",
    "imageUrl": "https://shop.coles.com.au/wcsstore/Coles-CAS/images/9/9/9/9993588-th.jpg",
    "categories": ["bread-bakery"],
    "tags": ["packaged-bread-bakery", "rolls-bagels"],
    "locations": {
      "vic": {
        "price": 3.3,
        "promoText": " ",
        "packageSize": "450g",
        "packagePrice": "$0.73 per 100G"
      }
    }
  },
  {
    "id": "tp-brioche-swirls-with-choc-chips-3377027p",
    "brand": "Tp",
    "name": "Brioche Swirls With Choc Chips",
    "imageUrl": "https://shop.coles.com.au/wcsstore/Coles-CAS/images/3/3/7/3377027-th.jpg",
    "categories": ["bread-bakery"],
    "tags": ["packaged-bread-bakery", "rolls-bagels"],
    "locations": {
      "vic": {
        "price": 5,
        "promoText": " ",
        "packageSize": "300g",
        "packagePrice": "$1.67 per 100G"
      }
    }
  },
  {
    "id": "helgas-gluten-free-white-rolls",
    "brand": "Helga's",
    "name": "Gluten Free Traditional White Rolls 4 pack",
    "imageUrl": "https://shop.coles.com.au/wcsstore/Coles-CAS/images/3/2/3/3238053-th.jpg",
    "categories": ["bread-bakery"],
    "tags": ["packaged-bread-bakery", "rolls-bagels"],
    "locations": {
      "vic": {
        "price": 7,
        "promoText": " ",
        "packageSize": "320g",
        "packagePrice": "$2.19 per 100G"
      }
    }
  },
  {
    "id": "simsons-pantry-premium-white-wraps-4pack",
    "brand": "Simson's Pantry",
    "name": "Premium White Wraps 4 Pack",
    "imageUrl": "https://shop.coles.com.au/wcsstore/Coles-CAS/images/2/8/1/2815570-th.jpg",
    "categories": ["bread-bakery"],
    "tags": ["packaged-bread-bakery", "wraps-flatbread"],
    "locations": {
      "vic": {
        "price": 2.3,
        "promoText": "Any 2 $4",
        "packageSize": "180g",
        "packagePrice": "$1.28 per 100G"
      }
    }
  },
  {
    "id": "simsons-pantry-four-seeds-wraps-4-pack",
    "brand": "Simson's Pantry",
    "name": "Four Seeds Wraps 4 pack",
    "imageUrl": "https://shop.coles.com.au/wcsstore/Coles-CAS/images/2/8/1/2815581-th.jpg",
    "categories": ["bread-bakery"],
    "tags": ["packaged-bread-bakery", "wraps-flatbread"],
    "locations": {
      "vic": {
        "price": 2.3,
        "promoText": "Any 2 $4",
        "packageSize": "180g",
        "packagePrice": "$1.28 per 100G"
      }
    }
  },
  {
    "id": "simsons-pantry-summer-herb-wraps-4pack",
    "brand": "Simson's Pantry",
    "name": "Summer Herb Wraps 4 pack",
    "imageUrl": "https://shop.coles.com.au/wcsstore/Coles-CAS/images/2/8/1/2815592-th.jpg",
    "categories": ["bread-bakery"],
    "tags": ["packaged-bread-bakery", "wraps-flatbread"],
    "locations": {
      "vic": {
        "price": 2.3,
        "promoText": "Any 2 $4",
        "packageSize": "180g",
        "packagePrice": "$1.28 per 100G"
      }
    }
  },
  {
    "id": "simsons-pantry-wholegrain-wraps-8pack",
    "brand": "Simson's Pantry",
    "name": "Wholegrain Large Wraps 8 pack",
    "imageUrl": "https://shop.coles.com.au/wcsstore/Coles-CAS/images/2/8/1/2815617-th.jpg",
    "categories": ["bread-bakery"],
    "tags": ["packaged-bread-bakery", "wraps-flatbread"],
    "locations": {
      "vic": {
        "price": 4.2,
        "promoText": " ",
        "packageSize": "560g",
        "packagePrice": "$0.75 per 100G"
      }
    }
  },
  {
    "id": "coles-soft-wholemeal-wholegrain-wraps-8pk",
    "brand": "Coles",
    "name": "Soft Wholemeal & Wholegrain Wraps 8 pack",
    "imageUrl": "https://shop.coles.com.au/wcsstore/Coles-CAS/images/3/7/3/3731716-th.jpg",
    "categories": ["bread-bakery"],
    "tags": ["packaged-bread-bakery", "wraps-flatbread"],
    "locations": {
      "vic": {
        "price": 2,
        "promoText": "Was $2.30 on Mar 2020 ",
        "packageSize": "360g",
        "packagePrice": "$0.56 per 100G"
      }
    }
  },
  {
    "id": "meb-pita-souvlaki",
    "brand": "MEB Foods",
    "name": "Souvlaki & Pizza Pittes 6 Pieces",
    "imageUrl": "https://shop.coles.com.au/wcsstore/Coles-CAS/images/5/2/2/5229745-th.jpg",
    "categories": ["bread-bakery", "meat-seafood-deli"],
    "tags": ["packaged-bread-bakery", "wraps-flatbread"],
    "locations": {
      "vic": {
        "price": 3,
        "promoText": " ",
        "packageSize": "450g",
        "packagePrice": "$0.67 per 100G"
      }
    }
  },
  {
    "id": "coles-soft-white-wraps-8pk",
    "brand": "Coles",
    "name": "Soft White Wraps 8 pack",
    "imageUrl": "https://shop.coles.com.au/wcsstore/Coles-CAS/images/3/7/3/3731705-th.jpg",
    "categories": ["bread-bakery"],
    "tags": ["packaged-bread-bakery", "wraps-flatbread"],
    "locations": {
      "vic": {
        "price": 2,
        "promoText": "Was $2.30 on Mar 2020 ",
        "packageSize": "360g",
        "packagePrice": "$0.56 per 100G"
      }
    }
  },
  {
    "id": "meb-pita-khobz-wholemeal",
    "brand": "MEB Foods",
    "name": "Wholemeal Pita Khobz 5 pack",
    "imageUrl": "https://shop.coles.com.au/wcsstore/Coles-CAS/images/1/0/1/101030-th.jpg",
    "categories": ["bread-bakery"],
    "tags": ["packaged-bread-bakery", "wraps-flatbread"],
    "locations": {
      "vic": {
        "price": 3,
        "promoText": " ",
        "packageSize": "500g",
        "packagePrice": "$0.60 per 100G"
      }
    }
  },
  {
    "id": "meb-pita-khobz-white",
    "brand": "MEB Foods",
    "name": "White Pita Khobz 5 pack",
    "imageUrl": "https://shop.coles.com.au/wcsstore/Coles-CAS/images/1/0/1/101019-th.jpg",
    "categories": ["bread-bakery"],
    "tags": ["packaged-bread-bakery", "wraps-flatbread"],
    "locations": {
      "vic": {
        "price": 3,
        "promoText": " ",
        "packageSize": "500g",
        "packagePrice": "$0.60 per 100G"
      }
    }
  },
  {
    "id": "meb-pita-pockets-white",
    "brand": "MEB",
    "name": "White Pita Pockets 6 pack",
    "imageUrl": "https://shop.coles.com.au/wcsstore/Coles-CAS/images/1/0/1/101041-th.jpg",
    "categories": ["bread-bakery"],
    "tags": ["packaged-bread-bakery", "wraps-flatbread"],
    "locations": {
      "vic": {
        "price": 2,
        "promoText": " ",
        "packageSize": "250g",
        "packagePrice": "$0.80 per 100G"
      }
    }
  },
  {
    "id": "meb-pita-pockets-wholemeal",
    "brand": "MEB Foods",
    "name": "Wholemeal Pita Pockets 6 pack",
    "imageUrl": "https://shop.coles.com.au/wcsstore/Coles-CAS/images/4/8/3/483334-th.jpg",
    "categories": ["bread-bakery"],
    "tags": ["packaged-bread-bakery", "wraps-flatbread"],
    "locations": {
      "vic": {
        "price": 2,
        "promoText": " ",
        "packageSize": "250g",
        "packagePrice": "$0.80 per 100G"
      }
    }
  },
  {
    "id": "wonder-wraps-wraps-hi-fibre-plus-6-pack",
    "brand": "Wonder White",
    "name": "Hi Fibre Soft Wraps 6 pack",
    "imageUrl": "https://shop.coles.com.au/wcsstore/Coles-CAS/images/1/7/0/1704600-th.jpg",
    "categories": ["bread-bakery"],
    "tags": ["packaged-bread-bakery", "wraps-flatbread"],
    "locations": {
      "vic": {
        "price": 4,
        "promoText": " ",
        "packageSize": "312g",
        "packagePrice": "$1.28 per 100G"
      }
    }
  },
  {
    "id": "helgas-continental-bakehouse-lower-carb-wholemeal-wraps",
    "brand": "Helga's",
    "name": "Low Carb Wholemeal Wraps 5 pack",
    "imageUrl": "https://shop.coles.com.au/wcsstore/Coles-CAS/images/2/7/3/2738232-th.jpg",
    "categories": ["bread-bakery"],
    "tags": ["packaged-bread-bakery", "wraps-flatbread"],
    "locations": {
      "vic": {
        "price": 4,
        "promoText": "$1.00 ",
        "packageSize": "250g",
        "packagePrice": "$1.60 per 100G"
      }
    }
  },
  {
    "id": "helgas-sourdough-wraps-7-pack",
    "brand": "Helga's",
    "name": "Sourdough Large Wraps 7 pack",
    "imageUrl": "https://shop.coles.com.au/wcsstore/Coles-CAS/images/3/5/6/3566631-th.jpg",
    "categories": ["bread-bakery"],
    "tags": ["packaged-bread-bakery", "wraps-flatbread"],
    "locations": {
      "vic": {
        "price": 4,
        "promoText": "$1.00 ",
        "packageSize": "490g",
        "packagePrice": "$0.82 per 100G"
      }
    }
  },
  {
    "id": "mission-organic-wrap-wholemeal-8",
    "brand": "Mission",
    "name": "Organic Wholemeal Wraps 5 Pack",
    "imageUrl": "https://shop.coles.com.au/wcsstore/Coles-CAS/images/3/6/3/3639633-th.jpg",
    "categories": ["bread-bakery"],
    "tags": ["packaged-bread-bakery", "wraps-flatbread"],
    "locations": {
      "vic": {
        "price": 5,
        "promoText": " ",
        "packageSize": "240g",
        "packagePrice": "$2.08 per 100G"
      }
    }
  },
  {
    "id": "mission-wraps-low-gi-wholemeal-6-pack",
    "brand": "Mission",
    "name": "Low GI Wraps 6 Pack",
    "imageUrl": "https://shop.coles.com.au/wcsstore/Coles-CAS/images/3/3/1/3313760-th.jpg",
    "categories": ["bread-bakery"],
    "tags": ["packaged-bread-bakery", "wraps-flatbread"],
    "locations": {
      "vic": {
        "price": 5,
        "promoText": " ",
        "packageSize": "425g",
        "packagePrice": "$1.18 per 100G"
      }
    }
  },
  {
    "id": "mission-gluten-fre-wrap",
    "brand": "Mission",
    "name": "Gluten Free Wrap",
    "imageUrl": "https://shop.coles.com.au/wcsstore/Coles-CAS/images/3/7/6/3762607-th.jpg",
    "categories": ["bread-bakery"],
    "tags": ["packaged-bread-bakery", "wraps-flatbread"],
    "locations": {
      "vic": {
        "price": 5.5,
        "promoText": " ",
        "packageSize": "225g",
        "packagePrice": "$2.44 per 100G"
      }
    }
  },
  {
    "id": "simsons-panrty-wraps-thai-chilli-lime-8-pack",
    "brand": "Simson's Pantry",
    "name": "Lime & Chilli Large Wraps 8 pack",
    "imageUrl": "https://shop.coles.com.au/wcsstore/Coles-CAS/images/3/2/0/3207570-th.jpg",
    "categories": ["bread-bakery"],
    "tags": ["packaged-bread-bakery", "wraps-flatbread"],
    "locations": {
      "vic": {
        "price": 4.2,
        "promoText": " ",
        "packageSize": "560g",
        "packagePrice": "$0.75 per 100G"
      }
    }
  },
  {
    "id": "coles-turkish-style-lavash-wraps-6-pack",
    "brand": "Coles",
    "name": "Lavash Wraps 6 Pack",
    "imageUrl": "https://shop.coles.com.au/wcsstore/Coles-CAS/images/3/6/2/3626846-th.jpg",
    "categories": ["bread-bakery"],
    "tags": ["packaged-bread-bakery", "wraps-flatbread"],
    "locations": {
      "vic": {
        "price": 2.7,
        "promoText": " ",
        "packageSize": "225g",
        "packagePrice": "$1.20 per 100G"
      }
    }
  },
  {
    "id": "meb-fresh-white-wraps-",
    "brand": "MEB",
    "name": "Fresh White Wraps",
    "imageUrl": "https://shop.coles.com.au/wcsstore/Coles-CAS/images/3/6/5/3657180-th.jpg",
    "categories": ["bread-bakery"],
    "tags": ["packaged-bread-bakery", "wraps-flatbread"],
    "locations": {
      "vic": {
        "price": 3,
        "promoText": " ",
        "packageSize": "250g",
        "packagePrice": "$1.20 per 100G"
      }
    }
  },
  {
    "id": "mission-wholemeal-roti",
    "brand": "Mission",
    "name": "Wholemeal Roti 4 Pack",
    "imageUrl": "https://shop.coles.com.au/wcsstore/Coles-CAS/images/3/6/3/3639611-th.jpg",
    "categories": ["bread-bakery"],
    "tags": ["packaged-bread-bakery", "wraps-flatbread"],
    "locations": {
      "vic": {
        "price": 3.3,
        "promoText": " ",
        "packageSize": "240g",
        "packagePrice": "$1.38 per 100G"
      }
    }
  },
  {
    "id": "genius-gluten-free-wraps",
    "brand": "Genius",
    "name": "Gluten Free Wraps",
    "imageUrl": "https://shop.coles.com.au/wcsstore/Coles-CAS/images/3/6/2/3627306-th.jpg",
    "categories": ["bread-bakery"],
    "tags": ["packaged-bread-bakery", "wraps-flatbread"],
    "locations": {
      "vic": {
        "price": 6,
        "promoText": " ",
        "packageSize": "4 pack",
        "packagePrice": "$1.50 per 1Ea"
      }
    }
  },
  {
    "id": "meb-greek-pita-",
    "brand": "MEB",
    "name": "Greek Pita",
    "imageUrl": "https://shop.coles.com.au/wcsstore/ColesResponsiveStorefrontAssetStore/dist/ccfc54aed6e361b650bcf0582f7b576b/img/img_product-placeholder.png",
    "categories": ["bread-bakery"],
    "tags": ["packaged-bread-bakery", "wraps-flatbread"],
    "locations": {
      "vic": {
        "price": 3,
        "promoText": " ",
        "packageSize": "375g",
        "packagePrice": "$0.80 per 100G"
      }
    }
  },
  {
    "id": "mission-protein-wholemeal-wraps-8",
    "brand": "Mission",
    "name": "Wholemeal Protein Wraps 6 pack",
    "imageUrl": "https://shop.coles.com.au/wcsstore/Coles-CAS/images/3/6/3/3639586-th.jpg",
    "categories": ["bread-bakery"],
    "tags": ["packaged-bread-bakery", "wraps-flatbread"],
    "locations": {
      "vic": {
        "price": 4,
        "promoText": "$1.00 ",
        "packageSize": "288g",
        "packagePrice": "$1.39 per 100G"
      }
    }
  },
  {
    "id": "simsons-pantry-wholegrain-super-barley-5pk",
    "brand": "Simson's Pantry",
    "name": "Wholegrain Super Barley 5 pack",
    "imageUrl": "https://shop.coles.com.au/wcsstore/Coles-CAS/images/3/6/6/3665520-th.jpg",
    "categories": ["bread-bakery"],
    "tags": ["packaged-bread-bakery", "wraps-flatbread"],
    "locations": {
      "vic": {
        "price": 5,
        "promoText": " ",
        "packageSize": "225g",
        "packagePrice": "$2.22 per 100G"
      }
    }
  },
  {
    "id": "simson-s-pantry-low-carb-high-protein-5pk",
    "brand": "Simson's Pantry",
    "name": "Low Carb High Protein 5 pack",
    "imageUrl": "https://shop.coles.com.au/wcsstore/Coles-CAS/images/3/7/5/3758938-th.jpg",
    "categories": ["bread-bakery"],
    "tags": ["packaged-bread-bakery", "wraps-flatbread"],
    "locations": {
      "vic": {
        "price": 5,
        "promoText": " ",
        "packageSize": "225g",
        "packagePrice": "$2.22 per 100G"
      }
    }
  },
  {
    "id": "meb-wraps-zatar",
    "brand": "MEB Foods",
    "name": "Zaatar Wraps",
    "imageUrl": "https://shop.coles.com.au/wcsstore/ColesResponsiveStorefrontAssetStore/dist/ccfc54aed6e361b650bcf0582f7b576b/img/img_product-placeholder.png",
    "categories": ["bread-bakery"],
    "tags": ["packaged-bread-bakery", "wraps-flatbread"],
    "locations": {
      "vic": {
        "price": 5.2,
        "promoText": " ",
        "packageSize": "300g",
        "packagePrice": "$1.73 per 100G"
      }
    }
  },
  {
    "id": "simson-s-pantry-hemp-chia-and-oat-5pk",
    "brand": "Simson's Pantry",
    "name": "Hemp Chia And Oat 5 pack",
    "imageUrl": "https://shop.coles.com.au/wcsstore/Coles-CAS/images/3/7/5/3758949-th.jpg",
    "categories": ["bread-bakery"],
    "tags": ["packaged-bread-bakery", "wraps-flatbread"],
    "locations": {
      "vic": {
        "price": 4,
        "promoText": "$1.00 ",
        "packageSize": "225g",
        "packagePrice": "$1.78 per 100G"
      }
    }
  },
  {
    "id": "coles-cupcakes-red-velvet-4pk",
    "brand": "Coles",
    "name": "Red Velvet Cupcakes 4 pack",
    "imageUrl": "https://shop.coles.com.au/wcsstore/Coles-CAS/images/3/7/5/3757039-th.jpg",
    "categories": ["bread-bakery"],
    "tags": ["from-our-bakery", "cupcakes-muffins"],
    "locations": {
      "vic": {
        "price": 4,
        "promoText": " ",
        "packageSize": "288g",
        "packagePrice": "$1.39 per 100G"
      }
    }
  },
  {
    "id": "coles-cupcakes-cokies-cream-4pk",
    "brand": "Coles",
    "name": "Cookies & Cream Cupcakes 4 pack",
    "imageUrl": "https://shop.coles.com.au/wcsstore/Coles-CAS/images/3/7/5/3757040-th.jpg",
    "categories": ["bread-bakery"],
    "tags": ["from-our-bakery", "cupcakes-muffins"],
    "locations": {
      "vic": {
        "price": 4,
        "promoText": " ",
        "packageSize": "288g",
        "packagePrice": "$1.39 per 100G"
      }
    }
  },
  {
    "id": "coles-cupcakes-chocolate-4pk",
    "brand": "Coles",
    "name": "Chocolate Cupcakes 4 pack",
    "imageUrl": "https://shop.coles.com.au/wcsstore/Coles-CAS/images/3/7/5/3757028-th.jpg",
    "categories": ["bread-bakery"],
    "tags": ["from-our-bakery", "cupcakes-muffins"],
    "locations": {
      "vic": {
        "price": 4,
        "promoText": " ",
        "packageSize": "288g",
        "packagePrice": "$1.39 per 100G"
      }
    }
  },
  {
    "id": "coles-vanilla-mini-cupcakes-9pk",
    "brand": "Coles",
    "name": "Vanilla Mini Cupcakes 9 pack",
    "imageUrl": "https://shop.coles.com.au/wcsstore/Coles-CAS/images/3/7/5/3757061-th.jpg",
    "categories": ["bread-bakery"],
    "tags": ["from-our-bakery", "cupcakes-muffins"],
    "locations": {
      "vic": {
        "price": 4,
        "promoText": " ",
        "packageSize": "216g",
        "packagePrice": "$1.85 per 100G"
      }
    }
  },
  {
    "id": "coles-brioche-slider-bun-8pk",
    "brand": "Coles Bakery",
    "name": "Brioche Slider Bun 8 Pack",
    "imageUrl": "https://shop.coles.com.au/wcsstore/Coles-CAS/images/3/5/7/3572306-th.jpg",
    "categories": ["bread-bakery"],
    "tags": ["from-our-bakery", "rolls-buns"],
    "locations": {
      "vic": {
        "price": 2.7,
        "promoText": " ",
        "packageSize": "190g",
        "packagePrice": "$1.42 per 100G"
      }
    }
  },
  {
    "id": "simply-gluten-free-hot-cross-bun",
    "brand": "Coles",
    "name": "Gluten Free Hot Cross Buns",
    "imageUrl": "https://shop.coles.com.au/wcsstore/Coles-CAS/images/2/1/5/2151970-th.jpg",
    "categories": ["bread-bakery"],
    "tags": ["from-our-bakery", "bakery-hot-cross-buns"],
    "locations": {
      "vic": {
        "price": 3.5,
        "promoText": " ",
        "packageSize": "3 pack",
        "packagePrice": "$1.17 per 1Ea"
      }
    }
  },
  {
    "id": "coles-hot-cross-buns-toffee-apple",
    "brand": "Coles",
    "name": "Toffee Apple Hot Cross Buns",
    "imageUrl": "https://shop.coles.com.au/wcsstore/Coles-CAS/images/3/6/6/3667606-th.jpg",
    "categories": ["bread-bakery"],
    "tags": ["from-our-bakery", "bakery-hot-cross-buns"],
    "locations": {
      "vic": {
        "price": 2,
        "promoText": " ",
        "packageSize": "4 pack",
        "packagePrice": "$0.50 per 1Ea"
      }
    }
  },
  {
    "id": "apples-pink-lady-loose",
    "brand": "Coles",
    "name": "Pink Lady Apples Loose",
    "imageUrl": "https://shop.coles.com.au/wcsstore/Coles-CAS/images/5/1/1/5111654-th.jpg",
    "categories": ["fruit-vegetables"],
    "tags": ["fruit", "apples"],
    "locations": {
      "vic": {
        "price": 1.1,
        "promoText": " ",
        "packageSize": "Approx. 200g",
        "packagePrice": "$5.50 per 1Kg"
      }
    }
  },
  {
    "id": "apples-pink-lady-prepacked",
    "brand": "Coles",
    "name": "Pink Lady Apples Prepacked",
    "imageUrl": "https://shop.coles.com.au/wcsstore/Coles-CAS/images/4/4/3/4438477-th.jpg",
    "categories": ["fruit-vegetables"],
    "tags": ["fruit", "apples"],
    "locations": {
      "vic": {
        "price": 5.5,
        "promoText": " ",
        "packageSize": "1kg",
        "packagePrice": "$5.50 per 1Kg"
      }
    }
  },
  {
    "id": "apples-granny-smith-loose",
    "brand": "Coles",
    "name": "Granny Smith Apples",
    "imageUrl": "https://shop.coles.com.au/wcsstore/Coles-CAS/images/4/0/8/408554-th.jpg",
    "categories": ["fruit-vegetables"],
    "tags": ["fruit", "apples"],
    "locations": {
      "vic": {
        "price": 0.88,
        "promoText": " ",
        "packageSize": "Approx. 180g",
        "packagePrice": "$4.90 per 1Kg"
      }
    }
  },
  {
    "id": "apples-royal-gala-loose",
    "brand": "Coles",
    "name": "Royal Gala Apples Loose",
    "imageUrl": "https://shop.coles.com.au/wcsstore/Coles-CAS/images/5/2/2/5226000-th.jpg",
    "categories": ["fruit-vegetables"],
    "tags": ["fruit", "apples"],
    "locations": {
      "vic": {
        "price": 0.78,
        "promoText": " ",
        "packageSize": "Approx. 160g",
        "packagePrice": "$4.90 per 1Kg"
      }
    }
  },
  {
    "id": "coles-fresh-kids-pack-apples",
    "brand": "Coles",
    "name": "Apples Kids Pack",
    "imageUrl": "https://shop.coles.com.au/wcsstore/Coles-CAS/images/2/5/1/2511678-th.jpg",
    "categories": ["fruit-vegetables"],
    "tags": ["fruit", "apples"],
    "locations": {
      "vic": {
        "price": 3.9,
        "promoText": " ",
        "packageSize": "1kg",
        "packagePrice": "$3.90 per 1Kg"
      }
    }
  },
  {
    "id": "apples-granny-smith-prepacked",
    "brand": "Coles",
    "name": "Granny Smith Apples Prepacked",
    "imageUrl": "https://shop.coles.com.au/wcsstore/Coles-CAS/images/4/4/3/4438740-th.jpg",
    "categories": ["fruit-vegetables"],
    "tags": ["fruit", "apples"],
    "locations": {
      "vic": {
        "price": 4.9,
        "promoText": " ",
        "packageSize": "1kg",
        "packagePrice": "$4.90 per 1Kg"
      }
    }
  },
  {
    "id": "coles-fresh-kanzi-apples",
    "brand": "Coles",
    "name": "Kanzi Apples",
    "imageUrl": "https://shop.coles.com.au/wcsstore/Coles-CAS/images/8/5/5/8559542-th.jpg",
    "categories": ["fruit-vegetables"],
    "tags": ["fruit", "apples"],
    "locations": {
      "vic": {
        "price": 1.43,
        "promoText": " ",
        "packageSize": "approx. 220g",
        "packagePrice": "$6.50 per 1Kg"
      }
    }
  },
  {
    "id": "part_1015080P",
    "brand": "Coles",
    "name": "Eve Apples",
    "imageUrl": "https://shop.coles.com.au/wcsstore/Coles-CAS/images/1/0/1/1015080-th.jpg",
    "categories": ["fruit-vegetables"],
    "tags": ["fruit", "apples"],
    "locations": {
      "vic": {
        "price": 5.4,
        "promoText": " ",
        "packageSize": "",
        "packagePrice": "$5.40 per 1Kg"
      }
    }
  },
  {
    "id": "pears-beurre-bosc-loose",
    "brand": "Coles",
    "name": "Beurre Bosc Pears",
    "imageUrl": "https://shop.coles.com.au/wcsstore/Coles-CAS/images/4/0/9/409987-th.jpg",
    "categories": ["fruit-vegetables"],
    "tags": ["fruit", "pears"],
    "locations": {
      "vic": {
        "price": 0.67,
        "promoText": " ",
        "packageSize": "approx. 230g",
        "packagePrice": "$2.90 per 1Kg"
      }
    }
  },
  {
    "id": "fresh-corella-pears-429000p",
    "brand": "Coles",
    "name": "Corella Pears",
    "imageUrl": "https://shop.coles.com.au/wcsstore/Coles-CAS/images/4/2/9/429000-th.jpg",
    "categories": ["fruit-vegetables"],
    "tags": ["fruit", "pears"],
    "locations": {
      "vic": {
        "price": 0.53,
        "promoText": " ",
        "packageSize": "approx. 150g",
        "packagePrice": "$3.50 per 1Kg"
      }
    }
  },
  {
    "id": "coles-fresh-kids-pack-pears",
    "brand": "Coles",
    "name": "Kids Pack Pears",
    "imageUrl": "https://shop.coles.com.au/wcsstore/Coles-CAS/images/2/5/1/2511656-th.jpg",
    "categories": ["fruit-vegetables"],
    "tags": ["fruit", "pears"],
    "locations": {
      "vic": {
        "price": 3.5,
        "promoText": " ",
        "packageSize": "1kg",
        "packagePrice": "$3.50 per 1Kg"
      }
    }
  },
  {
    "id": "part_9177982P",
    "brand": "Coles",
    "name": "Brown Nashi Pears",
    "imageUrl": "https://shop.coles.com.au/wcsstore/Coles-CAS/images/9/1/7/9177982-th.jpg",
    "categories": ["fruit-vegetables"],
    "tags": ["fruit", "pears"],
    "locations": {
      "vic": {
        "price": 1.59,
        "promoText": " ",
        "packageSize": "approx. 230g",
        "packagePrice": "$6.90 per 1Kg"
      }
    }
  },
  {
    "id": "coles-fresh-bananas---loose",
    "brand": "Coles",
    "name": "Bananas",
    "imageUrl": "https://shop.coles.com.au/wcsstore/Coles-CAS/images/4/0/9/409499-th.jpg",
    "categories": ["fruit-vegetables"],
    "tags": ["fruit", "fresh-bananas"],
    "locations": {
      "vic": {
        "price": 0.45,
        "promoText": " ",
        "packageSize": "approx. 180g",
        "packagePrice": "$2.50 per 1Kg"
      }
    }
  },
  {
    "id": "coles-fresh-kids-pack-bananas",
    "brand": "Coles",
    "name": "Kids Pack Bananas",
    "imageUrl": "https://shop.coles.com.au/wcsstore/Coles-CAS/images/2/5/1/2511791-th.jpg",
    "categories": ["fruit-vegetables"],
    "tags": ["fruit", "fresh-bananas"],
    "locations": {
      "vic": {
        "price": 2.9,
        "promoText": " ",
        "packageSize": "750g",
        "packagePrice": "$3.87 per 1Kg"
      }
    }
  },
  {
    "id": "coles-fresh-bananas---lady-finger-loose",
    "brand": "Coles",
    "name": "Lady Finger Bananas",
    "imageUrl": "https://shop.coles.com.au/wcsstore/Coles-CAS/images/1/3/2/132056-th.jpg",
    "categories": ["fruit-vegetables"],
    "tags": ["fruit", "fresh-bananas"],
    "locations": {
      "vic": {
        "price": 1.2,
        "promoText": " ",
        "packageSize": "Approx. 160g",
        "packagePrice": "$7.50 per 1Kg"
      }
    }
  },
  {
    "id": "strawberries-fresh-prepacked-5191256p",
    "brand": "Coles",
    "name": "Strawberries Prepacked",
    "imageUrl": "https://shop.coles.com.au/wcsstore/Coles-CAS/images/5/1/9/5191256-th.jpg",
    "categories": ["fruit-vegetables"],
    "tags": ["fruit", "berries-cherries"],
    "locations": {
      "vic": {
        "price": 4,
        "promoText": " ",
        "packageSize": "250g",
        "packagePrice": "$16.00 per 1Kg"
      }
    }
  },
  {
    "id": "blueberries-prepacked",
    "brand": "Coles",
    "name": "Blueberries Prepacked",
    "imageUrl": "https://shop.coles.com.au/wcsstore/Coles-CAS/images/5/5/4/5543535-th.jpg",
    "categories": ["fruit-vegetables"],
    "tags": ["fruit", "berries-cherries"],
    "locations": {
      "vic": {
        "price": 4,
        "promoText": " ",
        "packageSize": "125g",
        "packagePrice": "$32.00 per 1Kg"
      }
    }
  },
  {
    "id": "raspberries-prepacked",
    "brand": "Coles",
    "name": "Raspberries",
    "imageUrl": "https://shop.coles.com.au/wcsstore/Coles-CAS/images/1/3/4/134029-th.jpg",
    "categories": ["fruit-vegetables"],
    "tags": ["fruit", "berries-cherries"],
    "locations": {
      "vic": {
        "price": 7,
        "promoText": " ",
        "packageSize": "125g",
        "packagePrice": "$56.00 per 1Kg"
      }
    }
  },
  {
    "id": "coles-fresh-red-cherries-prepacked",
    "brand": "Coles",
    "name": "Red Cherries Prepacked",
    "imageUrl": "https://shop.coles.com.au/wcsstore/Coles-CAS/images/1/3/2/1325452-th.jpg",
    "categories": ["fruit-vegetables"],
    "tags": ["fruit", "berries-cherries"],
    "locations": {
      "vic": {
        "price": 7.9,
        "promoText": " ",
        "packageSize": "300g",
        "packagePrice": "$26.33 per 1Kg"
      }
    }
  },
  {
    "id": "grapes-red-seedless",
    "brand": "Coles",
    "name": "Red Seedless Grapes",
    "imageUrl": "https://shop.coles.com.au/wcsstore/Coles-CAS/images/6/7/0/6706191-th.jpg",
    "categories": ["fruit-vegetables"],
    "tags": ["fruit", "grapes"],
    "locations": {
      "vic": {
        "price": 2.8,
        "promoText": " ",
        "packageSize": "approx. 800g",
        "packagePrice": "$3.50 per 1Kg"
      }
    }
  },
  {
    "id": "part_6706395P",
    "brand": "Coles",
    "name": "White Seedless Grapes Loose",
    "imageUrl": "https://shop.coles.com.au/wcsstore/Coles-CAS/images/6/7/0/6706395-th.jpg",
    "categories": ["fruit-vegetables"],
    "tags": ["fruit", "grapes"],
    "locations": {
      "vic": {
        "price": 12.64,
        "promoText": " ",
        "packageSize": "approx. 800g",
        "packagePrice": "$15.80 per 1Kg"
      }
    }
  },
  {
    "id": "oranges-navel-loose",
    "brand": "Coles",
    "name": "Medium Navel Oranges",
    "imageUrl": "https://shop.coles.com.au/wcsstore/Coles-CAS/images/4/2/5/4255717-th.jpg",
    "categories": ["fruit-vegetables"],
    "tags": ["fruit", "oranges"],
    "locations": {
      "vic": {
        "price": 0.7,
        "promoText": " ",
        "packageSize": "Approx. 180g",
        "packagePrice": "$3.90 per 1Kg"
      }
    }
  },
  {
    "id": "grapefruit-ruby-red-loose-5323153p",
    "brand": "Coles",
    "name": "Large Grapefruit Ruby Red",
    "imageUrl": "https://shop.coles.com.au/wcsstore/Coles-CAS/images/5/3/2/5323153-th.jpg",
    "categories": ["fruit-vegetables"],
    "tags": ["fruit", "grapefruit"],
    "locations": {
      "vic": {
        "price": 1.79,
        "promoText": " ",
        "packageSize": "Approx. 460g",
        "packagePrice": "$3.90 per 1Kg"
      }
    }
  },
  {
    "id": "part_409750P",
    "brand": "Coles",
    "name": "Imperial Mandarins",
    "imageUrl": "https://shop.coles.com.au/wcsstore/Coles-CAS/images/4/0/9/409750-th.jpg",
    "categories": ["fruit-vegetables"],
    "tags": ["fruit", "mandarins"],
    "locations": {
      "vic": {
        "price": 0.68,
        "promoText": " ",
        "packageSize": "approx. 150g",
        "packagePrice": "$4.50 per 1Kg"
      }
    }
  },
  {
    "id": "mandarins-clementine-loose-5321340p",
    "brand": "Coles",
    "name": "Clementine Mandarins",
    "imageUrl": "https://shop.coles.com.au/wcsstore/Coles-CAS/images/5/3/2/5321340-th.jpg",
    "categories": ["fruit-vegetables"],
    "tags": ["fruit", "mandarins"],
    "locations": {
      "vic": {
        "price": 0.64,
        "promoText": " ",
        "packageSize": "approx. 130g",
        "packagePrice": "$4.90 per 1Kg"
      }
    }
  },
  {
    "id": "lemons-loose",
    "brand": "Coles",
    "name": "Medium Lemons",
    "imageUrl": "https://shop.coles.com.au/wcsstore/Coles-CAS/images/5/3/1/5318302-th.jpg",
    "categories": ["fruit-vegetables"],
    "tags": ["fruit", "lemons-limes"],
    "locations": {
      "vic": {
        "price": 0.9,
        "promoText": " ",
        "packageSize": "",
        "packagePrice": "$0.90 per 1Ea"
      }
    }
  },
  {
    "id": "lemons-fresh",
    "brand": "Coles",
    "name": "Medium Lemons Prepacked",
    "imageUrl": "https://shop.coles.com.au/wcsstore/Coles-CAS/images/4/0/9/409728-th.jpg",
    "categories": ["fruit-vegetables"],
    "tags": ["fruit", "lemons-limes"],
    "locations": {
      "vic": {
        "price": 3.5,
        "promoText": " ",
        "packageSize": "5 pack",
        "packagePrice": "$0.70 per 1Ea"
      }
    }
  },
  {
    "id": "limes-loose",
    "brand": "Coles",
    "name": "Limes Medium Loose",
    "imageUrl": "https://shop.coles.com.au/wcsstore/Coles-CAS/images/1/9/7/197594-th.jpg",
    "categories": ["fruit-vegetables"],
    "tags": ["fruit", "lemons-limes"],
    "locations": {
      "vic": {
        "price": 1.4,
        "promoText": " ",
        "packageSize": "",
        "packagePrice": "$1.40 per 1Ea"
      }
    }
  },
  {
    "id": "fresh-lemons-5-pack",
    "brand": "Coles",
    "name": "Zesting Lemons Prepacked",
    "imageUrl": "https://shop.coles.com.au/wcsstore/Coles-CAS/images/2/9/9/2993910-th.jpg",
    "categories": ["fruit-vegetables"],
    "tags": ["fruit", "lemons-limes"],
    "locations": {
      "vic": {
        "price": 3.5,
        "promoText": " ",
        "packageSize": "5 pack",
        "packagePrice": "$0.70 per 1Ea"
      }
    }
  },
  {
    "id": "pineapple-topless",
    "brand": "Coles",
    "name": "Topless Pineapple",
    "imageUrl": "https://shop.coles.com.au/wcsstore/Coles-CAS/images/5/6/0/5606330-th.jpg",
    "categories": ["fruit-vegetables"],
    "tags": ["fruit", "pineapples"],
    "locations": {
      "vic": {
        "price": 3.9,
        "promoText": " ",
        "packageSize": "",
        "packagePrice": "$3.90 per 1Ea"
      }
    }
  },
  {
    "id": "pineapple-topless-half",
    "brand": "Coles",
    "name": "Topless Pineapple Half",
    "imageUrl": "https://shop.coles.com.au/wcsstore/Coles-CAS/images/5/5/3/5536948-th.jpg",
    "categories": ["fruit-vegetables"],
    "tags": ["fruit", "pineapples"],
    "locations": {
      "vic": {
        "price": 2.5,
        "promoText": " ",
        "packageSize": "",
        "packagePrice": "$2.50 per 1Ea"
      }
    }
  },
  {
    "id": "passionfruit-loose",
    "brand": "Coles",
    "name": "Passionfruit",
    "imageUrl": "https://shop.coles.com.au/wcsstore/Coles-CAS/images/4/0/9/409896-th.jpg",
    "categories": ["fruit-vegetables"],
    "tags": ["fruit", "passionfruit"],
    "locations": {
      "vic": {
        "price": 0.9,
        "promoText": " ",
        "packageSize": "",
        "packagePrice": "$0.90 per 1Ea"
      }
    }
  },
  {
    "id": "watermelon-seedless-whole",
    "brand": "Coles",
    "name": "Seedless Watermelon Cut",
    "imageUrl": "https://shop.coles.com.au/wcsstore/Coles-CAS/images/7/5/0/7508229-th.jpg",
    "categories": ["fruit-vegetables"],
    "tags": ["fruit", "fresh-melons"],
    "locations": {
      "vic": {
        "price": 4.93,
        "promoText": " ",
        "packageSize": "approx 1.7 Kg",
        "packagePrice": "$2.90 per 1Kg"
      }
    }
  },
  {
    "id": "rockmelon-whole",
    "brand": "Coles",
    "name": "Rockmelon Whole",
    "imageUrl": "https://shop.coles.com.au/wcsstore/Coles-CAS/images/4/2/8/428915-th.jpg",
    "categories": ["fruit-vegetables"],
    "tags": ["fruit", "fresh-melons"],
    "locations": {
      "vic": {
        "price": 3,
        "promoText": " ",
        "packageSize": "",
        "packagePrice": "$3.00 per 1Ea"
      }
    }
  },
  {
    "id": "rockmelon-half",
    "brand": "Coles",
    "name": "Rockmelon Half",
    "imageUrl": "https://shop.coles.com.au/wcsstore/Coles-CAS/images/5/5/3/5536970-th.jpg",
    "categories": ["fruit-vegetables"],
    "tags": ["fruit", "fresh-melons"],
    "locations": {
      "vic": {
        "price": 1.9,
        "promoText": " ",
        "packageSize": "",
        "packagePrice": "$1.90 per 1Ea"
      }
    }
  },
  {
    "id": "honeydew-melon-whole",
    "brand": "Coles",
    "name": "Honeydew Melon Whole",
    "imageUrl": "https://shop.coles.com.au/wcsstore/Coles-CAS/images/5/9/4/5945620-th.jpg",
    "categories": ["fruit-vegetables"],
    "tags": ["fruit", "fresh-melons"],
    "locations": {
      "vic": {
        "price": 3.9,
        "promoText": " ",
        "packageSize": "",
        "packagePrice": "$3.90 per 1Ea"
      }
    }
  },
  {
    "id": "watermelon-seedless-cut",
    "brand": "Coles",
    "name": "Watermelon Seedless Whole",
    "imageUrl": "https://shop.coles.com.au/wcsstore/Coles-CAS/images/4/2/0/4205264-th.jpg",
    "categories": ["fruit-vegetables"],
    "tags": ["fruit", "fresh-melons"],
    "locations": {
      "vic": {
        "price": 21.75,
        "promoText": " ",
        "packageSize": "approx. 7.5kg",
        "packagePrice": "$2.90 per 1Kg"
      }
    }
  },
  {
    "id": "coles-fresh-kiwifruit---green",
    "brand": "Coles",
    "name": "Green Kiwifruit Prepacked",
    "imageUrl": "https://shop.coles.com.au/wcsstore/Coles-CAS/images/1/7/7/1778560-th.jpg",
    "categories": ["fruit-vegetables"],
    "tags": ["fruit", "kiwi-fruit"],
    "locations": {
      "vic": {
        "price": 4.9,
        "promoText": " ",
        "packageSize": "8 pack",
        "packagePrice": "$0.61 per 1Ea"
      }
    }
  },
  {
    "id": "kiwi-fruit-gold",
    "brand": "Coles",
    "name": "Gold Kiwifruit Prepacked",
    "imageUrl": "https://shop.coles.com.au/wcsstore/Coles-CAS/images/8/1/3/8131840-th.jpg",
    "categories": ["fruit-vegetables"],
    "tags": ["fruit", "kiwi-fruit"],
    "locations": {
      "vic": {
        "price": 5.9,
        "promoText": " ",
        "packageSize": "8 pack",
        "packagePrice": "$0.74 per 1Ea"
      }
    }
  },
  {
    "id": "coles-fresh-nectarines---white-loose",
    "brand": "Coles",
    "name": "White Nectarines",
    "imageUrl": "https://shop.coles.com.au/wcsstore/Coles-CAS/images/5/5/9/5595663-th.jpg",
    "categories": ["fruit-vegetables"],
    "tags": ["fruit", "peaches-nectarines"],
    "locations": {
      "vic": {
        "price": 0,
        "promoText": " ",
        "packageSize": "approx. 150g",
        "packagePrice": ""
      }
    }
  },
  {
    "id": "coconut-drinking-imported",
    "brand": "Coles",
    "name": "Drinking Coconut",
    "imageUrl": "https://shop.coles.com.au/wcsstore/Coles-CAS/images/5/5/8/5582887-th.jpg",
    "categories": ["fruit-vegetables"],
    "tags": ["fruit", "coconuts"],
    "locations": {
      "vic": {
        "price": 3.9,
        "promoText": " ",
        "packageSize": "",
        "packagePrice": "$3.90 per 1Ea"
      }
    }
  },
  {
    "id": "coconut-whole-imported",
    "brand": "Coles",
    "name": "Coconut Whole",
    "imageUrl": "https://shop.coles.com.au/wcsstore/Coles-CAS/images/4/0/9/409557-th.jpg",
    "categories": ["fruit-vegetables"],
    "tags": ["fruit", "coconuts"],
    "locations": {
      "vic": {
        "price": 3,
        "promoText": " ",
        "packageSize": "",
        "packagePrice": "$3.00 per 1Ea"
      }
    }
  },
  {
    "id": "fresh-baby-roma-truss-tomatoes",
    "brand": "Perfection",
    "name": "Baby Roma Truss  Tomatoes Prepacked",
    "imageUrl": "https://shop.coles.com.au/wcsstore/Coles-CAS/images/3/6/7/3670688-th.jpg",
    "categories": ["fruit-vegetables"],
    "tags": ["vegetables", "tomatoes"],
    "locations": {
      "vic": {
        "price": 4.9,
        "promoText": " ",
        "packageSize": "275g",
        "packagePrice": "$17.82 per 1Kg"
      }
    }
  },
  {
    "id": "coles-fresh-perino-gold-tomatoes-prepacked",
    "brand": "Coles",
    "name": "Perino Gold Tomatoes Prepacked",
    "imageUrl": "https://shop.coles.com.au/wcsstore/Coles-CAS/images/1/8/8/1883000-th.jpg",
    "categories": ["fruit-vegetables"],
    "tags": ["vegetables", "tomatoes"],
    "locations": {
      "vic": {
        "price": 4.5,
        "promoText": " ",
        "packageSize": "200g",
        "packagePrice": "$22.50 per 1Kg"
      }
    }
  },
  {
    "id": "coles-fresh-red-royale-potatoes",
    "brand": "Coles",
    "name": "Fresh Red Royale Potatoes",
    "imageUrl": "https://shop.coles.com.au/wcsstore/Coles-CAS/images/1/1/8/1181308-th.jpg",
    "categories": ["fruit-vegetables"],
    "tags": ["vegetables", "potatoes"],
    "locations": {
      "vic": {
        "price": 0.68,
        "promoText": " ",
        "packageSize": "approx. 170g",
        "packagePrice": "$4.00 per 1Kg"
      }
    }
  },
  {
    "id": "potatoes-creme-royale-loose",
    "brand": "Coles",
    "name": "Creme Royale Brushed Potatoes loose",
    "imageUrl": "https://shop.coles.com.au/wcsstore/Coles-CAS/images/1/0/2/1022610-th.jpg",
    "categories": ["fruit-vegetables"],
    "tags": ["vegetables", "potatoes"],
    "locations": {
      "vic": {
        "price": 0.6,
        "promoText": " ",
        "packageSize": "approx. 200g",
        "packagePrice": "$3.00 per 1Kg"
      }
    }
  },
  {
    "id": "coles-fresh-kestrel-potatoes-prepacked",
    "brand": "Coles",
    "name": "Kestrel Potatoes Prepacked",
    "imageUrl": "https://shop.coles.com.au/wcsstore/Coles-CAS/images/2/7/4/2743866-th.jpg",
    "categories": ["fruit-vegetables"],
    "tags": ["vegetables", "potatoes"],
    "locations": {
      "vic": {
        "price": 7,
        "promoText": " ",
        "packageSize": "2kg",
        "packagePrice": "$3.50 per 1Kg"
      }
    }
  },
  {
    "id": "parsnip-loose",
    "brand": "Coles",
    "name": "Parsnips Loose",
    "imageUrl": "https://shop.coles.com.au/wcsstore/Coles-CAS/images/5/2/9/5298748-th.jpg",
    "categories": ["fruit-vegetables"],
    "tags": ["vegetables", "carrots-parsnips"],
    "locations": {
      "vic": {
        "price": 1.54,
        "promoText": " ",
        "packageSize": "approx. 140g",
        "packagePrice": "$11.00 per 1Kg"
      }
    }
  },
  {
    "id": "pumpkin-kent--whole",
    "brand": "Coles",
    "name": "Kent Pumpkin Whole",
    "imageUrl": "https://shop.coles.com.au/wcsstore/Coles-CAS/images/4/1/8/4183558-th.jpg",
    "categories": ["fruit-vegetables"],
    "tags": ["vegetables", "pumpkin"],
    "locations": {
      "vic": {
        "price": 12,
        "promoText": " ",
        "packageSize": "approx. 4Kg",
        "packagePrice": "$3.00 per 1Kg"
      }
    }
  },
  {
    "id": "ginger-loose",
    "brand": "Coles",
    "name": "Ginger loose",
    "imageUrl": "https://shop.coles.com.au/wcsstore/Coles-CAS/images/5/0/3/5034484-th.jpg",
    "categories": ["fruit-vegetables"],
    "tags": ["vegetables", "garlic-ginger"],
    "locations": {
      "vic": {
        "price": 5.4,
        "promoText": " ",
        "packageSize": "approx. 120g",
        "packagePrice": "$45.00 per 1Kg"
      }
    }
  },
  {
    "id": "coles-fresh-mushrooms---cup-prepacked",
    "brand": "Coles",
    "name": "Cup Mushrooms Prepacked",
    "imageUrl": "https://shop.coles.com.au/wcsstore/Coles-CAS/images/4/8/2/4829838-th.jpg",
    "categories": ["fruit-vegetables"],
    "tags": ["vegetables", "mushroms"],
    "locations": {
      "vic": {
        "price": 6,
        "promoText": " ",
        "packageSize": "500g",
        "packagePrice": "$12.00 per 1Kg"
      }
    }
  },
  {
    "id": "coles-fresh-mushrooms---cup-sliced-prepacked",
    "brand": "Coles",
    "name": "Sliced Cup Mushrooms Prepacked",
    "imageUrl": "https://shop.coles.com.au/wcsstore/Coles-CAS/images/5/7/5/5750960-th.jpg",
    "categories": ["fruit-vegetables"],
    "tags": ["vegetables", "mushroms"],
    "locations": {
      "vic": {
        "price": 4,
        "promoText": " ",
        "packageSize": "200g",
        "packagePrice": "$20.00 per 1Kg"
      }
    }
  },
  {
    "id": "coles-fresh-mushrooms---cup-prepacked-4829860p",
    "brand": "Coles",
    "name": "Cup Mushrooms Prepacked",
    "imageUrl": "https://shop.coles.com.au/wcsstore/Coles-CAS/images/4/8/2/4829860-th.jpg",
    "categories": ["fruit-vegetables"],
    "tags": ["vegetables", "mushroms"],
    "locations": {
      "vic": {
        "price": 4,
        "promoText": " ",
        "packageSize": "200g",
        "packagePrice": "$20.00 per 1Kg"
      }
    }
  },
  {
    "id": "chillies-red-loose-8760314p",
    "brand": "Coles",
    "name": "Red Cayenne Chillies loose",
    "imageUrl": "https://shop.coles.com.au/wcsstore/Coles-CAS/images/8/7/6/8760314-th.jpg",
    "categories": ["fruit-vegetables"],
    "tags": ["vegetables", "capsicum-chillies"],
    "locations": {
      "vic": {
        "price": 1.2,
        "promoText": " ",
        "packageSize": "approx. 50g",
        "packagePrice": "$24.00 per 1Kg"
      }
    }
  },
  {
    "id": "chillies-green",
    "brand": "Coles",
    "name": "Green Cayenne Chillies Loose",
    "imageUrl": "https://shop.coles.com.au/wcsstore/Coles-CAS/images/8/7/6/8760846-th.jpg",
    "categories": ["fruit-vegetables"],
    "tags": ["vegetables", "capsicum-chillies"],
    "locations": {
      "vic": {
        "price": 1.2,
        "promoText": " ",
        "packageSize": "approx. 50g",
        "packagePrice": "$24.00 per 1Kg"
      }
    }
  },
  {
    "id": "coles-fresh-chillies---jalapeno",
    "brand": "Coles",
    "name": "Jalapeno Chillies loose",
    "imageUrl": "https://shop.coles.com.au/wcsstore/Coles-CAS/images/8/7/6/8761656-th.jpg",
    "categories": ["fruit-vegetables"],
    "tags": ["vegetables", "capsicum-chillies"],
    "locations": {
      "vic": {
        "price": 1,
        "promoText": " ",
        "packageSize": "approx. 50g",
        "packagePrice": "$20.00 per 1Kg"
      }
    }
  },
  {
    "id": "beetroot-loose",
    "brand": "Coles",
    "name": "Fresh Beetroot",
    "imageUrl": "https://shop.coles.com.au/wcsstore/Coles-CAS/images/5/2/8/5288711-th.jpg",
    "categories": ["fruit-vegetables"],
    "tags": ["vegetables", "betrot"],
    "locations": {
      "vic": {
        "price": 0.85,
        "promoText": " ",
        "packageSize": "approx. 170g",
        "packagePrice": "$5.00 per 1Kg"
      }
    }
  },
  {
    "id": "cabbage-kale-green",
    "brand": "Coles",
    "name": "Green Kale",
    "imageUrl": "https://shop.coles.com.au/wcsstore/Coles-CAS/images/8/6/9/8696598-th.jpg",
    "categories": ["fruit-vegetables"],
    "tags": ["vegetables", "cabbage-brussel-sprouts"],
    "locations": {
      "vic": {
        "price": 4,
        "promoText": " ",
        "packageSize": "1 bunch",
        "packagePrice": "$4.00 per 1Ea"
      }
    }
  },
  {
    "id": "fresh-half-savoy-cabbage",
    "brand": "Coles",
    "name": "Half Savoy Cabbage",
    "imageUrl": "https://shop.coles.com.au/wcsstore/Coles-CAS/images/3/6/6/3667945-th.jpg",
    "categories": ["fruit-vegetables"],
    "tags": ["vegetables", "cabbage-brussel-sprouts"],
    "locations": {
      "vic": {
        "price": 3.5,
        "promoText": " ",
        "packageSize": "",
        "packagePrice": "$3.50 per 1Ea"
      }
    }
  },
  {
    "id": "fresh-half-wombok",
    "brand": "Coles",
    "name": "Cabbage Wombok Precut Half",
    "imageUrl": "https://shop.coles.com.au/wcsstore/Coles-CAS/images/3/6/6/3666385-th.jpg",
    "categories": ["fruit-vegetables"],
    "tags": ["vegetables", "cabbage-brussel-sprouts"],
    "locations": {
      "vic": {
        "price": 2.5,
        "promoText": " ",
        "packageSize": "",
        "packagePrice": "$2.50 per 1Ea"
      }
    }
  },
  {
    "id": "coles-fresh-cabbage---drumhead-mini",
    "brand": "Coles",
    "name": "Drumhead Cabbage Mini",
    "imageUrl": "https://shop.coles.com.au/wcsstore/Coles-CAS/images/1/4/7/1475874-th.jpg",
    "categories": ["fruit-vegetables"],
    "tags": ["vegetables", "cabbage-brussel-sprouts"],
    "locations": {
      "vic": {
        "price": 5.9,
        "promoText": " ",
        "packageSize": "",
        "packagePrice": "$5.90 per 1Ea"
      }
    }
  },
  {
    "id": "fresh-half-drumhead-cabbage",
    "brand": "Coles",
    "name": "Half Drumhead Cabbage",
    "imageUrl": "https://shop.coles.com.au/wcsstore/Coles-CAS/images/3/6/6/3666396-th.jpg",
    "categories": ["fruit-vegetables"],
    "tags": ["vegetables", "cabbage-brussel-sprouts"],
    "locations": {
      "vic": {
        "price": 3.5,
        "promoText": " ",
        "packageSize": "",
        "packagePrice": "$3.50 per 1Ea"
      }
    }
  },
  {
    "id": "coles-coles-green-beans",
    "brand": "Coles",
    "name": "Green Beans Prepacked",
    "imageUrl": "https://shop.coles.com.au/wcsstore/Coles-CAS/images/3/2/1/3214270-th.jpg",
    "categories": ["fruit-vegetables"],
    "tags": ["vegetables", "peas-beans"],
    "locations": {
      "vic": {
        "price": 3.4,
        "promoText": " ",
        "packageSize": "500g",
        "packagePrice": "$6.80 per 1Kg"
      }
    }
  },
  {
    "id": "peas-snow-prepacked-4628326p",
    "brand": "Coles",
    "name": "Snow Peas Medium Prepacked",
    "imageUrl": "https://shop.coles.com.au/wcsstore/Coles-CAS/images/4/6/2/4628326-th.jpg",
    "categories": ["fruit-vegetables"],
    "tags": ["vegetables", "peas-beans"],
    "locations": {
      "vic": {
        "price": 3,
        "promoText": "Any 2 $5",
        "packageSize": "150g",
        "packagePrice": "$2.00 per 100G"
      }
    }
  },
  {
    "id": "peas-sugar-snap-prepacked-4619289p",
    "brand": "Coles",
    "name": "Sugar Snap Peas Prepacked",
    "imageUrl": "https://shop.coles.com.au/wcsstore/Coles-CAS/images/4/6/1/4619289-th.jpg",
    "categories": ["fruit-vegetables"],
    "tags": ["vegetables", "peas-beans"],
    "locations": {
      "vic": {
        "price": 3.5,
        "promoText": "Any 2 $5",
        "packageSize": "150g",
        "packagePrice": "$23.33 per 1Kg"
      }
    }
  },
  {
    "id": "silverbeet-bunch",
    "brand": "Coles",
    "name": "Silverbeet",
    "imageUrl": "https://shop.coles.com.au/wcsstore/Coles-CAS/images/4/0/8/408383-th.jpg",
    "categories": ["fruit-vegetables"],
    "tags": ["vegetables", "spinach-silverbet"],
    "locations": {
      "vic": {
        "price": 4.5,
        "promoText": " ",
        "packageSize": "1 bunch",
        "packagePrice": "$4.50 per 1Ea"
      }
    }
  },
  {
    "id": "broccoli-loose",
    "brand": "Coles",
    "name": "Broccoli",
    "imageUrl": "https://shop.coles.com.au/wcsstore/Coles-CAS/images/4/0/7/407755-th.jpg",
    "categories": ["fruit-vegetables"],
    "tags": ["vegetables", "broccoli-cauliflower"],
    "locations": {
      "vic": {
        "price": 1.67,
        "promoText": " ",
        "packageSize": "Approx. 340g",
        "packagePrice": "$4.90 per 1Kg"
      }
    }
  },
  {
    "id": "choy-pak",
    "brand": "Coles",
    "name": "Asian Pak Choy",
    "imageUrl": "https://shop.coles.com.au/wcsstore/Coles-CAS/images/4/5/6/4567039-th.jpg",
    "categories": ["fruit-vegetables"],
    "tags": ["vegetables", "bok-choy-asian-grens"],
    "locations": {
      "vic": {
        "price": 2.5,
        "promoText": " ",
        "packageSize": "1 bunch",
        "packagePrice": "$2.50 per 1Ea"
      }
    }
  },
  {
    "id": "choy-buk",
    "brand": "Coles",
    "name": "Asian Buk Choy",
    "imageUrl": "https://shop.coles.com.au/wcsstore/Coles-CAS/images/4/5/6/4565907-th.jpg",
    "categories": ["fruit-vegetables"],
    "tags": ["vegetables", "bok-choy-asian-grens"],
    "locations": {
      "vic": {
        "price": 2.5,
        "promoText": " ",
        "packageSize": "1 bunch",
        "packagePrice": "$2.50 per 1Ea"
      }
    }
  },
  {
    "id": "onions-spring",
    "brand": "Coles",
    "name": "Spring Onions",
    "imageUrl": "https://shop.coles.com.au/wcsstore/Coles-CAS/images/4/0/8/408419-th.jpg",
    "categories": ["fruit-vegetables"],
    "tags": ["vegetables", "onion-leks"],
    "locations": {
      "vic": {
        "price": 1.8,
        "promoText": " ",
        "packageSize": "1 bunch",
        "packagePrice": "$1.80 per 1Ea"
      }
    }
  },
  {
    "id": "turnip-loose",
    "brand": "Coles",
    "name": "Fresh Turnips",
    "imageUrl": "https://shop.coles.com.au/wcsstore/Coles-CAS/images/4/9/6/4966737-th.jpg",
    "categories": ["fruit-vegetables"],
    "tags": ["vegetables", "turnips-rot-veg"],
    "locations": {
      "vic": {
        "price": 1.08,
        "promoText": " ",
        "packageSize": "approx. 180g",
        "packagePrice": "$6.00 per 1Kg"
      }
    }
  },
  {
    "id": "swedes-loose",
    "brand": "Coles",
    "name": "Fresh Swedes",
    "imageUrl": "https://shop.coles.com.au/wcsstore/Coles-CAS/images/4/9/6/4966930-th.jpg",
    "categories": ["fruit-vegetables"],
    "tags": ["vegetables", "turnips-rot-veg"],
    "locations": {
      "vic": {
        "price": 1.38,
        "promoText": " ",
        "packageSize": "approx. 230g",
        "packagePrice": "$6.00 per 1Kg"
      }
    }
  },
  {
    "id": "gourmet-garden-lightly-dried-basil-pot",
    "brand": "Gourmet Garden",
    "name": "Lightly Dried Basil",
    "imageUrl": "https://shop.coles.com.au/wcsstore/Coles-CAS/images/2/9/9/2997944-th.jpg",
    "categories": ["fruit-vegetables"],
    "tags": ["salad-herbs", "herbs"],
    "locations": {
      "vic": {
        "price": 3.5,
        "promoText": " ",
        "packageSize": "10g",
        "packagePrice": "$3.50 per 10G"
      }
    }
  },
  {
    "id": "gourmet-garden-lightly-dried-parsley-pot",
    "brand": "Gourmet Garden",
    "name": "Lightly Dried Parsley Prepacked",
    "imageUrl": "https://shop.coles.com.au/wcsstore/Coles-CAS/images/2/9/9/2999327-th.jpg",
    "categories": ["fruit-vegetables"],
    "tags": ["salad-herbs", "herbs"],
    "locations": {
      "vic": {
        "price": 3.5,
        "promoText": " ",
        "packageSize": "8g",
        "packagePrice": "$4.38 per 10G"
      }
    }
  },
  {
    "id": "gourmet-garden-lightly-dried-coriander-pot-2999258p",
    "brand": "Gourmet Garden",
    "name": "Lightly Dried Coriander",
    "imageUrl": "https://shop.coles.com.au/wcsstore/Coles-CAS/images/2/9/9/2999258-th.jpg",
    "categories": ["fruit-vegetables"],
    "tags": ["salad-herbs", "herbs"],
    "locations": {
      "vic": {
        "price": 3.5,
        "promoText": " ",
        "packageSize": "8g",
        "packagePrice": "$4.38 per 10G"
      }
    }
  },
  {
    "id": "cs-coles-coriander-punnet",
    "brand": "Coles",
    "name": "Coriander Punnet",
    "imageUrl": "https://shop.coles.com.au/wcsstore/Coles-CAS/images/3/2/1/3214612-th.jpg",
    "categories": ["fruit-vegetables"],
    "tags": ["salad-herbs", "herbs"],
    "locations": {
      "vic": {
        "price": 3,
        "promoText": "Any 2 $5",
        "packageSize": "15g",
        "packagePrice": "$2.00 per 10G"
      }
    }
  },
  {
    "id": "cs-coles-basil-punnet",
    "brand": "Coles",
    "name": "Basil Punnet",
    "imageUrl": "https://shop.coles.com.au/wcsstore/Coles-CAS/images/3/2/1/3214521-th.jpg",
    "categories": ["fruit-vegetables"],
    "tags": ["salad-herbs", "herbs"],
    "locations": {
      "vic": {
        "price": 3,
        "promoText": "Any 2 $5",
        "packageSize": "15g",
        "packagePrice": "$2.00 per 10G"
      }
    }
  },
  {
    "id": "cs-coles-mint-punnet",
    "brand": "Coles",
    "name": "Mint Punnet",
    "imageUrl": "https://shop.coles.com.au/wcsstore/Coles-CAS/images/3/2/1/3214725-th.jpg",
    "categories": ["fruit-vegetables"],
    "tags": ["salad-herbs", "herbs"],
    "locations": {
      "vic": {
        "price": 3,
        "promoText": "Any 2 $5",
        "packageSize": "15g",
        "packagePrice": "$2.00 per 10G"
      }
    }
  },
  {
    "id": "gourmet-garden-lightly-dried-chives-pot",
    "brand": "Gourmet Garden",
    "name": "Lightly Dried Chives",
    "imageUrl": "https://shop.coles.com.au/wcsstore/Coles-CAS/images/2/9/9/2999316-th.jpg",
    "categories": ["fruit-vegetables"],
    "tags": ["salad-herbs", "herbs"],
    "locations": {
      "vic": {
        "price": 3.5,
        "promoText": " ",
        "packageSize": "4g",
        "packagePrice": "$8.75 per 10G"
      }
    }
  },
  {
    "id": "gourmet-garden-lightly-dried-chilli-pot",
    "brand": "Gourmet Garden",
    "name": "Lightly Dried Chilli",
    "imageUrl": "https://shop.coles.com.au/wcsstore/Coles-CAS/images/2/9/9/2999214-th.jpg",
    "categories": ["fruit-vegetables"],
    "tags": ["salad-herbs", "herbs"],
    "locations": {
      "vic": {
        "price": 3.5,
        "promoText": " ",
        "packageSize": "10g",
        "packagePrice": "$3.50 per 10G"
      }
    }
  },
  {
    "id": "gourmet-garden-lightly-dried-mixed-herb-pot",
    "brand": "Gourmet Garden",
    "name": "Lightly Dried Mixed Herbs Prepacked",
    "imageUrl": "https://shop.coles.com.au/wcsstore/Coles-CAS/images/2/9/9/2997999-th.jpg",
    "categories": ["fruit-vegetables"],
    "tags": ["salad-herbs", "herbs"],
    "locations": {
      "vic": {
        "price": 3.5,
        "promoText": " ",
        "packageSize": "8g",
        "packagePrice": "$4.38 per 10G"
      }
    }
  },
  {
    "id": "gourmet-garden-lightly-dried-garlic-3307848p",
    "brand": "Gourmet Garden",
    "name": "Lightly Dried Garlic",
    "imageUrl": "https://shop.coles.com.au/wcsstore/Coles-CAS/images/3/3/0/3307848-th.jpg",
    "categories": ["fruit-vegetables"],
    "tags": ["salad-herbs", "herbs"],
    "locations": {
      "vic": {
        "price": 3.5,
        "promoText": " ",
        "packageSize": "10g",
        "packagePrice": "$3.50 per 10G"
      }
    }
  },
  {
    "id": "coles-coleslaw",
    "brand": "Coles",
    "name": "Coleslaw",
    "imageUrl": "https://shop.coles.com.au/wcsstore/Coles-CAS/images/2/7/9/2791406-th.jpg",
    "categories": ["fruit-vegetables"],
    "tags": ["salad-herbs", "salad-bags"],
    "locations": {
      "vic": {
        "price": 2,
        "promoText": " ",
        "packageSize": "200g",
        "packagePrice": "$10.00 per 1Kg"
      }
    }
  },
  {
    "id": "coles-superfood-vegetable-mix",
    "brand": "Coles",
    "name": "Superfood Vegetable Mix",
    "imageUrl": "https://shop.coles.com.au/wcsstore/Coles-CAS/images/3/0/1/3016120-th.jpg",
    "categories": ["fruit-vegetables"],
    "tags": ["salad-herbs", "salad-bags"],
    "locations": {
      "vic": {
        "price": 3,
        "promoText": " ",
        "packageSize": "350g",
        "packagePrice": "$8.57 per 1Kg"
      }
    }
  },
  {
    "id": "coles-kaleslaw-salad-kit",
    "brand": "Coles",
    "name": "Kaleslaw Salad Kit Prepacked",
    "imageUrl": "https://shop.coles.com.au/wcsstore/Coles-CAS/images/2/7/9/2790390-th.jpg",
    "categories": ["fruit-vegetables"],
    "tags": ["salad-herbs", "salad-bowls-kits"],
    "locations": {
      "vic": {
        "price": 5,
        "promoText": " ",
        "packageSize": "350g",
        "packagePrice": "$14.29 per 1Kg"
      }
    }
  },
  {
    "id": "coles-asian-style-salad-kit",
    "brand": "Coles",
    "name": "Asian Style Salad Kit",
    "imageUrl": "https://shop.coles.com.au/wcsstore/Coles-CAS/images/2/7/8/2787974-th.jpg",
    "categories": ["fruit-vegetables"],
    "tags": ["salad-herbs", "salad-bowls-kits"],
    "locations": {
      "vic": {
        "price": 5,
        "promoText": " ",
        "packageSize": "350g",
        "packagePrice": "$14.29 per 1Kg"
      }
    }
  },
  {
    "id": "coles-mediterranean-slaw-kit",
    "brand": "Coles",
    "name": "Mediterranean Style Salad Kit",
    "imageUrl": "https://shop.coles.com.au/wcsstore/Coles-CAS/images/3/6/1/3615431-th.jpg",
    "categories": ["fruit-vegetables"],
    "tags": ["salad-herbs", "salad-bowls-kits"],
    "locations": {
      "vic": {
        "price": 5,
        "promoText": " ",
        "packageSize": "350g",
        "packagePrice": "$14.29 per 1Kg"
      }
    }
  },
  {
    "id": "coles-japanese-slaw-kit",
    "brand": "Coles",
    "name": "Pokeslaw Salad Kit",
    "imageUrl": "https://shop.coles.com.au/wcsstore/Coles-CAS/images/3/6/1/3615544-th.jpg",
    "categories": ["fruit-vegetables"],
    "tags": ["salad-herbs", "salad-bowls-kits"],
    "locations": {
      "vic": {
        "price": 5,
        "promoText": " ",
        "packageSize": "400g",
        "packagePrice": "$1.25 per 100G"
      }
    }
  },
  {
    "id": "coles-family-coleslaw-kit",
    "brand": "Coles",
    "name": "Coleslaw Family Kit",
    "imageUrl": "https://shop.coles.com.au/wcsstore/Coles-CAS/images/3/6/1/3615657-th.jpg",
    "categories": ["fruit-vegetables"],
    "tags": ["salad-herbs", "salad-bowls-kits"],
    "locations": {
      "vic": {
        "price": 4,
        "promoText": " ",
        "packageSize": "520g",
        "packagePrice": "$7.69 per 1Kg"
      }
    }
  },
  {
    "id": "coles-caesar-salad-kit",
    "brand": "Coles",
    "name": "Caesar Salad Kit Prepacked",
    "imageUrl": "https://shop.coles.com.au/wcsstore/Coles-CAS/images/2/7/8/2789619-th.jpg",
    "categories": ["fruit-vegetables"],
    "tags": ["salad-herbs", "salad-bowls-kits"],
    "locations": {
      "vic": {
        "price": 5,
        "promoText": " ",
        "packageSize": "265g",
        "packagePrice": "$1.89 per 100G"
      }
    }
  },
  {
    "id": "coles-asian-style-salad-bowl",
    "brand": "Coles",
    "name": "Asian Style Salad Bowl",
    "imageUrl": "https://shop.coles.com.au/wcsstore/Coles-CAS/images/2/7/8/2786585-th.jpg",
    "categories": ["fruit-vegetables"],
    "tags": ["salad-herbs", "salad-bowls-kits"],
    "locations": {
      "vic": {
        "price": 5,
        "promoText": " ",
        "packageSize": "230g",
        "packagePrice": "$21.74 per 1Kg"
      }
    }
  },
  {
    "id": "coles-bbq-chicken-bowl",
    "brand": "Coles",
    "name": "BBQ Chicken Salad Bowl",
    "imageUrl": "https://shop.coles.com.au/wcsstore/Coles-CAS/images/3/6/1/3617812-th.jpg",
    "categories": ["fruit-vegetables"],
    "tags": ["salad-herbs", "salad-bowls-kits"],
    "locations": {
      "vic": {
        "price": 6,
        "promoText": " ",
        "packageSize": "190g",
        "packagePrice": "$3.16 per 100G"
      }
    }
  },
  {
    "id": "coles-chicken-caesar-salad-bowl-3294724p",
    "brand": "Coles",
    "name": "Chicken Caesar Salad Bowl",
    "imageUrl": "https://shop.coles.com.au/wcsstore/Coles-CAS/images/3/2/9/3294724-th.jpg",
    "categories": ["fruit-vegetables"],
    "tags": ["salad-herbs", "salad-bowls-kits"],
    "locations": {
      "vic": {
        "price": 6,
        "promoText": " ",
        "packageSize": "180g",
        "packagePrice": "$3.33 per 100G"
      }
    }
  },
  {
    "id": "coles-burger-slaw-kit",
    "brand": "Coles",
    "name": "Special Burger Slaw Kit",
    "imageUrl": "https://shop.coles.com.au/wcsstore/Coles-CAS/images/3/6/1/3615602-th.jpg",
    "categories": ["fruit-vegetables"],
    "tags": ["salad-herbs", "salad-bowls-kits"],
    "locations": {
      "vic": {
        "price": 5,
        "promoText": " ",
        "packageSize": "350g",
        "packagePrice": "$14.29 per 1Kg"
      }
    }
  },
  {
    "id": "coles-dry-roasted-almonds-prepacked-2123395p",
    "brand": "Coles",
    "name": "Dry Roasted Almonds Prepacked",
    "imageUrl": "https://shop.coles.com.au/wcsstore/Coles-CAS/images/2/1/2/2123395-th.jpg",
    "categories": ["fruit-vegetables"],
    "tags": ["nuts-dried-fruit", "nuts-snacks"],
    "locations": {
      "vic": {
        "price": 7,
        "promoText": " ",
        "packageSize": "400g",
        "packagePrice": "$1.75 per 100G"
      }
    }
  },
  {
    "id": "coles-natural-almonds-prepacked",
    "brand": "Coles",
    "name": "Natural Almonds Prepacked",
    "imageUrl": "https://shop.coles.com.au/wcsstore/Coles-CAS/images/2/1/2/2123599-th.jpg",
    "categories": ["fruit-vegetables"],
    "tags": ["nuts-dried-fruit", "nuts-snacks"],
    "locations": {
      "vic": {
        "price": 7,
        "promoText": " ",
        "packageSize": "400g",
        "packagePrice": "$17.50 per 1Kg"
      }
    }
  },
  {
    "id": "coles-californian-walnut-kernels-prepacked",
    "brand": "Coles",
    "name": "Natural Californian Walnut",
    "imageUrl": "https://shop.coles.com.au/wcsstore/Coles-CAS/images/2/1/2/2123330-th.jpg",
    "categories": ["fruit-vegetables"],
    "tags": ["nuts-dried-fruit", "nuts-snacks"],
    "locations": {
      "vic": {
        "price": 9,
        "promoText": " ",
        "packageSize": "400g",
        "packagePrice": "$22.50 per 1Kg"
      }
    }
  },
  {
    "id": "coles-roasted-salted-pistachios-prepacked",
    "brand": "Coles",
    "name": "Roasted & Salted Pistachios Prepacked",
    "imageUrl": "https://shop.coles.com.au/wcsstore/Coles-CAS/images/2/1/3/2131611-th.jpg",
    "categories": ["fruit-vegetables"],
    "tags": ["nuts-dried-fruit", "nuts-snacks"],
    "locations": {
      "vic": {
        "price": 10,
        "promoText": " ",
        "packageSize": "400g",
        "packagePrice": "$2.50 per 100G"
      }
    }
  },
  {
    "id": "coles-roasted-salted-cashews-prepacked",
    "brand": "Coles",
    "name": "Roasted & Salted Cashews",
    "imageUrl": "https://shop.coles.com.au/wcsstore/Coles-CAS/images/2/1/2/2123646-th.jpg",
    "categories": ["fruit-vegetables"],
    "tags": ["nuts-dried-fruit", "nuts-snacks"],
    "locations": {
      "vic": {
        "price": 9,
        "promoText": " ",
        "packageSize": "400g",
        "packagePrice": "$22.50 per 1Kg"
      }
    }
  },
  {
    "id": "coles-fresh-natural-almonds-prepacked",
    "brand": "Coles",
    "name": "Natural Almonds",
    "imageUrl": "https://shop.coles.com.au/wcsstore/Coles-CAS/images/2/1/2/2123602-th.jpg",
    "categories": ["fruit-vegetables"],
    "tags": ["nuts-dried-fruit", "nuts-snacks"],
    "locations": {
      "vic": {
        "price": 16,
        "promoText": " ",
        "packageSize": "800g",
        "packagePrice": "$2.00 per 100G"
      }
    }
  },
  {
    "id": "coles-roasted-salted-cashews",
    "brand": "Coles",
    "name": "Roasted & Salted Cashews",
    "imageUrl": "https://shop.coles.com.au/wcsstore/Coles-CAS/images/2/1/2/2123668-th.jpg",
    "categories": ["fruit-vegetables"],
    "tags": ["nuts-dried-fruit", "nuts-snacks"],
    "locations": {
      "vic": {
        "price": 16,
        "promoText": " ",
        "packageSize": "800g",
        "packagePrice": "$20.00 per 1Kg"
      }
    }
  },
  {
    "id": "coles-fresh-natural-cashews-prepacked",
    "brand": "Coles",
    "name": "Natural Cashews",
    "imageUrl": "https://shop.coles.com.au/wcsstore/Coles-CAS/images/2/2/2/2222229-th.jpg",
    "categories": ["fruit-vegetables"],
    "tags": ["nuts-dried-fruit", "nuts-snacks"],
    "locations": {
      "vic": {
        "price": 9,
        "promoText": " ",
        "packageSize": "400g",
        "packagePrice": "$22.50 per 1Kg"
      }
    }
  },
  {
    "id": "coles-fresh-dry-roasted-jumbo-cashews-prepacked",
    "brand": "Coles",
    "name": "Dry Roasted Cashews",
    "imageUrl": "https://shop.coles.com.au/wcsstore/Coles-CAS/images/2/1/2/2123500-th.jpg",
    "categories": ["fruit-vegetables"],
    "tags": ["nuts-dried-fruit", "nuts-snacks"],
    "locations": {
      "vic": {
        "price": 9,
        "promoText": " ",
        "packageSize": "400g",
        "packagePrice": "$22.50 per 1Kg"
      }
    }
  },
  {
    "id": "coles-natural-macadamias-prepacked",
    "brand": "Coles",
    "name": "Natural Macadamia Nuts Prepacked",
    "imageUrl": "https://shop.coles.com.au/wcsstore/Coles-CAS/images/5/2/7/5272391-th.jpg",
    "categories": ["fruit-vegetables"],
    "tags": ["nuts-dried-fruit", "nuts-snacks"],
    "locations": {
      "vic": {
        "price": 17,
        "promoText": " ",
        "packageSize": "400g",
        "packagePrice": "$42.50 per 1Kg"
      }
    }
  },
  {
    "id": "brazil-nuts-coles-brand-prepacked",
    "brand": "Coles",
    "name": "Brazil Nuts",
    "imageUrl": "https://shop.coles.com.au/wcsstore/Coles-CAS/images/5/9/7/5973283-th.jpg",
    "categories": ["fruit-vegetables"],
    "tags": ["nuts-dried-fruit", "nuts-snacks"],
    "locations": {
      "vic": {
        "price": 14,
        "promoText": " ",
        "packageSize": "400g",
        "packagePrice": "$35.00 per 1Kg"
      }
    }
  },
  {
    "id": "banana-chips-dried-prepacked",
    "brand": "Coles",
    "name": "Dried Banana Chips",
    "imageUrl": "https://shop.coles.com.au/wcsstore/Coles-CAS/images/5/2/2/5221812-th.jpg",
    "categories": ["fruit-vegetables"],
    "tags": ["nuts-dried-fruit", "nuts-snacks"],
    "locations": {
      "vic": {
        "price": 5,
        "promoText": " ",
        "packageSize": "400g",
        "packagePrice": "$12.50 per 1Kg"
      }
    }
  },
  {
    "id": "coles-brazil-nuts-3559308p",
    "brand": "Coles",
    "name": "Brazil Nuts",
    "imageUrl": "https://shop.coles.com.au/wcsstore/Coles-CAS/images/3/5/5/3559308-th.jpg",
    "categories": ["fruit-vegetables"],
    "tags": ["nuts-dried-fruit", "nuts-snacks"],
    "locations": {
      "vic": {
        "price": 5,
        "promoText": " ",
        "packageSize": "150g",
        "packagePrice": "$3.33 per 100G"
      }
    }
  },
  {
    "id": "coles-pistachio-kernels-3743169p",
    "brand": "Coles",
    "name": "Roasted Pistachio Kernels",
    "imageUrl": "https://shop.coles.com.au/wcsstore/Coles-CAS/images/3/7/4/3743169-th.jpg",
    "categories": ["fruit-vegetables"],
    "tags": ["nuts-dried-fruit", "nuts-snacks"],
    "locations": {
      "vic": {
        "price": 12,
        "promoText": " ",
        "packageSize": "200g",
        "packagePrice": "$60.00 per 1Kg"
      }
    }
  },
  {
    "id": "coles-peanuts-and-cashews",
    "brand": "Coles",
    "name": "Peanuts & Cashews R & S",
    "imageUrl": "https://shop.coles.com.au/wcsstore/Coles-CAS/images/2/7/4/2742513-th.jpg",
    "categories": ["fruit-vegetables"],
    "tags": ["nuts-dried-fruit", "nuts-snacks"],
    "locations": {
      "vic": {
        "price": 9.99,
        "promoText": " ",
        "packageSize": "800g",
        "packagePrice": "$12.49 per 1Kg"
      }
    }
  },
  {
    "id": "coles-fruit-nut-mix",
    "brand": "Coles",
    "name": "Fruit & Nut Mix",
    "imageUrl": "https://shop.coles.com.au/wcsstore/Coles-CAS/images/2/1/5/2150365-th.jpg",
    "categories": ["fruit-vegetables"],
    "tags": ["nuts-dried-fruit", "fruit-nut-blend"],
    "locations": {
      "vic": {
        "price": 5,
        "promoText": " ",
        "packageSize": "400g",
        "packagePrice": "$12.50 per 1Kg"
      }
    }
  },
  {
    "id": "trail-coles-brand-mix-prepacked",
    "brand": "Coles",
    "name": "Trail Mix",
    "imageUrl": "https://shop.coles.com.au/wcsstore/Coles-CAS/images/5/4/7/5476234-th.jpg",
    "categories": ["fruit-vegetables"],
    "tags": ["nuts-dried-fruit", "fruit-nut-blend"],
    "locations": {
      "vic": {
        "price": 5,
        "promoText": " ",
        "packageSize": "400g",
        "packagePrice": "$12.50 per 1Kg"
      }
    }
  },
  {
    "id": "coles-honey-cashews",
    "brand": "Coles",
    "name": "Honey Cashews",
    "imageUrl": "https://shop.coles.com.au/wcsstore/Coles-CAS/images/3/5/0/3505240-th.jpg",
    "categories": ["fruit-vegetables"],
    "tags": ["nuts-dried-fruit", "fruit-nut-blend"],
    "locations": {
      "vic": {
        "price": 9,
        "promoText": " ",
        "packageSize": "350g",
        "packagePrice": "$25.72 per 1Kg"
      }
    }
  },
  {
    "id": "coles-beef-mince-4-star-lean",
    "brand": "Coles",
    "name": "Lean Beef Mince",
    "imageUrl": "https://shop.coles.com.au/wcsstore/Coles-CAS/images/8/8/5/8850450-th.jpg",
    "categories": ["meat-seafood-deli"],
    "tags": ["meat", "bef"],
    "locations": {
      "vic": {
        "price": 7.5,
        "promoText": " ",
        "packageSize": "500g",
        "packagePrice": "$1.50 per 100G"
      }
    }
  },
  {
    "id": "coles-beef-mince-3-star-8850188p",
    "brand": "Coles",
    "name": "3 Star Regular Beef Mince",
    "imageUrl": "https://shop.coles.com.au/wcsstore/Coles-CAS/images/8/8/5/8850188-th.jpg",
    "categories": ["meat-seafood-deli"],
    "tags": ["meat", "bef"],
    "locations": {
      "vic": {
        "price": 6,
        "promoText": " ",
        "packageSize": "500g",
        "packagePrice": "$1.20 per 100G"
      }
    }
  },
  {
    "id": "coles-beef-mince-3-star",
    "brand": "Coles",
    "name": "3 Star Beef Regular Mince",
    "imageUrl": "https://shop.coles.com.au/wcsstore/Coles-CAS/images/8/8/5/8850814-th.jpg",
    "categories": ["meat-seafood-deli"],
    "tags": ["meat", "bef"],
    "locations": {
      "vic": {
        "price": 11,
        "promoText": " ",
        "packageSize": "1kg",
        "packagePrice": "$11.00 per 1Kg"
      }
    }
  },
  {
    "id": "coles-beef-stir-fry-9990965p",
    "brand": "Coles",
    "name": "Beef Stir Fry Strips",
    "imageUrl": "https://shop.coles.com.au/wcsstore/Coles-CAS/images/9/9/9/9990965-th.jpg",
    "categories": ["meat-seafood-deli"],
    "tags": ["meat", "bef"],
    "locations": {
      "vic": {
        "price": 10,
        "promoText": " ",
        "packageSize": "500g",
        "packagePrice": "$20.00 per 1Kg"
      }
    }
  },
  {
    "id": "coles-beef-eye-fillet-steak-8599569p",
    "brand": "Coles",
    "name": "Beef Eye Fillet Steak",
    "imageUrl": "https://shop.coles.com.au/wcsstore/Coles-CAS/images/8/5/9/8599569-th.jpg",
    "categories": ["meat-seafood-deli"],
    "tags": ["meat", "bef"],
    "locations": {
      "vic": {
        "price": 11.06,
        "promoText": "$2.84 ",
        "packageSize": "approx. 316g",
        "packagePrice": "$35.00 per 1Kg"
      }
    }
  },
  {
    "id": "coles-beef-gravy-steak-1-2-pieces",
    "brand": "Coles",
    "name": "Ready Retail 11x5 Gravy Beef",
    "imageUrl": "https://shop.coles.com.au/wcsstore/Coles-CAS/images/8/5/9/8599332-th.jpg",
    "categories": ["meat-seafood-deli"],
    "tags": ["meat", "bef"],
    "locations": {
      "vic": {
        "price": 9,
        "promoText": " ",
        "packageSize": "approx. 500g",
        "packagePrice": "$18.00 per 1Kg"
      }
    }
  },
  {
    "id": "coles-beef-scotch-fillet-steak-2-3-pieces",
    "brand": "Coles",
    "name": "Ready Retail 11x5 Beef Scotch Fillet Steak",
    "imageUrl": "https://shop.coles.com.au/wcsstore/Coles-CAS/images/8/9/0/8905916-th.jpg",
    "categories": ["meat-seafood-deli"],
    "tags": ["meat", "bef"],
    "locations": {
      "vic": {
        "price": 19.38,
        "promoText": " ",
        "packageSize": "approx. 570g",
        "packagePrice": "$34.00 per 1Kg"
      }
    }
  },
  {
    "id": "coles-beef-rump-steak-1-2-pieces",
    "brand": "Coles",
    "name": "Ready Retail 11x5 Beef Rump Steak",
    "imageUrl": "https://shop.coles.com.au/wcsstore/Coles-CAS/images/8/9/0/8905993-th.jpg",
    "categories": ["meat-seafood-deli"],
    "tags": ["meat", "bef"],
    "locations": {
      "vic": {
        "price": 10,
        "promoText": " ",
        "packageSize": "approx. 500g",
        "packagePrice": "$20.00 per 1Kg"
      }
    }
  },
  {
    "id": "coles-beef-diced",
    "brand": "Coles",
    "name": "Diced Beef",
    "imageUrl": "https://shop.coles.com.au/wcsstore/Coles-CAS/images/9/9/8/9989977-th.jpg",
    "categories": ["meat-seafood-deli"],
    "tags": ["meat", "bef"],
    "locations": {
      "vic": {
        "price": 10,
        "promoText": " ",
        "packageSize": "500g",
        "packagePrice": "$20.00 per 1Kg"
      }
    }
  },
  {
    "id": "coles-beef-lean-5-star-mince",
    "brand": "Coles",
    "name": "5 Star Extra Lean Beef Mince",
    "imageUrl": "https://shop.coles.com.au/wcsstore/Coles-CAS/images/8/8/5/8850654-th.jpg",
    "categories": ["meat-seafood-deli"],
    "tags": ["meat", "bef"],
    "locations": {
      "vic": {
        "price": 8.5,
        "promoText": " ",
        "packageSize": "500g",
        "packagePrice": "$17.00 per 1Kg"
      }
    }
  },
  {
    "id": "graze-grassfed-beef-mince",
    "brand": "Coles",
    "name": "Graze Grass Fed Beef Mince",
    "imageUrl": "https://shop.coles.com.au/wcsstore/Coles-CAS/images/2/0/2/2024280-th.jpg",
    "categories": ["meat-seafood-deli"],
    "tags": ["meat", "bef"],
    "locations": {
      "vic": {
        "price": 8,
        "promoText": " ",
        "packageSize": "500g",
        "packagePrice": "$16.00 per 1Kg"
      }
    }
  },
  {
    "id": "cook-with-curtis-mince-italian-style-pork-beef",
    "brand": "Cook With Curtis",
    "name": "Italian Recipe Beef And Pork Mince",
    "imageUrl": "https://shop.coles.com.au/wcsstore/Coles-CAS/images/3/4/9/3492965-th.jpg",
    "categories": ["meat-seafood-deli"],
    "tags": ["meat", "bef"],
    "locations": {
      "vic": {
        "price": 7,
        "promoText": "$1.50 ",
        "packageSize": "500g",
        "packagePrice": "$1.40 per 100G"
      }
    }
  },
  {
    "id": "coles-beef-t-bone-steak-2-3-pieces",
    "brand": "Coles",
    "name": "Ready Retail 11x9 Beef T Bone Steak",
    "imageUrl": "https://shop.coles.com.au/wcsstore/Coles-CAS/images/8/6/0/8601616-th.jpg",
    "categories": ["meat-seafood-deli"],
    "tags": ["meat", "bef"],
    "locations": {
      "vic": {
        "price": 20.21,
        "promoText": " ",
        "packageSize": "approx. 842g",
        "packagePrice": "$24.00 per 1Kg"
      }
    }
  },
  {
    "id": "graze-grassfed-beef-scotch-fillet-steak-1-piece",
    "brand": "Coles",
    "name": "Graze Grass Fed Beef Scotch Fillet",
    "imageUrl": "https://shop.coles.com.au/wcsstore/Coles-CAS/images/2/0/2/2023754-th.jpg",
    "categories": ["meat-seafood-deli"],
    "tags": ["meat", "bef"],
    "locations": {
      "vic": {
        "price": 12.9,
        "promoText": " ",
        "packageSize": "approx. 300g",
        "packagePrice": "$43.00 per 1Kg"
      }
    }
  },
  {
    "id": "coles-oyster-blade-steak",
    "brand": "Coles",
    "name": "Oyster Blade Steak",
    "imageUrl": "https://shop.coles.com.au/wcsstore/Coles-CAS/images/3/5/8/3582434-th.jpg",
    "categories": ["meat-seafood-deli"],
    "tags": ["meat", "bef"],
    "locations": {
      "vic": {
        "price": 8.5,
        "promoText": "$0.50 ",
        "packageSize": "450g",
        "packagePrice": "$18.89 per 1Kg"
      }
    }
  },
  {
    "id": "coles-finest-angus-beef-eye-fillet-steak",
    "brand": "Coles Finest",
    "name": "Angus Beef Eye Fillet Steak 1 Piece",
    "imageUrl": "https://shop.coles.com.au/wcsstore/Coles-CAS/images/8/7/7/8772302-th.jpg",
    "categories": ["meat-seafood-deli"],
    "tags": ["meat", "bef"],
    "locations": {
      "vic": {
        "price": 15.36,
        "promoText": " ",
        "packageSize": "approx. 256g",
        "packagePrice": "$60.00 per 1Kg"
      }
    }
  },
  {
    "id": "coles-bef-blade-roast-with-pastrami-rub",
    "brand": "Coles",
    "name": "Beef Blade Roast With Pastrami Rub",
    "imageUrl": "https://shop.coles.com.au/wcsstore/Coles-CAS/images/3/7/6/3767393-th.jpg",
    "categories": ["meat-seafood-deli"],
    "tags": ["meat", "bef"],
    "locations": {
      "vic": {
        "price": 16,
        "promoText": "$2.00 ",
        "packageSize": "approx. 1kg",
        "packagePrice": "$16.00 per 1Kg"
      }
    }
  },
  {
    "id": "cook-with-curtis-beef-mince-mexican",
    "brand": "Cook With Curtis",
    "name": "Mexican Recipe Beef Mince",
    "imageUrl": "https://shop.coles.com.au/wcsstore/Coles-CAS/images/3/5/1/3517206-th.jpg",
    "categories": ["meat-seafood-deli"],
    "tags": ["meat", "bef"],
    "locations": {
      "vic": {
        "price": 7,
        "promoText": "$1.50 ",
        "packageSize": "500g",
        "packagePrice": "$14.00 per 1Kg"
      }
    }
  },
  {
    "id": "coles-no-added-hormone-beef-11x5-scotch-fillet",
    "brand": "Coles",
    "name": "No Added Hormone Thinly Sliced Beef Scotch Fillet",
    "imageUrl": "https://shop.coles.com.au/wcsstore/Coles-CAS/images/3/5/8/3581963-th.jpg",
    "categories": ["meat-seafood-deli"],
    "tags": ["meat", "bef"],
    "locations": {
      "vic": {
        "price": 15,
        "promoText": " ",
        "packageSize": "400g",
        "packagePrice": "$37.50 per 1Kg"
      }
    }
  },
  {
    "id": "coles-bef-and-pork-meat-loaf",
    "brand": "Coles",
    "name": "Beef And Pork Meat Loaf",
    "imageUrl": "https://shop.coles.com.au/wcsstore/Coles-CAS/images/3/7/6/3766222-th.jpg",
    "categories": ["meat-seafood-deli"],
    "tags": ["meat", "bef"],
    "locations": {
      "vic": {
        "price": 10,
        "promoText": " ",
        "packageSize": "600g",
        "packagePrice": "$16.67 per 1Kg"
      }
    }
  },
  {
    "id": "cook-with-curtis-mince-chinese-style-pork-mince",
    "brand": "Cook With Curtis",
    "name": "Chinese Recipe Pork Mince",
    "imageUrl": "https://shop.coles.com.au/wcsstore/Coles-CAS/images/3/5/1/3517170-th.jpg",
    "categories": ["meat-seafood-deli"],
    "tags": ["meat", "bef"],
    "locations": {
      "vic": {
        "price": 7,
        "promoText": "$1.50 ",
        "packageSize": "500g",
        "packagePrice": "$14.00 per 1Kg"
      }
    }
  },
  {
    "id": "coles-beef-osso-bucco-2-3-pieces",
    "brand": "Coles",
    "name": "No Added Hormone Beef Osso Bucco",
    "imageUrl": "https://shop.coles.com.au/wcsstore/Coles-CAS/images/8/9/2/8927806-th.jpg",
    "categories": ["meat-seafood-deli"],
    "tags": ["meat", "bef"],
    "locations": {
      "vic": {
        "price": 16.2,
        "promoText": " ",
        "packageSize": "approx. 900g",
        "packagePrice": "$18.00 per 1Kg"
      }
    }
  },
  {
    "id": "coles-one-pot-bef-bourguignon",
    "brand": "Coles",
    "name": "One Pot Beef Bourguignon",
    "imageUrl": "https://shop.coles.com.au/wcsstore/Coles-CAS/images/3/7/6/3767190-th.jpg",
    "categories": ["meat-seafood-deli"],
    "tags": ["meat", "bef"],
    "locations": {
      "vic": {
        "price": 13,
        "promoText": " ",
        "packageSize": "500g",
        "packagePrice": "$26.00 per 1Kg"
      }
    }
  },
  {
    "id": "coles-one-pot-bef-madras",
    "brand": "Coles",
    "name": "One Pot Beef Madras",
    "imageUrl": "https://shop.coles.com.au/wcsstore/Coles-CAS/images/3/7/6/3767316-th.jpg",
    "categories": ["meat-seafood-deli"],
    "tags": ["meat", "bef"],
    "locations": {
      "vic": {
        "price": 13,
        "promoText": " ",
        "packageSize": "500g",
        "packagePrice": "$26.00 per 1Kg"
      }
    }
  },
  {
    "id": "coles-one-pot-bef-mexican",
    "brand": "Coles",
    "name": "One Pot Beef Mexican",
    "imageUrl": "https://shop.coles.com.au/wcsstore/Coles-CAS/images/3/7/6/3767247-th.jpg",
    "categories": ["meat-seafood-deli"],
    "tags": ["meat", "bef"],
    "locations": {
      "vic": {
        "price": 13,
        "promoText": " ",
        "packageSize": "500g",
        "packagePrice": "$26.00 per 1Kg"
      }
    }
  },
  {
    "id": "cok-with-curtis-korean-bef-mince",
    "brand": "Cook With Curtis",
    "name": "Korean Recipe Beef Mince",
    "imageUrl": "https://shop.coles.com.au/wcsstore/Coles-CAS/images/3/4/9/3495170-th.jpg",
    "categories": ["meat-seafood-deli"],
    "tags": ["meat", "bef"],
    "locations": {
      "vic": {
        "price": 7,
        "promoText": "$1.50 ",
        "packageSize": "500g",
        "packagePrice": "$14.00 per 1Kg"
      }
    }
  },
  {
    "id": "coles-rspca-free-range-chicken-breast-single",
    "brand": "Coles",
    "name": "RSPCA Approved Free Range Chicken Breast Fillet",
    "imageUrl": "https://shop.coles.com.au/wcsstore/Coles-CAS/images/3/2/2/3228730-th.jpg",
    "categories": ["meat-seafood-deli"],
    "tags": ["meat", "chicken"],
    "locations": {
      "vic": {
        "price": 7.2,
        "promoText": " ",
        "packageSize": "approx. 450g",
        "packagePrice": "$16.00 per 1Kg"
      }
    }
  },
  {
    "id": "coles-chicken-mince",
    "brand": "Coles",
    "name": "RSPCA Approved Chicken Breast Mince",
    "imageUrl": "https://shop.coles.com.au/wcsstore/Coles-CAS/images/8/4/2/8428646-th.jpg",
    "categories": ["meat-seafood-deli"],
    "tags": ["meat", "chicken"],
    "locations": {
      "vic": {
        "price": 6,
        "promoText": "2 for $10",
        "packageSize": "500g",
        "packagePrice": "$12.00 per 1Kg"
      }
    }
  },
  {
    "id": "coles-chicken-breast-schnitzel",
    "brand": "Coles",
    "name": "RSPCA Approved Chicken Breast Schnitzel Plain Crumb",
    "imageUrl": "https://shop.coles.com.au/wcsstore/Coles-CAS/images/5/9/6/5969865-th.jpg",
    "categories": ["meat-seafood-deli"],
    "tags": ["meat", "chicken"],
    "locations": {
      "vic": {
        "price": 9,
        "promoText": " ",
        "packageSize": "600g",
        "packagePrice": "$15.00 per 1Kg"
      }
    }
  },
  {
    "id": "san-remo-la-pasta-single-snack-alfredo",
    "brand": "San Remo",
    "name": "La Pasta Single Snack Alfredo Pasta & Sauce",
    "imageUrl": "https://shop.coles.com.au/wcsstore/Coles-CAS/images/5/1/7/5177244-th.jpg",
    "categories": ["meat-seafood-deli"],
    "tags": ["meat", "chicken"],
    "locations": {
      "vic": {
        "price": 1,
        "promoText": " ",
        "packageSize": "80g",
        "packagePrice": "$1.25 per 100G"
      }
    }
  },
  {
    "id": "coles-free-range-rspca-chicken-thigh-cutlets",
    "brand": "Coles",
    "name": "RSPCA Approved Free Range Chicken Thigh Cutlets",
    "imageUrl": "https://shop.coles.com.au/wcsstore/Coles-CAS/images/3/5/5/3559545-th.jpg",
    "categories": ["meat-seafood-deli"],
    "tags": ["meat", "chicken"],
    "locations": {
      "vic": {
        "price": 8.4,
        "promoText": " ",
        "packageSize": "approx. 800g",
        "packagePrice": "$10.50 per 1Kg"
      }
    }
  },
  {
    "id": "lilydale-chicken-drumsticks-bulk",
    "brand": "Lilydale",
    "name": "Free Range Chicken Drumsticks Bulk",
    "imageUrl": "https://shop.coles.com.au/wcsstore/Coles-CAS/images/2/3/0/2303852-th.jpg",
    "categories": ["meat-seafood-deli"],
    "tags": ["meat", "chicken"],
    "locations": {
      "vic": {
        "price": 6,
        "promoText": " ",
        "packageSize": "approx. 1kg",
        "packagePrice": "$6.00 per 1Kg"
      }
    }
  },
  {
    "id": "coles-rspca-free-range-chicken-drumsticks",
    "brand": "Coles",
    "name": "Free Range RSPCA Approved Chicken Drumsticks",
    "imageUrl": "https://shop.coles.com.au/wcsstore/Coles-CAS/images/3/2/2/3228774-th.jpg",
    "categories": ["meat-seafood-deli"],
    "tags": ["meat", "chicken"],
    "locations": {
      "vic": {
        "price": 6.05,
        "promoText": " ",
        "packageSize": "approx. 1.1Kg",
        "packagePrice": "$5.50 per 1Kg"
      }
    }
  },
  {
    "id": "coles-rspca-free-range-chicken-whole",
    "brand": "Coles",
    "name": "Free Range  RSPCA Approved Whole Chicken",
    "imageUrl": "https://shop.coles.com.au/wcsstore/Coles-CAS/images/3/2/2/3228810-th.jpg",
    "categories": ["meat-seafood-deli"],
    "tags": ["meat", "chicken"],
    "locations": {
      "vic": {
        "price": 10.4,
        "promoText": "Was $11.52 on Sep 2019 ",
        "packageSize": "approx. 1.6Kg",
        "packagePrice": "$6.50 per 1Kg"
      }
    }
  },
  {
    "id": "coles-chicken-kiev-crumbed-family-pack",
    "brand": "Coles",
    "name": "RSPCA Approved Boneless Kiev Chicken Breast",
    "imageUrl": "https://shop.coles.com.au/wcsstore/Coles-CAS/images/5/9/7/5970321-th.jpg",
    "categories": ["meat-seafood-deli"],
    "tags": ["meat", "chicken"],
    "locations": {
      "vic": {
        "price": 8,
        "promoText": "Was $10.90 on Jan 2019 ",
        "packageSize": "700g",
        "packagePrice": "$11.43 per 1Kg"
      }
    }
  },
  {
    "id": "coles-rspca-chicken-kebabs-nut-fre-satay",
    "brand": "Coles",
    "name": "RSPCA Approved Chicken Kebabs Nut Free Satay",
    "imageUrl": "https://shop.coles.com.au/wcsstore/Coles-CAS/images/3/7/5/3759409-th.jpg",
    "categories": ["meat-seafood-deli"],
    "tags": ["meat", "chicken"],
    "locations": {
      "vic": {
        "price": 7,
        "promoText": " ",
        "packageSize": "375g",
        "packagePrice": "$18.67 per 1Kg"
      }
    }
  },
  {
    "id": "coles-rspca-chicken-breast-sizzle-mushroom",
    "brand": "Coles",
    "name": "Made Easy Prosciutto Wrapped Chicken Breasts With Mushroom Butter",
    "imageUrl": "https://shop.coles.com.au/wcsstore/Coles-CAS/images/3/5/6/3567281-th.jpg",
    "categories": ["meat-seafood-deli"],
    "tags": ["meat", "chicken"],
    "locations": {
      "vic": {
        "price": 10,
        "promoText": " ",
        "packageSize": "360g",
        "packagePrice": "$2.78 per 100G"
      }
    }
  },
  {
    "id": "coles-rspca-chicken-kebabs-honey-soy",
    "brand": "Coles",
    "name": "RSPCA Approved Chicken Kebabs Honey & Soy",
    "imageUrl": "https://shop.coles.com.au/wcsstore/Coles-CAS/images/3/7/4/3745878-th.jpg",
    "categories": ["meat-seafood-deli"],
    "tags": ["meat", "chicken"],
    "locations": {
      "vic": {
        "price": 10,
        "promoText": " ",
        "packageSize": "750g",
        "packagePrice": "$13.33 per 1Kg"
      }
    }
  },
  {
    "id": "lilydale--free-range-chicken-stir-fry",
    "brand": "Lilydale",
    "name": "Free Range Chicken Stir Fry",
    "imageUrl": "https://shop.coles.com.au/wcsstore/Coles-CAS/images/1/8/3/1833373-th.jpg",
    "categories": ["meat-seafood-deli"],
    "tags": ["meat", "chicken"],
    "locations": {
      "vic": {
        "price": 10.5,
        "promoText": " ",
        "packageSize": "500g",
        "packagePrice": "$21.00 per 1Kg"
      }
    }
  },
  {
    "id": "coles-made-easy-chicken-parmessan-puff-parcel",
    "brand": "Coles",
    "name": "Made Easy Chicken Puff Pastry Parcels With Parmesan & Garlic",
    "imageUrl": "https://shop.coles.com.au/wcsstore/Coles-CAS/images/2/2/9/2292337-th.jpg",
    "categories": ["meat-seafood-deli"],
    "tags": ["meat", "chicken"],
    "locations": {
      "vic": {
        "price": 8,
        "promoText": " ",
        "packageSize": "350g",
        "packagePrice": "$2.29 per 100G"
      }
    }
  },
  {
    "id": "coles-rspca-approved-chicken-stir-fry-2263292p",
    "brand": "Coles",
    "name": "RSPCA Approved Chicken Fresh Breast Stir Fry",
    "imageUrl": "https://shop.coles.com.au/wcsstore/Coles-CAS/images/2/2/6/2263292-th.jpg",
    "categories": ["meat-seafood-deli"],
    "tags": ["meat", "chicken"],
    "locations": {
      "vic": {
        "price": 8.5,
        "promoText": "Was $9.00 on Oct 2018 ",
        "packageSize": "approx. 500g",
        "packagePrice": "$17.00 per 1Kg"
      }
    }
  },
  {
    "id": "coles-rspca-approved-chicken-burger-plain-crumb",
    "brand": "Coles",
    "name": "RSPCA Approved Chicken Breast Burgers Plain Crumb",
    "imageUrl": "https://shop.coles.com.au/wcsstore/Coles-CAS/images/2/9/0/2903940-th.jpg",
    "categories": ["meat-seafood-deli"],
    "tags": ["meat", "chicken"],
    "locations": {
      "vic": {
        "price": 5.5,
        "promoText": " ",
        "packageSize": "400g",
        "packagePrice": "$13.75 per 1Kg"
      }
    }
  },
  {
    "id": "coles-rspca-chicken-enchilada",
    "brand": "Coles",
    "name": "Made Easy Chicken Enchiladas With Beans & Cheese",
    "imageUrl": "https://shop.coles.com.au/wcsstore/Coles-CAS/images/3/0/2/3024843-th.jpg",
    "categories": ["meat-seafood-deli"],
    "tags": ["meat", "chicken"],
    "locations": {
      "vic": {
        "price": 7,
        "promoText": " ",
        "packageSize": "450g",
        "packagePrice": "$1.56 per 100G"
      }
    }
  },
  {
    "id": "coles-rspca-chicken-frames",
    "brand": "Coles",
    "name": "RSPCA Approved Chicken Frames",
    "imageUrl": "https://shop.coles.com.au/wcsstore/Coles-CAS/images/3/1/9/3199541-th.jpg",
    "categories": ["meat-seafood-deli"],
    "tags": ["meat", "chicken"],
    "locations": {
      "vic": {
        "price": 3.38,
        "promoText": " ",
        "packageSize": "approx. 750g",
        "packagePrice": "$4.50 per 1Kg"
      }
    }
  },
  {
    "id": "slow-hills-rspca-chicken-drumsticks",
    "brand": "Slow Hills",
    "name": "RSPCA Approved Free Range Chicken Drumsticks",
    "imageUrl": "https://shop.coles.com.au/wcsstore/Coles-CAS/images/3/5/6/3560001-th.jpg",
    "categories": ["meat-seafood-deli"],
    "tags": ["meat", "chicken"],
    "locations": {
      "vic": {
        "price": 6,
        "promoText": " ",
        "packageSize": "450g",
        "packagePrice": "$1.33 per 100G"
      }
    }
  },
  {
    "id": "slow-hills-rspca-chicken-breast-supreme",
    "brand": "Slow Hills",
    "name": "RSPCA Approved Free Range Chicken Breast Supreme",
    "imageUrl": "https://shop.coles.com.au/wcsstore/Coles-CAS/images/3/5/5/3559691-th.jpg",
    "categories": ["meat-seafood-deli"],
    "tags": ["meat", "chicken"],
    "locations": {
      "vic": {
        "price": 12.5,
        "promoText": "$1.50 ",
        "packageSize": "550g",
        "packagePrice": "$22.73 per 1Kg"
      }
    }
  },
  {
    "id": "coles-rspca-chicken-wings-nashville-hot-crumb",
    "brand": "Coles",
    "name": "RSPCA Approved Chicken Hot Wings Nashville With Spicy Sauce",
    "imageUrl": "https://shop.coles.com.au/wcsstore/Coles-CAS/images/3/1/7/3175587-th.jpg",
    "categories": ["meat-seafood-deli"],
    "tags": ["meat", "chicken"],
    "locations": {
      "vic": {
        "price": 7,
        "promoText": "$1.00 ",
        "packageSize": "600g",
        "packagePrice": "$11.67 per 1Kg"
      }
    }
  },
  {
    "id": "coles-rspca-chicken-popcorn-southern-fried-3743114p",
    "brand": "Coles",
    "name": "RSPCA Approved Chicken Popcorn Southern Fried",
    "imageUrl": "https://shop.coles.com.au/wcsstore/Coles-CAS/images/3/7/4/3743114-th.jpg",
    "categories": ["meat-seafood-deli"],
    "tags": ["meat", "chicken"],
    "locations": {
      "vic": {
        "price": 10,
        "promoText": " ",
        "packageSize": "600g",
        "packagePrice": "$16.67 per 1Kg"
      }
    }
  },
  {
    "id": "slow-hills-rspca-chicken-wings",
    "brand": "Slow Hills",
    "name": "RSPCA Approved Free Range Chicken Wings",
    "imageUrl": "https://shop.coles.com.au/wcsstore/Coles-CAS/images/3/5/5/3559884-th.jpg",
    "categories": ["meat-seafood-deli"],
    "tags": ["meat", "chicken"],
    "locations": {
      "vic": {
        "price": 7,
        "promoText": "$1.00 ",
        "packageSize": "550g",
        "packagePrice": "$12.73 per 1Kg"
      }
    }
  },
  {
    "id": "slow-hills-rspca-chicken-maryland-supreme",
    "brand": "Slow Hills",
    "name": "RSPCA Approved Free Range Chicken Marylands",
    "imageUrl": "https://shop.coles.com.au/wcsstore/Coles-CAS/images/3/5/5/3559851-th.jpg",
    "categories": ["meat-seafood-deli"],
    "tags": ["meat", "chicken"],
    "locations": {
      "vic": {
        "price": 9,
        "promoText": " ",
        "packageSize": "600g",
        "packagePrice": "$15.00 per 1Kg"
      }
    }
  },
  {
    "id": "slow-hills-rspca-chicken-whole",
    "brand": "Slow Hills",
    "name": "RSPCA Approved Free Range Whole Chicken",
    "imageUrl": "https://shop.coles.com.au/wcsstore/Coles-CAS/images/3/5/5/3559895-th.jpg",
    "categories": ["meat-seafood-deli"],
    "tags": ["meat", "chicken"],
    "locations": {
      "vic": {
        "price": 15.84,
        "promoText": " ",
        "packageSize": "approx 1.6 Kg",
        "packagePrice": "$9.90 per 1Kg"
      }
    }
  },
  {
    "id": "slow-hills-rspca-chicken-thigh-fillets",
    "brand": "Slow Hills",
    "name": "RSPCA Chicken Thigh Fillets",
    "imageUrl": "https://shop.coles.com.au/wcsstore/Coles-CAS/images/3/5/5/3559920-th.jpg",
    "categories": ["meat-seafood-deli"],
    "tags": ["meat", "chicken"],
    "locations": {
      "vic": {
        "price": 10.5,
        "promoText": "$1.50 ",
        "packageSize": "400g",
        "packagePrice": "$26.25 per 1Kg"
      }
    }
  },
  {
    "id": "slow-hills-rspca-chicken-breast-fillets",
    "brand": "Slow Hills",
    "name": "RSPCA Approved Chicken Breast Fillets",
    "imageUrl": "https://shop.coles.com.au/wcsstore/Coles-CAS/images/3/5/5/3559771-th.jpg",
    "categories": ["meat-seafood-deli"],
    "tags": ["meat", "chicken"],
    "locations": {
      "vic": {
        "price": 13,
        "promoText": " ",
        "packageSize": "550g",
        "packagePrice": "$23.64 per 1Kg"
      }
    }
  },
  {
    "id": "coles-chicken-breast-fillets-mini",
    "brand": "Coles",
    "name": "RSPCA Approved Chicken Breast Tenders Plain Crumb",
    "imageUrl": "https://shop.coles.com.au/wcsstore/Coles-CAS/images/5/2/4/5245990-th.jpg",
    "categories": ["meat-seafood-deli"],
    "tags": ["meat", "chicken"],
    "locations": {
      "vic": {
        "price": 7.5,
        "promoText": " ",
        "packageSize": "400g",
        "packagePrice": "$18.75 per 1Kg"
      }
    }
  },
  {
    "id": "servery-free-range-chicken-thigh",
    "brand": "Meat Servery",
    "name": "Free Range Chicken Thigh",
    "imageUrl": "https://shop.coles.com.au/wcsstore/ColesResponsiveStorefrontAssetStore/dist/ccfc54aed6e361b650bcf0582f7b576b/img/img_product-placeholder.png",
    "categories": ["meat-seafood-deli"],
    "tags": ["meat", "chicken"],
    "locations": {
      "vic": {
        "price": 2.25,
        "promoText": " ",
        "packageSize": "approx. 150g",
        "packagePrice": "$15.00 per 1Kg"
      }
    }
  },
  {
    "id": "servery-free-range-chicken-breast",
    "brand": "Meat Servery",
    "name": "Free Range Chicken Breast",
    "imageUrl": "https://shop.coles.com.au/wcsstore/ColesResponsiveStorefrontAssetStore/dist/ccfc54aed6e361b650bcf0582f7b576b/img/img_product-placeholder.png",
    "categories": ["meat-seafood-deli"],
    "tags": ["meat", "chicken"],
    "locations": {
      "vic": {
        "price": 3.75,
        "promoText": " ",
        "packageSize": "approx. 250g",
        "packagePrice": "$15.00 per 1Kg"
      }
    }
  },
  {
    "id": "servery-free-range-chicken-kebabs",
    "brand": "Meat Servery",
    "name": "Free Range Chicken Kebabs",
    "imageUrl": "https://shop.coles.com.au/wcsstore/ColesResponsiveStorefrontAssetStore/dist/ccfc54aed6e361b650bcf0582f7b576b/img/img_product-placeholder.png",
    "categories": ["meat-seafood-deli"],
    "tags": ["meat", "chicken"],
    "locations": {
      "vic": {
        "price": 1.5,
        "promoText": " ",
        "packageSize": "",
        "packagePrice": "$1.50 per 1Ea"
      }
    }
  },
  {
    "id": "slow-hills-rspca-chicken-thigh-cutlets",
    "brand": "Slow Hills",
    "name": "RSPCA Approved Free Range Chicken Thigh Cutlets",
    "imageUrl": "https://shop.coles.com.au/wcsstore/Coles-CAS/images/3/5/5/3559986-th.jpg",
    "categories": ["meat-seafood-deli"],
    "tags": ["meat", "chicken"],
    "locations": {
      "vic": {
        "price": 13,
        "promoText": " ",
        "packageSize": "600g",
        "packagePrice": "$21.67 per 1Kg"
      }
    }
  },
  {
    "id": "coles-lamb-chops-forequarter",
    "brand": "Coles",
    "name": "Ready Retail 11x9 Lamb Forequarter Chops",
    "imageUrl": "https://shop.coles.com.au/wcsstore/Coles-CAS/images/8/5/9/8599208-th.jpg",
    "categories": ["meat-seafood-deli"],
    "tags": ["meat", "lamb"],
    "locations": {
      "vic": {
        "price": 20.01,
        "promoText": " ",
        "packageSize": "approx. 1.177kg",
        "packagePrice": "$17.00 per 1Kg"
      }
    }
  },
  {
    "id": "coles-lamb-mince-8850053p",
    "brand": "Coles",
    "name": "Regular Lamb Mince",
    "imageUrl": "https://shop.coles.com.au/wcsstore/Coles-CAS/images/8/8/5/8850053-th.jpg",
    "categories": ["meat-seafood-deli"],
    "tags": ["meat", "lamb"],
    "locations": {
      "vic": {
        "price": 7.5,
        "promoText": " ",
        "packageSize": "500g",
        "packagePrice": "$15.00 per 1Kg"
      }
    }
  },
  {
    "id": "coles-grill-lamb-souvlaki-strips",
    "brand": "Coles",
    "name": "Made Easy Lamb Strips In Souvlaki Seasoning",
    "imageUrl": "https://shop.coles.com.au/wcsstore/Coles-CAS/images/1/4/9/1496411-th.jpg",
    "categories": ["meat-seafood-deli"],
    "tags": ["meat", "lamb"],
    "locations": {
      "vic": {
        "price": 12,
        "promoText": " ",
        "packageSize": "500g",
        "packagePrice": "$24.00 per 1Kg"
      }
    }
  },
  {
    "id": "coles-lamb-cutlets-3305070p",
    "brand": "Coles",
    "name": "Lamb Cutlets 7x5",
    "imageUrl": "https://shop.coles.com.au/wcsstore/Coles-CAS/images/3/3/0/3305070-th.jpg",
    "categories": ["meat-seafood-deli"],
    "tags": ["meat", "lamb"],
    "locations": {
      "vic": {
        "price": 10.24,
        "promoText": "$3.20 ",
        "packageSize": "approx. 320g",
        "packagePrice": "$32.00 per 1Kg"
      }
    }
  },
  {
    "id": "coles-graze-lamb-mince-3697709p",
    "brand": "Coles",
    "name": "Graze Lamb Mince",
    "imageUrl": "https://shop.coles.com.au/wcsstore/Coles-CAS/images/3/6/9/3697709-th.jpg",
    "categories": ["meat-seafood-deli"],
    "tags": ["meat", "lamb"],
    "locations": {
      "vic": {
        "price": 8.5,
        "promoText": " ",
        "packageSize": "500g",
        "packagePrice": "$17.00 per 1Kg"
      }
    }
  },
  {
    "id": "coles-lamb-rack-roast",
    "brand": "Coles",
    "name": "Lamb Rack Roast",
    "imageUrl": "https://shop.coles.com.au/wcsstore/Coles-CAS/images/9/2/6/9264409-th.jpg",
    "categories": ["meat-seafood-deli"],
    "tags": ["meat", "lamb"],
    "locations": {
      "vic": {
        "price": 15.48,
        "promoText": " ",
        "packageSize": "approx. 430g",
        "packagePrice": "$36.00 per 1Kg"
      }
    }
  },
  {
    "id": "coles-lamb-boneless-shank",
    "brand": "Coles",
    "name": "Boneless Lamb Shank Meat",
    "imageUrl": "https://shop.coles.com.au/wcsstore/Coles-CAS/images/2/7/2/2727699-th.jpg",
    "categories": ["meat-seafood-deli"],
    "tags": ["meat", "lamb"],
    "locations": {
      "vic": {
        "price": 12.65,
        "promoText": " ",
        "packageSize": "approx. 575g",
        "packagePrice": "$22.00 per 1Kg"
      }
    }
  },
  {
    "id": "coles-made-easy-lamb-shanks-in-red-wine",
    "brand": "Coles",
    "name": "Made Easy Slow Cooked Lamb Shanks With Red Wine Sauce",
    "imageUrl": "https://shop.coles.com.au/wcsstore/Coles-CAS/images/1/2/0/1200402-th.jpg",
    "categories": ["meat-seafood-deli"],
    "tags": ["meat", "lamb"],
    "locations": {
      "vic": {
        "price": 12,
        "promoText": "$3.00 ",
        "packageSize": "900g",
        "packagePrice": "$13.33 per 1Kg"
      }
    }
  },
  {
    "id": "coles-graze-lamb-round-bone",
    "brand": "Coles",
    "name": "Graze Lamb Round Bone",
    "imageUrl": "https://shop.coles.com.au/wcsstore/Coles-CAS/images/3/6/9/3693763-th.jpg",
    "categories": ["meat-seafood-deli"],
    "tags": ["meat", "lamb"],
    "locations": {
      "vic": {
        "price": 8.4,
        "promoText": " ",
        "packageSize": "Approx. 300g",
        "packagePrice": "$28.00 per 1Kg"
      }
    }
  },
  {
    "id": "coles-pork-beef-(bolognese)-mince",
    "brand": "Coles",
    "name": "Pork & Beef Regular Bolognese Mince",
    "imageUrl": "https://shop.coles.com.au/wcsstore/Coles-CAS/images/8/7/8/8782725-th.jpg",
    "categories": ["meat-seafood-deli"],
    "tags": ["meat", "pork"],
    "locations": {
      "vic": {
        "price": 6.5,
        "promoText": " ",
        "packageSize": "500g",
        "packagePrice": "$13.00 per 1Kg"
      }
    }
  },
  {
    "id": "steggles-turkey-mince",
    "brand": "Steggles",
    "name": "Turkey Mince",
    "imageUrl": "https://shop.coles.com.au/wcsstore/Coles-CAS/images/9/2/7/9277808-th.jpg",
    "categories": ["meat-seafood-deli"],
    "tags": ["meat", "turkey"],
    "locations": {
      "vic": {
        "price": 6,
        "promoText": "2 for $11",
        "packageSize": "500g",
        "packagePrice": "$12.00 per 1Kg"
      }
    }
  },
  {
    "id": "steggles-turkey-mini-fillets",
    "brand": "Steggles",
    "name": "Turkey Tenderloins",
    "imageUrl": "https://shop.coles.com.au/wcsstore/Coles-CAS/images/3/7/6/3764034-th.jpg",
    "categories": ["meat-seafood-deli"],
    "tags": ["meat", "turkey"],
    "locations": {
      "vic": {
        "price": 9,
        "promoText": "$1.00 ",
        "packageSize": "400g",
        "packagePrice": "$22.50 per 1Kg"
      }
    }
  },
  {
    "id": "sophies-kitchen-crumbed-prawns",
    "brand": "Sophies Kitchen",
    "name": "Crumbed Prawns",
    "imageUrl": "https://shop.coles.com.au/wcsstore/Coles-CAS/images/3/5/7/3570504-th.jpg",
    "categories": ["meat-seafood-deli"],
    "tags": ["meat", "veal"],
    "locations": {
      "vic": {
        "price": 7,
        "promoText": " ",
        "packageSize": "250g",
        "packagePrice": "$28.00 per 1Kg"
      }
    }
  },
  {
    "id": "macro-meats-kangaroo-mince",
    "brand": "K-Roo",
    "name": "Kangaroo Mince",
    "imageUrl": "https://shop.coles.com.au/wcsstore/Coles-CAS/images/9/0/0/9007723-th.jpg",
    "categories": ["meat-seafood-deli"],
    "tags": ["meat", "game"],
    "locations": {
      "vic": {
        "price": 11.5,
        "promoText": " ",
        "packageSize": "1kg",
        "packagePrice": "$11.50 per 1Kg"
      }
    }
  },
  {
    "id": "macro-meats-kangaroo-diced",
    "brand": "K-Roo",
    "name": "Kangaroo Diced",
    "imageUrl": "https://shop.coles.com.au/wcsstore/Coles-CAS/images/2/0/2/2023110-th.jpg",
    "categories": ["meat-seafood-deli"],
    "tags": ["meat", "game"],
    "locations": {
      "vic": {
        "price": 9.4,
        "promoText": " ",
        "packageSize": "500g",
        "packagePrice": "$18.80 per 1Kg"
      }
    }
  },
  {
    "id": "macro-meats-kangaroo-steak-herb-and-garlic",
    "brand": "K-Roo",
    "name": "Kangaroo Herb and Garlic Marinated Steak",
    "imageUrl": "https://shop.coles.com.au/wcsstore/Coles-CAS/images/8/9/6/8968155-th.jpg",
    "categories": ["meat-seafood-deli"],
    "tags": ["meat", "game"],
    "locations": {
      "vic": {
        "price": 12,
        "promoText": " ",
        "packageSize": "approx. 600g",
        "packagePrice": "$20.00 per 1Kg"
      }
    }
  },
  {
    "id": "macro-meats-kanga-bangas",
    "brand": "K-Roo",
    "name": "Kanga Bangas",
    "imageUrl": "https://shop.coles.com.au/wcsstore/Coles-CAS/images/1/2/0/1200231-th.jpg",
    "categories": ["meat-seafood-deli"],
    "tags": ["meat", "game"],
    "locations": {
      "vic": {
        "price": 6.4,
        "promoText": " ",
        "packageSize": "500g",
        "packagePrice": "$12.80 per 1Kg"
      }
    }
  },
  {
    "id": "macro-meats-burgers-kanga",
    "brand": "K-Roo",
    "name": "Kangaroo Burger",
    "imageUrl": "https://shop.coles.com.au/wcsstore/Coles-CAS/images/8/4/5/8450565-th.jpg",
    "categories": ["meat-seafood-deli"],
    "tags": ["meat", "game"],
    "locations": {
      "vic": {
        "price": 6.4,
        "promoText": " ",
        "packageSize": "440g",
        "packagePrice": "$14.55 per 1Kg"
      }
    }
  },
  {
    "id": "coles-meatballs-beef-pork",
    "brand": "Coles",
    "name": "Classic Beef & Pork Meatballs 28 Pack",
    "imageUrl": "https://shop.coles.com.au/wcsstore/Coles-CAS/images/3/5/6/3569447-th.jpg",
    "categories": ["meat-seafood-deli"],
    "tags": ["meat", "burgers-and-sausages"],
    "locations": {
      "vic": {
        "price": 6.5,
        "promoText": "$1.50 ",
        "packageSize": "560g",
        "packagePrice": "$11.61 per 1Kg"
      }
    }
  },
  {
    "id": "coles-value-pork-sausages",
    "brand": "Coles",
    "name": "Thin BBQ Pork Sausages",
    "imageUrl": "https://shop.coles.com.au/wcsstore/Coles-CAS/images/3/5/6/3569232-th.jpg",
    "categories": ["meat-seafood-deli"],
    "tags": ["meat", "burgers-and-sausages"],
    "locations": {
      "vic": {
        "price": 5,
        "promoText": " ",
        "packageSize": "560g",
        "packagePrice": "$0.89 per 100G"
      }
    }
  },
  {
    "id": "coles-butcher-sausage-mince",
    "brand": "Coles",
    "name": "Gluten Free Sausage Mince",
    "imageUrl": "https://shop.coles.com.au/wcsstore/Coles-CAS/images/6/8/6/6869141-th.jpg",
    "categories": ["meat-seafood-deli"],
    "tags": ["meat", "burgers-and-sausages"],
    "locations": {
      "vic": {
        "price": 4.5,
        "promoText": " ",
        "packageSize": "500g",
        "packagePrice": "$9.00 per 1Kg"
      }
    }
  },
  {
    "id": "coles-beef-and-pork-chevap",
    "brand": "Coles",
    "name": "Beef And Pork Chevap",
    "imageUrl": "https://shop.coles.com.au/wcsstore/Coles-CAS/images/3/6/0/3605540-th.jpg",
    "categories": ["meat-seafood-deli"],
    "tags": ["meat", "burgers-and-sausages"],
    "locations": {
      "vic": {
        "price": 6.5,
        "promoText": " ",
        "packageSize": "400g",
        "packagePrice": "$1.63 per 100G"
      }
    }
  },
  {
    "id": "coles-bbq-pack-3269410p",
    "brand": "Coles",
    "name": "BBQ Pack",
    "imageUrl": "https://shop.coles.com.au/wcsstore/Coles-CAS/images/3/2/6/3269410-th.jpg",
    "categories": ["meat-seafood-deli"],
    "tags": ["meat", "burgers-and-sausages"],
    "locations": {
      "vic": {
        "price": 9,
        "promoText": "Was $9.50 on Jan 2020 ",
        "packageSize": "1kg",
        "packagePrice": "$9.00 per 1Kg"
      }
    }
  },
  {
    "id": "coles-bacon-short-cut-rindless-1015411p",
    "brand": "Coles",
    "name": "Short Cut Bacon Rindless",
    "imageUrl": "https://shop.coles.com.au/wcsstore/Coles-CAS/images/1/0/1/1015411-th.jpg",
    "categories": ["meat-seafood-deli", "dairy-eggs-meals"],
    "tags": ["meat", "ham-bacon"],
    "locations": {
      "vic": {
        "price": 4,
        "promoText": " ",
        "packageSize": "200g",
        "packagePrice": "$20.00 per 1Kg"
      }
    }
  },
  {
    "id": "coles-bacon-streaky",
    "brand": "Coles",
    "name": "Rindless And Wood Smoked Streaky Bacon",
    "imageUrl": "https://shop.coles.com.au/wcsstore/Coles-CAS/images/1/0/1/1015615-th.jpg",
    "categories": ["meat-seafood-deli", "dairy-eggs-meals"],
    "tags": ["meat", "ham-bacon"],
    "locations": {
      "vic": {
        "price": 6,
        "promoText": " ",
        "packageSize": "200g",
        "packagePrice": "$30.00 per 1Kg"
      }
    }
  },
  {
    "id": "coles-bacon-pan-size-rindless",
    "brand": "Coles",
    "name": "Pan Size  Bacon Rindless",
    "imageUrl": "https://shop.coles.com.au/wcsstore/Coles-CAS/images/1/0/1/1015863-th.jpg",
    "categories": ["meat-seafood-deli", "dairy-eggs-meals"],
    "tags": ["meat", "ham-bacon"],
    "locations": {
      "vic": {
        "price": 5,
        "promoText": " ",
        "packageSize": "200g",
        "packagePrice": "$25.00 per 1Kg"
      }
    }
  },
  {
    "id": "primo-shortcut-bacon-3055519p",
    "brand": "Primo",
    "name": "Gluten Free Short Cut Bacon Rindless",
    "imageUrl": "https://shop.coles.com.au/wcsstore/Coles-CAS/images/3/0/5/3055519-th.jpg",
    "categories": ["meat-seafood-deli", "dairy-eggs-meals"],
    "tags": ["meat", "ham-bacon"],
    "locations": {
      "vic": {
        "price": 18,
        "promoText": " ",
        "packageSize": "1kg",
        "packagePrice": "$18.00 per 1Kg"
      }
    }
  },
  {
    "id": "primo-streaky-bacon",
    "brand": "Primo",
    "name": "Gluten Free Streaky Bacon",
    "imageUrl": "https://shop.coles.com.au/wcsstore/Coles-CAS/images/3/0/5/3055494-th.jpg",
    "categories": ["meat-seafood-deli", "dairy-eggs-meals"],
    "tags": ["meat", "ham-bacon"],
    "locations": {
      "vic": {
        "price": 5.5,
        "promoText": " ",
        "packageSize": "200g",
        "packagePrice": "$2.75 per 100G"
      }
    }
  },
  {
    "id": "dandy-bacon-middle",
    "brand": "Dandy",
    "name": "Middle Bacon",
    "imageUrl": "https://shop.coles.com.au/wcsstore/Coles-CAS/images/1/0/2/1028220-th.jpg",
    "categories": ["meat-seafood-deli", "dairy-eggs-meals"],
    "tags": ["meat", "ham-bacon"],
    "locations": {
      "vic": {
        "price": 10,
        "promoText": " ",
        "packageSize": "1kg",
        "packagePrice": "$10.00 per 1Kg"
      }
    }
  },
  {
    "id": "primo-bacon-short-cut-rindless",
    "brand": "Primo",
    "name": "Gluten Free Rindless Short Cut  Bacon",
    "imageUrl": "https://shop.coles.com.au/wcsstore/Coles-CAS/images/5/8/1/5816343-th.jpg",
    "categories": ["meat-seafood-deli", "dairy-eggs-meals"],
    "tags": ["meat", "ham-bacon"],
    "locations": {
      "vic": {
        "price": 5,
        "promoText": " ",
        "packageSize": "175g",
        "packagePrice": "$28.57 per 1Kg"
      }
    }
  },
  {
    "id": "coles-bacon-australian-short-cut-rindless-1015422p",
    "brand": "Coles",
    "name": "Pork Short Cut Bacon Rindless",
    "imageUrl": "https://shop.coles.com.au/wcsstore/Coles-CAS/images/1/0/1/1015422-th.jpg",
    "categories": ["meat-seafood-deli", "dairy-eggs-meals"],
    "tags": ["meat", "ham-bacon"],
    "locations": {
      "vic": {
        "price": 5.5,
        "promoText": " ",
        "packageSize": "200g",
        "packagePrice": "$27.50 per 1Kg"
      }
    }
  },
  {
    "id": "primo-bacon-premium-short-cut-rindless",
    "brand": "Primo",
    "name": "Gluten Free Short Cut Bacon Rindless",
    "imageUrl": "https://shop.coles.com.au/wcsstore/Coles-CAS/images/4/2/3/4238285-th.jpg",
    "categories": ["meat-seafood-deli", "dairy-eggs-meals"],
    "tags": ["meat", "ham-bacon"],
    "locations": {
      "vic": {
        "price": 11,
        "promoText": "$4.00 ",
        "packageSize": "750g",
        "packagePrice": "$14.67 per 1Kg"
      }
    }
  },
  {
    "id": "primo-shortcut-bacon-3566085p",
    "brand": "Primo",
    "name": "Shortcut Bacon",
    "imageUrl": "https://shop.coles.com.au/wcsstore/ColesResponsiveStorefrontAssetStore/dist/ccfc54aed6e361b650bcf0582f7b576b/img/img_product-placeholder.png",
    "categories": ["meat-seafood-deli"],
    "tags": ["meat", "ham-bacon"],
    "locations": {
      "vic": {
        "price": 3.4,
        "promoText": " ",
        "packageSize": "200g",
        "packagePrice": "$1.70 per 100Kg"
      }
    }
  },
  {
    "id": "don-all-natural-pan-size-bacon-rashers",
    "brand": "Don",
    "name": "Gluten Free Pan Size Bacon Rashers",
    "imageUrl": "https://shop.coles.com.au/wcsstore/Coles-CAS/images/3/0/8/3085462-th.jpg",
    "categories": ["meat-seafood-deli", "dairy-eggs-meals"],
    "tags": ["meat", "ham-bacon"],
    "locations": {
      "vic": {
        "price": 7,
        "promoText": " ",
        "packageSize": "200g",
        "packagePrice": "$35.00 per 1Kg"
      }
    }
  },
  {
    "id": "primo-shortcut-bacon",
    "brand": "Primo",
    "name": "Gluten Free Short Cut Bacon Rindless 2 Pack",
    "imageUrl": "https://shop.coles.com.au/wcsstore/Coles-CAS/images/2/6/2/2622599-th.jpg",
    "categories": ["meat-seafood-deli", "dairy-eggs-meals"],
    "tags": ["meat", "ham-bacon"],
    "locations": {
      "vic": {
        "price": 11,
        "promoText": " ",
        "packageSize": "500g",
        "packagePrice": "$22.00 per 1Kg"
      }
    }
  },
  {
    "id": "tibaldi-authentic-ham-off-the-bone",
    "brand": "Tibaldi",
    "name": "Authentic Ham Off The Bone",
    "imageUrl": "https://shop.coles.com.au/wcsstore/Coles-CAS/images/2/6/1/2610341-th.jpg",
    "categories": ["meat-seafood-deli"],
    "tags": ["meat", "ham-bacon"],
    "locations": {
      "vic": {
        "price": 12,
        "promoText": " ",
        "packageSize": "500g",
        "packagePrice": "$24.00 per 1Kg"
      }
    }
  },
  {
    "id": "dandy-bacon-middle-1026702p",
    "brand": "Dandy",
    "name": "Middle Bacon",
    "imageUrl": "https://shop.coles.com.au/wcsstore/Coles-CAS/images/1/0/2/1026702-th.jpg",
    "categories": ["meat-seafood-deli", "dairy-eggs-meals"],
    "tags": ["meat", "ham-bacon"],
    "locations": {
      "vic": {
        "price": 3.5,
        "promoText": " ",
        "packageSize": "250g",
        "packagePrice": "$14.00 per 1Kg"
      }
    }
  },
  {
    "id": "british-sausage-co-back-bacon-smoked",
    "brand": "British Sausage Co",
    "name": "Traditional Smoked British Style Back Bacon",
    "imageUrl": "https://shop.coles.com.au/wcsstore/Coles-CAS/images/2/8/0/2805362-th.jpg",
    "categories": ["meat-seafood-deli", "dairy-eggs-meals"],
    "tags": ["meat", "ham-bacon"],
    "locations": {
      "vic": {
        "price": 6.5,
        "promoText": "$0.50 ",
        "packageSize": "200g",
        "packagePrice": "$32.50 per 1Kg"
      }
    }
  },
  {
    "id": "don-all-natural-shortcut-bacon-rashers",
    "brand": "Don",
    "name": "Gluten Free Short Cut Bacon Rashers",
    "imageUrl": "https://shop.coles.com.au/wcsstore/Coles-CAS/images/3/0/8/3085429-th.jpg",
    "categories": ["meat-seafood-deli", "dairy-eggs-meals"],
    "tags": ["meat", "ham-bacon"],
    "locations": {
      "vic": {
        "price": 7,
        "promoText": " ",
        "packageSize": "200g",
        "packagePrice": "$35.00 per 1Kg"
      }
    }
  },
  {
    "id": "primo-rindless-middle-bacon-twin-pack",
    "brand": "Primo",
    "name": "Middle Bacon Rindless 2 Pack",
    "imageUrl": "https://shop.coles.com.au/wcsstore/Coles-CAS/images/2/6/2/2622522-th.jpg",
    "categories": ["meat-seafood-deli", "dairy-eggs-meals"],
    "tags": ["meat", "ham-bacon"],
    "locations": {
      "vic": {
        "price": 11,
        "promoText": " ",
        "packageSize": "500g",
        "packagePrice": "$22.00 per 1Kg"
      }
    }
  },
  {
    "id": "primo-streaky-bacon-3568036p",
    "brand": "Primo",
    "name": "Streaky Bacon",
    "imageUrl": "https://shop.coles.com.au/wcsstore/ColesResponsiveStorefrontAssetStore/dist/ccfc54aed6e361b650bcf0582f7b576b/img/img_product-placeholder.png",
    "categories": ["meat-seafood-deli"],
    "tags": ["meat", "ham-bacon"],
    "locations": {
      "vic": {
        "price": 3.4,
        "promoText": " ",
        "packageSize": "200g",
        "packagePrice": "$1.70 per 100G"
      }
    }
  },
  {
    "id": "primo-middle-bacon-3566063p",
    "brand": "Primo",
    "name": "Middle Bacon",
    "imageUrl": "https://shop.coles.com.au/wcsstore/ColesResponsiveStorefrontAssetStore/dist/ccfc54aed6e361b650bcf0582f7b576b/img/img_product-placeholder.png",
    "categories": ["meat-seafood-deli"],
    "tags": ["meat", "ham-bacon"],
    "locations": {
      "vic": {
        "price": 4,
        "promoText": " ",
        "packageSize": "300g",
        "packagePrice": "$1.33 per 100g"
      }
    }
  },
  {
    "id": "bertocchi-ham-authentic-bless",
    "brand": "Bertocchi",
    "name": "Authentic Fully Boneless Leg Ham",
    "imageUrl": "https://shop.coles.com.au/wcsstore/Coles-CAS/images/6/1/0/6105817-th.jpg",
    "categories": ["meat-seafood-deli"],
    "tags": ["meat", "ham-bacon"],
    "locations": {
      "vic": {
        "price": 14,
        "promoText": " ",
        "packageSize": "approx. 700g",
        "packagePrice": "$20.00 per 1Kg"
      }
    }
  },
  {
    "id": "coles-meaty-pork-hocks",
    "brand": "Coles",
    "name": "Smoked Meaty Pork Leg Hock",
    "imageUrl": "https://shop.coles.com.au/wcsstore/Coles-CAS/images/3/4/7/3472389-th.jpg",
    "categories": ["meat-seafood-deli"],
    "tags": ["meat", "ham-bacon"],
    "locations": {
      "vic": {
        "price": 10.5,
        "promoText": " ",
        "packageSize": "approx. 1Kg",
        "packagePrice": "$10.50 per 1Kg"
      }
    }
  },
  {
    "id": "primo-bacon-style-pieces-twin-pack",
    "brand": "Primo",
    "name": "Gluten Free Bacon Style Pieces 2 Pack",
    "imageUrl": "https://shop.coles.com.au/wcsstore/Coles-CAS/images/5/9/4/5946032-th.jpg",
    "categories": ["meat-seafood-deli", "dairy-eggs-meals"],
    "tags": ["meat", "ham-bacon"],
    "locations": {
      "vic": {
        "price": 5,
        "promoText": " ",
        "packageSize": "300g",
        "packagePrice": "$16.67 per 1Kg"
      }
    }
  },
  {
    "id": "primo-diced-bacon-twin-pack",
    "brand": "Primo",
    "name": "Gluten Free Real Diced Bacon",
    "imageUrl": "https://shop.coles.com.au/wcsstore/Coles-CAS/images/2/7/3/2739199-th.jpg",
    "categories": ["meat-seafood-deli", "dairy-eggs-meals"],
    "tags": ["meat", "ham-bacon"],
    "locations": {
      "vic": {
        "price": 4.5,
        "promoText": " ",
        "packageSize": "200g",
        "packagePrice": "$2.25 per 100G"
      }
    }
  },
  {
    "id": "primo-pansize-bacon",
    "brand": "Primo",
    "name": "Gluten Free Pan-sized Bacon",
    "imageUrl": "https://shop.coles.com.au/wcsstore/Coles-CAS/images/2/8/0/2807448-th.jpg",
    "categories": ["meat-seafood-deli", "dairy-eggs-meals"],
    "tags": ["meat", "ham-bacon"],
    "locations": {
      "vic": {
        "price": 11,
        "promoText": "$4.00 ",
        "packageSize": "750g",
        "packagePrice": "$14.67 per 1Kg"
      }
    }
  },
  {
    "id": "primo-diced-bacon",
    "brand": "Primo",
    "name": "Diced Bacon",
    "imageUrl": "https://shop.coles.com.au/wcsstore/ColesResponsiveStorefrontAssetStore/dist/ccfc54aed6e361b650bcf0582f7b576b/img/img_product-placeholder.png",
    "categories": ["meat-seafood-deli"],
    "tags": ["meat", "ham-bacon"],
    "locations": {
      "vic": {
        "price": 3,
        "promoText": " ",
        "packageSize": "200g",
        "packagePrice": "$15.00 per 1Kg"
      }
    }
  },
  {
    "id": "coles-butcher-ham-loin-smoked-portion",
    "brand": "Coles",
    "name": "Loin Ham",
    "imageUrl": "https://shop.coles.com.au/wcsstore/Coles-CAS/images/8/7/2/8728050-th.jpg",
    "categories": ["meat-seafood-deli"],
    "tags": ["meat", "ham-bacon"],
    "locations": {
      "vic": {
        "price": 14,
        "promoText": " ",
        "packageSize": "approx. 700g",
        "packagePrice": "$20.00 per 1Kg"
      }
    }
  },
  {
    "id": "coles-butcher-ham-steaks",
    "brand": "Coles",
    "name": "Gluten Free Butcher Ham Steaks",
    "imageUrl": "https://shop.coles.com.au/wcsstore/Coles-CAS/images/5/9/8/5986922-th.jpg",
    "categories": ["meat-seafood-deli"],
    "tags": ["meat", "ham-bacon"],
    "locations": {
      "vic": {
        "price": 6,
        "promoText": " ",
        "packageSize": "375g",
        "packagePrice": "$16.00 per 1Kg"
      }
    }
  },
  {
    "id": "primo-cabanossi-twin-pack",
    "brand": "Primo",
    "name": "Cabanossi",
    "imageUrl": "https://shop.coles.com.au/wcsstore/ColesResponsiveStorefrontAssetStore/dist/ccfc54aed6e361b650bcf0582f7b576b/img/img_product-placeholder.png",
    "categories": ["meat-seafood-deli", "dairy-eggs-meals"],
    "tags": ["meat", "ham-bacon"],
    "locations": {
      "vic": {
        "price": 0,
        "promoText": " ",
        "packageSize": "300g",
        "packagePrice": ""
      }
    }
  },
  {
    "id": "cleaver-organic-beef-mince",
    "brand": "Cleaver's",
    "name": "Free Range Organic Beef Mince",
    "imageUrl": "https://shop.coles.com.au/wcsstore/Coles-CAS/images/9/2/2/9224255-th.jpg",
    "categories": ["meat-seafood-deli"],
    "tags": ["meat", "organic-meat"],
    "locations": {
      "vic": {
        "price": 11,
        "promoText": " ",
        "packageSize": "500g",
        "packagePrice": "$22.00 per 1Kg"
      }
    }
  },
  {
    "id": "cleaver-organic-beef-mince-extra-lean",
    "brand": "Cleaver's",
    "name": "Free Range Extra Lean Organic Beef Mince",
    "imageUrl": "https://shop.coles.com.au/wcsstore/Coles-CAS/images/9/2/2/9223332-th.jpg",
    "categories": ["meat-seafood-deli"],
    "tags": ["meat", "organic-meat"],
    "locations": {
      "vic": {
        "price": 13,
        "promoText": " ",
        "packageSize": "500g",
        "packagePrice": "$26.00 per 1Kg"
      }
    }
  },
  {
    "id": "cleavers-organic-meatballs",
    "brand": "Cleaver's",
    "name": "Free Range Organic Beef Meatballs",
    "imageUrl": "https://shop.coles.com.au/wcsstore/Coles-CAS/images/9/2/4/9242869-th.jpg",
    "categories": ["meat-seafood-deli"],
    "tags": ["meat", "organic-meat"],
    "locations": {
      "vic": {
        "price": 8.5,
        "promoText": " ",
        "packageSize": "400g",
        "packagePrice": "$21.25 per 1Kg"
      }
    }
  },
  {
    "id": "farm-fods-organic-bef-sausage",
    "brand": "Farm Foods",
    "name": "Organic Beef Sausage",
    "imageUrl": "https://shop.coles.com.au/wcsstore/Coles-CAS/images/3/7/8/3782047-th.jpg",
    "categories": ["meat-seafood-deli"],
    "tags": ["meat", "organic-meat"],
    "locations": {
      "vic": {
        "price": 9.5,
        "promoText": " ",
        "packageSize": "420g",
        "packagePrice": "$2.26 per 100G"
      }
    }
  },
  {
    "id": "ocean-blue-smoked-salmon",
    "brand": "Ocean Blue",
    "name": "Sliced Smoked Salmon",
    "imageUrl": "https://shop.coles.com.au/wcsstore/Coles-CAS/images/3/0/2/3024242-th.jpg",
    "categories": ["meat-seafood-deli"],
    "tags": ["seafod", "fish-4405077"],
    "locations": {
      "vic": {
        "price": 6.5,
        "promoText": " ",
        "packageSize": "100g",
        "packagePrice": "$65.00 per 1Kg"
      }
    }
  },
  {
    "id": "tassal-tasmanian-smoked-salmon-250g",
    "brand": "Tassal",
    "name": "Smoked Tassie Salmon",
    "imageUrl": "https://shop.coles.com.au/wcsstore/Coles-CAS/images/3/4/7/3477123-th.jpg",
    "categories": ["meat-seafood-deli", "international-fods"],
    "tags": ["seafod", "fish-4405077"],
    "locations": {
      "vic": {
        "price": 12,
        "promoText": "$2.25 ",
        "packageSize": "250g",
        "packagePrice": "$48.00 per 1Kg"
      }
    }
  },
  {
    "id": "tassal-tasmanian-hot-smoked-salmon-150g-3477360p",
    "brand": "Tassal",
    "name": "Hot Smoked Tassie Salmon With Cracked Peppercorn",
    "imageUrl": "https://shop.coles.com.au/wcsstore/Coles-CAS/images/3/4/7/3477360-th.jpg",
    "categories": ["meat-seafood-deli"],
    "tags": ["seafod", "fish-4405077"],
    "locations": {
      "vic": {
        "price": 9,
        "promoText": " ",
        "packageSize": "150g",
        "packagePrice": "$60.00 per 1Kg"
      }
    }
  },
  {
    "id": "coles-hot-smoked-salmon-pepper-150g",
    "brand": "Coles Deli",
    "name": "Hot Smoked Salmon Pepper",
    "imageUrl": "https://shop.coles.com.au/wcsstore/Coles-CAS/images/3/5/8/3582092-th.jpg",
    "categories": ["meat-seafood-deli"],
    "tags": ["seafod", "fish-4405077"],
    "locations": {
      "vic": {
        "price": 7,
        "promoText": " ",
        "packageSize": "150g",
        "packagePrice": "$46.67 per 1Kg"
      }
    }
  },
  {
    "id": "tassal-salmon-smoked-salt-reduced",
    "brand": "Tassal",
    "name": "Tasmanian Salt Reduced Smoked Salmon",
    "imageUrl": "https://shop.coles.com.au/wcsstore/Coles-CAS/images/9/8/5/9851481-th.jpg",
    "categories": ["meat-seafood-deli"],
    "tags": ["seafod", "fish-4405077"],
    "locations": {
      "vic": {
        "price": 7,
        "promoText": " ",
        "packageSize": "90g",
        "packagePrice": "$77.79 per 1Kg"
      }
    }
  },
  {
    "id": "ocean-blue-smoked-salmon-50g",
    "brand": "Ocean Blue",
    "name": "Smoked Sliced Salmon",
    "imageUrl": "https://shop.coles.com.au/wcsstore/Coles-CAS/images/2/8/4/2846745-th.jpg",
    "categories": ["meat-seafood-deli"],
    "tags": ["seafod", "fish-4405077"],
    "locations": {
      "vic": {
        "price": 4.3,
        "promoText": "$0.50 ",
        "packageSize": "50g",
        "packagePrice": "$86.00 per 1Kg"
      }
    }
  },
  {
    "id": "ocean-blue-smoked-salmon-350g",
    "brand": "Ocean Blue",
    "name": "Smoked Salmon 350g",
    "imageUrl": "https://shop.coles.com.au/wcsstore/Coles-CAS/images/3/7/9/3796664-th.jpg",
    "categories": ["meat-seafood-deli"],
    "tags": ["seafod", "fish-4405077"],
    "locations": {
      "vic": {
        "price": 15,
        "promoText": " ",
        "packageSize": "350g",
        "packagePrice": "$42.86 per 1Kg"
      }
    }
  },
  {
    "id": "tassal-tasmanian-hot-smoked-salmon-150g",
    "brand": "Tassal",
    "name": "Hot Smoked Tassie Salmon",
    "imageUrl": "https://shop.coles.com.au/wcsstore/Coles-CAS/images/3/4/7/3477892-th.jpg",
    "categories": ["meat-seafood-deli"],
    "tags": ["seafod", "fish-4405077"],
    "locations": {
      "vic": {
        "price": 9,
        "promoText": " ",
        "packageSize": "150g",
        "packagePrice": "$60.00 per 1Kg"
      }
    }
  },
  {
    "id": "tassal-salmon-smoked-for-cooking-tasmanian",
    "brand": "Tassal",
    "name": "Tasmanian Smoked Salmon Pieces",
    "imageUrl": "https://shop.coles.com.au/wcsstore/Coles-CAS/images/7/6/0/7601621-th.jpg",
    "categories": ["meat-seafood-deli"],
    "tags": ["seafod", "fish-4405077"],
    "locations": {
      "vic": {
        "price": 7,
        "promoText": " ",
        "packageSize": "200g",
        "packagePrice": "$35.00 per 1Kg"
      }
    }
  },
  {
    "id": "ocean-blue-smoked-salmon-180g-3770795p",
    "brand": "Ocean Blue",
    "name": "Smoked Salmon",
    "imageUrl": "https://shop.coles.com.au/wcsstore/Coles-CAS/images/3/7/7/3770795-th.jpg",
    "categories": ["meat-seafood-deli"],
    "tags": ["seafod", "fish-4405077"],
    "locations": {
      "vic": {
        "price": 9,
        "promoText": "$1.00 ",
        "packageSize": "180g",
        "packagePrice": "$50.00 per 1Kg"
      }
    }
  },
  {
    "id": "tassal-tasmanian-smoked-salmon-150g",
    "brand": "Tassal",
    "name": "Smoked Tassie Salmon",
    "imageUrl": "https://shop.coles.com.au/wcsstore/Coles-CAS/images/3/4/7/3477054-th.jpg",
    "categories": ["meat-seafood-deli"],
    "tags": ["seafod", "fish-4405077"],
    "locations": {
      "vic": {
        "price": 10.25,
        "promoText": " ",
        "packageSize": "150g",
        "packagePrice": "$68.34 per 1Kg"
      }
    }
  },
  {
    "id": "ocean-blue-smoked-ocean-trout",
    "brand": "Ocean Blue",
    "name": "Smoked Ocean Trout",
    "imageUrl": "https://shop.coles.com.au/wcsstore/Coles-CAS/images/2/7/4/2740766-th.jpg",
    "categories": ["meat-seafood-deli"],
    "tags": ["seafod", "fish-4405077"],
    "locations": {
      "vic": {
        "price": 6.5,
        "promoText": " ",
        "packageSize": "100g",
        "packagePrice": "$65.00 per 1Kg"
      }
    }
  },
  {
    "id": "mt-garlic-prawns-",
    "brand": "Coles",
    "name": "Garlic Prawns",
    "imageUrl": "https://shop.coles.com.au/wcsstore/ColesResponsiveStorefrontAssetStore/dist/ccfc54aed6e361b650bcf0582f7b576b/img/img_product-placeholder.png",
    "categories": ["meat-seafood-deli"],
    "tags": ["seafod", "fish-4405077"],
    "locations": {
      "vic": {
        "price": 8,
        "promoText": " ",
        "packageSize": "260g",
        "packagePrice": "$3.08 per 100G"
      }
    }
  },
  {
    "id": "mt-sweet-chilli-prawns-",
    "brand": "Coles",
    "name": "Sweet Chilli Prawns",
    "imageUrl": "https://shop.coles.com.au/wcsstore/ColesResponsiveStorefrontAssetStore/dist/ccfc54aed6e361b650bcf0582f7b576b/img/img_product-placeholder.png",
    "categories": ["meat-seafood-deli"],
    "tags": ["seafod", "fish-4405077"],
    "locations": {
      "vic": {
        "price": 8,
        "promoText": " ",
        "packageSize": "260g",
        "packagePrice": "$3.08 per 100G"
      }
    }
  },
  {
    "id": "raw-banana-prawns-300g",
    "brand": "Coles",
    "name": "Raw Banana Prawn",
    "imageUrl": "https://shop.coles.com.au/wcsstore/ColesResponsiveStorefrontAssetStore/dist/ccfc54aed6e361b650bcf0582f7b576b/img/img_product-placeholder.png",
    "categories": ["meat-seafood-deli"],
    "tags": ["seafod", "fish-4405077"],
    "locations": {
      "vic": {
        "price": 10,
        "promoText": " ",
        "packageSize": "300g",
        "packagePrice": "$3.33 per 100G"
      }
    }
  },
  {
    "id": "cooked-vannamei-prawns-300g",
    "brand": "Coles",
    "name": "Cooked Vannamei Prawns",
    "imageUrl": "https://shop.coles.com.au/wcsstore/ColesResponsiveStorefrontAssetStore/dist/ccfc54aed6e361b650bcf0582f7b576b/img/img_product-placeholder.png",
    "categories": ["meat-seafood-deli"],
    "tags": ["seafod", "fish-4405077"],
    "locations": {
      "vic": {
        "price": 10,
        "promoText": " ",
        "packageSize": "300g",
        "packagePrice": "$3.33 per 100G"
      }
    }
  },
  {
    "id": "cooked-black-tiger-prawns-300g",
    "brand": "Coles",
    "name": "Cooked Black Tiger Prawns",
    "imageUrl": "https://shop.coles.com.au/wcsstore/ColesResponsiveStorefrontAssetStore/dist/ccfc54aed6e361b650bcf0582f7b576b/img/img_product-placeholder.png",
    "categories": ["meat-seafood-deli"],
    "tags": ["seafod", "fish-4405077"],
    "locations": {
      "vic": {
        "price": 13,
        "promoText": " ",
        "packageSize": "300g",
        "packagePrice": "$4.33 per 100G"
      }
    }
  },
  {
    "id": "talleys-mussels-natural",
    "brand": "Talley's",
    "name": "Natural Mussels",
    "imageUrl": "https://shop.coles.com.au/wcsstore/Coles-CAS/images/5/0/3/5032467-th.jpg",
    "categories": ["meat-seafood-deli"],
    "tags": ["seafod", "mussels-scallops"],
    "locations": {
      "vic": {
        "price": 7,
        "promoText": "$0.75 ",
        "packageSize": "375g",
        "packagePrice": "$18.67 per 1Kg"
      }
    }
  },
  {
    "id": "talleys-mussels-garlic",
    "brand": "Talley's",
    "name": "Garlic Mussels",
    "imageUrl": "https://shop.coles.com.au/wcsstore/Coles-CAS/images/9/5/9/9596067-th.jpg",
    "categories": ["meat-seafood-deli"],
    "tags": ["seafod", "mussels-scallops"],
    "locations": {
      "vic": {
        "price": 7,
        "promoText": "$0.75 ",
        "packageSize": "375g",
        "packagePrice": "$18.67 per 1Kg"
      }
    }
  },
  {
    "id": "maria-island-wod-smoked-mussels-natural",
    "brand": "Maria Island",
    "name": "Wood Smoked Mussels Natural",
    "imageUrl": "https://shop.coles.com.au/wcsstore/Coles-CAS/images/3/7/4/3745594-th.jpg",
    "categories": ["meat-seafood-deli"],
    "tags": ["seafod", "mussels-scallops"],
    "locations": {
      "vic": {
        "price": 8,
        "promoText": " ",
        "packageSize": "120g",
        "packagePrice": "$66.67 per 1Kg"
      }
    }
  },
  {
    "id": "coles-marinara-mix-",
    "brand": "Coles",
    "name": "Marinara Mix",
    "imageUrl": "https://shop.coles.com.au/wcsstore/ColesResponsiveStorefrontAssetStore/dist/ccfc54aed6e361b650bcf0582f7b576b/img/img_product-placeholder.png",
    "categories": ["meat-seafood-deli"],
    "tags": ["seafod", "prawns-shrimp"],
    "locations": {
      "vic": {
        "price": 7,
        "promoText": " ",
        "packageSize": "350g",
        "packagePrice": "$2.00 per 100G"
      }
    }
  },
  {
    "id": "coles-seafood-fresh-x-large-prawn-black-cooked-tiger",
    "brand": "Coles Deli",
    "name": "Fresh Seafood Black Tiger Prawns",
    "imageUrl": "https://shop.coles.com.au/wcsstore/Coles-CAS/images/2/9/5/2959322-th.jpg",
    "categories": ["meat-seafood-deli"],
    "tags": ["seafod", "prawns-shrimp"],
    "locations": {
      "vic": {
        "price": 7.5,
        "promoText": " ",
        "packageSize": "approx. 250g",
        "packagePrice": "$30.00 per 1Kg"
      }
    }
  },
  {
    "id": "seafood-highlighter-300g",
    "brand": "Coles",
    "name": "Seafood Highlighter",
    "imageUrl": "https://shop.coles.com.au/wcsstore/ColesResponsiveStorefrontAssetStore/dist/ccfc54aed6e361b650bcf0582f7b576b/img/img_product-placeholder.png",
    "categories": ["meat-seafood-deli"],
    "tags": ["seafod", "prawns-shrimp"],
    "locations": {
      "vic": {
        "price": 6,
        "promoText": " ",
        "packageSize": "300g",
        "packagePrice": "$2.00 per 100G"
      }
    }
  },
  {
    "id": "john-west-squid-salt-and-pepper",
    "brand": "John West",
    "name": "Classic Salt & Pepper Coating Squid",
    "imageUrl": "https://shop.coles.com.au/wcsstore/Coles-CAS/images/1/4/9/1493424-th.jpg",
    "categories": ["meat-seafood-deli"],
    "tags": ["seafod", "prawns-shrimp"],
    "locations": {
      "vic": {
        "price": 0,
        "promoText": " ",
        "packageSize": "260g",
        "packagePrice": ""
      }
    }
  },
  {
    "id": "coles-frozen-cooked-chilli-prawns-skewers",
    "brand": "Coles Deli",
    "name": "Thawed Cooked Chilli Prawns Skewers",
    "imageUrl": "https://shop.coles.com.au/wcsstore/Coles-CAS/images/2/9/8/2984080-th.jpg",
    "categories": ["meat-seafood-deli"],
    "tags": ["seafod", "mixed-marinara"],
    "locations": {
      "vic": {
        "price": 0,
        "promoText": " ",
        "packageSize": "",
        "packagePrice": ""
      }
    }
  },
  {
    "id": "coles-frozen-cooked-garlic-prawns-skewers",
    "brand": "Coles Deli",
    "name": "Thawed Cooked Garlic Prawns Skewer",
    "imageUrl": "https://shop.coles.com.au/wcsstore/Coles-CAS/images/2/9/8/2984046-th.jpg",
    "categories": ["meat-seafood-deli"],
    "tags": ["seafod", "mixed-marinara"],
    "locations": {
      "vic": {
        "price": 0,
        "promoText": " ",
        "packageSize": "",
        "packagePrice": ""
      }
    }
  },
  {
    "id": "tassal-tassie-smoked-salmon-100g",
    "brand": "Tassal",
    "name": "Tassie Smoked Salmon",
    "imageUrl": "https://shop.coles.com.au/wcsstore/Coles-CAS/images/3/7/2/3729747-th.jpg",
    "categories": ["meat-seafood-deli"],
    "tags": ["seafod", "prepacked-seafod"],
    "locations": {
      "vic": {
        "price": 7.5,
        "promoText": " ",
        "packageSize": "100g",
        "packagePrice": "$75.00 per 1Kg"
      }
    }
  },
  {
    "id": "ocean-blue-surimi-sea-sticks-150g",
    "brand": "Ocean Blue",
    "name": "Surimi Sea Sticks",
    "imageUrl": "https://shop.coles.com.au/wcsstore/Coles-CAS/images/2/8/5/2850731-th.jpg",
    "categories": ["meat-seafood-deli"],
    "tags": ["seafod", "prepacked-seafod"],
    "locations": {
      "vic": {
        "price": 4.8,
        "promoText": " ",
        "packageSize": "150g",
        "packagePrice": "$32.00 per 1Kg"
      }
    }
  },
  {
    "id": "ocean-blue-crab-meat",
    "brand": "Ocean Blue",
    "name": "Premium Blue Swimmer Crab Meat",
    "imageUrl": "https://shop.coles.com.au/wcsstore/Coles-CAS/images/3/0/2/3024300-th.jpg",
    "categories": ["meat-seafood-deli"],
    "tags": ["seafod", "prepacked-seafod"],
    "locations": {
      "vic": {
        "price": 10.5,
        "promoText": " ",
        "packageSize": "140g",
        "packagePrice": "$75.00 per 1Kg"
      }
    }
  },
  {
    "id": "holland-house-caviar-black",
    "brand": "Holland House",
    "name": "Lumpfish Black Caviar",
    "imageUrl": "https://shop.coles.com.au/wcsstore/Coles-CAS/images/8/4/4/8446375-th.jpg",
    "categories": ["meat-seafood-deli"],
    "tags": ["seafod", "prepacked-seafod"],
    "locations": {
      "vic": {
        "price": 6,
        "promoText": " ",
        "packageSize": "50g",
        "packagePrice": "$12.00 per 100G"
      }
    }
  },
  {
    "id": "ocean-blue-bilinis",
    "brand": "Ocean Blue",
    "name": "Bilinis",
    "imageUrl": "https://shop.coles.com.au/wcsstore/Coles-CAS/images/3/6/6/3661960-th.jpg",
    "categories": ["meat-seafood-deli"],
    "tags": ["seafod", "prepacked-seafod"],
    "locations": {
      "vic": {
        "price": 5.4,
        "promoText": " ",
        "packageSize": "168g",
        "packagePrice": "$32.14 per 1Kg"
      }
    }
  },
  {
    "id": "coles-deli-hans-oliving-hot-twiggys",
    "brand": "Hans",
    "name": "Oliving Hot Twiggy Sticks",
    "imageUrl": "https://shop.coles.com.au/wcsstore/Coles-CAS/images/2/0/7/2072997-th.jpg",
    "categories": ["meat-seafood-deli"],
    "tags": ["deli-meats", "salami"],
    "locations": {
      "vic": {
        "price": 2.5,
        "promoText": "$1.25 ",
        "packageSize": "approx. 125g",
        "packagePrice": "$20.00 per 1Kg"
      }
    }
  },
  {
    "id": "coles-deli-hans-oliving-mild-twiggy-sticks",
    "brand": "Hans",
    "name": "Mild Twiggy Sticks",
    "imageUrl": "https://shop.coles.com.au/wcsstore/Coles-CAS/images/2/0/7/2076615-th.jpg",
    "categories": ["meat-seafood-deli"],
    "tags": ["deli-meats", "salami"],
    "locations": {
      "vic": {
        "price": 2.5,
        "promoText": "$1.25 ",
        "packageSize": "approx. 125g",
        "packagePrice": "$20.00 per 1Kg"
      }
    }
  },
  {
    "id": "primo-hungarian-mild-salami",
    "brand": "Primo",
    "name": "Hungarian Mild Salami",
    "imageUrl": "https://shop.coles.com.au/wcsstore/ColesResponsiveStorefrontAssetStore/dist/ccfc54aed6e361b650bcf0582f7b576b/img/img_product-placeholder.png",
    "categories": ["meat-seafood-deli"],
    "tags": ["deli-meats", "sliced-meats"],
    "locations": {
      "vic": {
        "price": 3.6,
        "promoText": "Any 3 $7.98",
        "packageSize": "120g",
        "packagePrice": "$30.00 per 1Kg"
      }
    }
  },
  {
    "id": "primo-roast-beef-sliced",
    "brand": "Primo",
    "name": "Roast Beef Sliced",
    "imageUrl": "https://shop.coles.com.au/wcsstore/ColesResponsiveStorefrontAssetStore/dist/ccfc54aed6e361b650bcf0582f7b576b/img/img_product-placeholder.png",
    "categories": ["meat-seafood-deli"],
    "tags": ["deli-meats", "sliced-meats"],
    "locations": {
      "vic": {
        "price": 3.2,
        "promoText": "Any 3 $7.98",
        "packageSize": "120g",
        "packagePrice": "$26.67 per 1Kg"
      }
    }
  },
  {
    "id": "primo-chorizo-mild-salami",
    "brand": "Primo",
    "name": "Chorizo Mild Salami",
    "imageUrl": "https://shop.coles.com.au/wcsstore/ColesResponsiveStorefrontAssetStore/dist/ccfc54aed6e361b650bcf0582f7b576b/img/img_product-placeholder.png",
    "categories": ["meat-seafood-deli"],
    "tags": ["deli-meats", "sliced-meats"],
    "locations": {
      "vic": {
        "price": 3.6,
        "promoText": "Any 3 $7.98",
        "packageSize": "120g",
        "packagePrice": "$30.00 per 1Kg"
      }
    }
  },
  {
    "id": "primo-pancetta",
    "brand": "Primo",
    "name": "Pancetta",
    "imageUrl": "https://shop.coles.com.au/wcsstore/ColesResponsiveStorefrontAssetStore/dist/ccfc54aed6e361b650bcf0582f7b576b/img/img_product-placeholder.png",
    "categories": ["meat-seafood-deli"],
    "tags": ["deli-meats", "sliced-meats"],
    "locations": {
      "vic": {
        "price": 4,
        "promoText": "Any 3 $7.98",
        "packageSize": "100g",
        "packagePrice": "$4.00 per 100G"
      }
    }
  },
  {
    "id": "primo-pastrami-sliced",
    "brand": "Primo",
    "name": "Pastrami Sliced",
    "imageUrl": "https://shop.coles.com.au/wcsstore/ColesResponsiveStorefrontAssetStore/dist/ccfc54aed6e361b650bcf0582f7b576b/img/img_product-placeholder.png",
    "categories": ["meat-seafood-deli"],
    "tags": ["deli-meats", "sliced-meats"],
    "locations": {
      "vic": {
        "price": 3,
        "promoText": "Any 3 $7.98",
        "packageSize": "120g",
        "packagePrice": "$2.50 per 100G"
      }
    }
  },
  {
    "id": "primo-proscuitto",
    "brand": "Primo",
    "name": "Proscuitto",
    "imageUrl": "https://shop.coles.com.au/wcsstore/ColesResponsiveStorefrontAssetStore/dist/ccfc54aed6e361b650bcf0582f7b576b/img/img_product-placeholder.png",
    "categories": ["meat-seafood-deli"],
    "tags": ["deli-meats", "sliced-meats"],
    "locations": {
      "vic": {
        "price": 4,
        "promoText": "Any 3 $7.98",
        "packageSize": "100g",
        "packagePrice": "$4.00 per 100G"
      }
    }
  },
  {
    "id": "primo-hungarian-hot-salami",
    "brand": "Primo",
    "name": "Hungarian Hot Salami",
    "imageUrl": "https://shop.coles.com.au/wcsstore/ColesResponsiveStorefrontAssetStore/dist/ccfc54aed6e361b650bcf0582f7b576b/img/img_product-placeholder.png",
    "categories": ["meat-seafood-deli"],
    "tags": ["deli-meats", "sliced-meats"],
    "locations": {
      "vic": {
        "price": 3.6,
        "promoText": "Any 3 $7.98",
        "packageSize": "120g",
        "packagePrice": "$30.00 per 1Kg"
      }
    }
  },
  {
    "id": "primo-shaved-leg-ham",
    "brand": "Primo",
    "name": "Shaved Leg Ham",
    "imageUrl": "https://shop.coles.com.au/wcsstore/ColesResponsiveStorefrontAssetStore/dist/ccfc54aed6e361b650bcf0582f7b576b/img/img_product-placeholder.png",
    "categories": ["meat-seafood-deli"],
    "tags": ["deli-meats", "sliced-meats"],
    "locations": {
      "vic": {
        "price": 3.4,
        "promoText": "Any 3 $7.98",
        "packageSize": "200g",
        "packagePrice": "$17.00 per 1Kg"
      }
    }
  },
  {
    "id": "tibaldi-turkey-breast",
    "brand": "Tibaldi",
    "name": "Turkey Breast",
    "imageUrl": "https://shop.coles.com.au/wcsstore/ColesResponsiveStorefrontAssetStore/dist/ccfc54aed6e361b650bcf0582f7b576b/img/img_product-placeholder.png",
    "categories": ["meat-seafood-deli"],
    "tags": ["deli-meats", "sliced-meats"],
    "locations": {
      "vic": {
        "price": 3,
        "promoText": "Any 3 $7.98",
        "packageSize": "110g",
        "packagePrice": "$27.27 per 1Kg"
      }
    }
  },
  {
    "id": "primo-shaved-honey-ham",
    "brand": "Primo",
    "name": "Shaved Honey Ham",
    "imageUrl": "https://shop.coles.com.au/wcsstore/ColesResponsiveStorefrontAssetStore/dist/ccfc54aed6e361b650bcf0582f7b576b/img/img_product-placeholder.png",
    "categories": ["meat-seafood-deli"],
    "tags": ["deli-meats", "sliced-meats"],
    "locations": {
      "vic": {
        "price": 3.8,
        "promoText": "Any 3 $7.98",
        "packageSize": "180g",
        "packagePrice": "$21.11 per 1Kg"
      }
    }
  },
  {
    "id": "primo-chilli-coated-salami",
    "brand": "Primo",
    "name": "Chilli Coated Salami",
    "imageUrl": "https://shop.coles.com.au/wcsstore/ColesResponsiveStorefrontAssetStore/dist/ccfc54aed6e361b650bcf0582f7b576b/img/img_product-placeholder.png",
    "categories": ["meat-seafood-deli"],
    "tags": ["deli-meats", "sliced-meats"],
    "locations": {
      "vic": {
        "price": 3.6,
        "promoText": "Any 3 $7.98",
        "packageSize": "120g",
        "packagePrice": "$30.00 per 1Kg"
      }
    }
  },
  {
    "id": "primo-sopressa-mild-salami",
    "brand": "Primo",
    "name": "Sopressa Mild Salami",
    "imageUrl": "https://shop.coles.com.au/wcsstore/ColesResponsiveStorefrontAssetStore/dist/ccfc54aed6e361b650bcf0582f7b576b/img/img_product-placeholder.png",
    "categories": ["meat-seafood-deli"],
    "tags": ["deli-meats", "sliced-meats"],
    "locations": {
      "vic": {
        "price": 4,
        "promoText": "Any 3 $7.98",
        "packageSize": "130g",
        "packagePrice": "$30.77 per 1Kg"
      }
    }
  },
  {
    "id": "primo-shaved-leg-ham-3559126p",
    "brand": "Primo",
    "name": "Sliced Leg Ham",
    "imageUrl": "https://shop.coles.com.au/wcsstore/ColesResponsiveStorefrontAssetStore/dist/ccfc54aed6e361b650bcf0582f7b576b/img/img_product-placeholder.png",
    "categories": ["meat-seafood-deli"],
    "tags": ["deli-meats", "sliced-meats"],
    "locations": {
      "vic": {
        "price": 3.4,
        "promoText": "Any 3 $7.98",
        "packageSize": "200g",
        "packagePrice": "$17.00 per 1Kg"
      }
    }
  },
  {
    "id": "primo-danish-salami-3563430p",
    "brand": "Primo",
    "name": "Danish Salami",
    "imageUrl": "https://shop.coles.com.au/wcsstore/ColesResponsiveStorefrontAssetStore/dist/ccfc54aed6e361b650bcf0582f7b576b/img/img_product-placeholder.png",
    "categories": ["meat-seafood-deli"],
    "tags": ["deli-meats", "sliced-meats"],
    "locations": {
      "vic": {
        "price": 3.6,
        "promoText": "Any 3 $7.98",
        "packageSize": "120g",
        "packagePrice": "$3.00 per 100G"
      }
    }
  },
  {
    "id": "primo-silverside-sliced",
    "brand": "Primo",
    "name": "Silverside Sliced",
    "imageUrl": "https://shop.coles.com.au/wcsstore/ColesResponsiveStorefrontAssetStore/dist/ccfc54aed6e361b650bcf0582f7b576b/img/img_product-placeholder.png",
    "categories": ["meat-seafood-deli"],
    "tags": ["deli-meats", "sliced-meats"],
    "locations": {
      "vic": {
        "price": 3,
        "promoText": "Any 3 $7.98",
        "packageSize": "120g",
        "packagePrice": "$25.00 per 1Kg"
      }
    }
  },
  {
    "id": "dorsogna-sticks---pepperoni",
    "brand": "D'Orsogna",
    "name": "Traditional Pepperoni Sticks",
    "imageUrl": "https://shop.coles.com.au/wcsstore/Coles-CAS/images/1/8/4/1848199-th.jpg",
    "categories": ["meat-seafood-deli"],
    "tags": ["deli-meats", "sliced-meats"],
    "locations": {
      "vic": {
        "price": 5.6,
        "promoText": " ",
        "packageSize": "150g",
        "packagePrice": "$37.34 per 1Kg"
      }
    }
  },
  {
    "id": "primo-sliced-virginian-ham",
    "brand": "Primo",
    "name": "Sliced Virginian Ham",
    "imageUrl": "https://shop.coles.com.au/wcsstore/ColesResponsiveStorefrontAssetStore/dist/ccfc54aed6e361b650bcf0582f7b576b/img/img_product-placeholder.png",
    "categories": ["meat-seafood-deli"],
    "tags": ["deli-meats", "sliced-meats"],
    "locations": {
      "vic": {
        "price": 3.8,
        "promoText": " ",
        "packageSize": "180g",
        "packagePrice": "$21.11 per 1Kg"
      }
    }
  },
  {
    "id": "tibaldi-plain-mortadella",
    "brand": "Tibaldi",
    "name": "Plain Mortadella",
    "imageUrl": "https://shop.coles.com.au/wcsstore/ColesResponsiveStorefrontAssetStore/dist/ccfc54aed6e361b650bcf0582f7b576b/img/img_product-placeholder.png",
    "categories": ["meat-seafood-deli"],
    "tags": ["deli-meats", "sliced-meats"],
    "locations": {
      "vic": {
        "price": 3,
        "promoText": " ",
        "packageSize": "250g",
        "packagePrice": "$12.00 per 1Kg"
      }
    }
  },
  {
    "id": "tibaldi-olive-mortadella",
    "brand": "Tibaldi",
    "name": "Olive Mortadella",
    "imageUrl": "https://shop.coles.com.au/wcsstore/ColesResponsiveStorefrontAssetStore/dist/ccfc54aed6e361b650bcf0582f7b576b/img/img_product-placeholder.png",
    "categories": ["meat-seafood-deli"],
    "tags": ["deli-meats", "sliced-meats"],
    "locations": {
      "vic": {
        "price": 3,
        "promoText": "Any 3 $7.98",
        "packageSize": "250g",
        "packagePrice": "$12.00 per 1Kg"
      }
    }
  },
  {
    "id": "strasburg-round-sliced",
    "brand": "Coles Deli",
    "name": "Sliced Don Round Strasburg",
    "imageUrl": "https://shop.coles.com.au/wcsstore/Coles-CAS/images/2/4/8/248797-th.jpg",
    "categories": ["meat-seafood-deli"],
    "tags": ["deli-meats", "sliced-meats"],
    "locations": {
      "vic": {
        "price": 2.13,
        "promoText": " ",
        "packageSize": "approx. 125g",
        "packagePrice": "$17.00 per 1kg"
      }
    }
  },
  {
    "id": "deli-express-primo-continental-platter",
    "brand": "Coles Deli",
    "name": "Continental Platter",
    "imageUrl": "https://shop.coles.com.au/wcsstore/Coles-CAS/images/3/1/7/3174960-th.jpg",
    "categories": ["meat-seafood-deli"],
    "tags": ["deli-meats", "sliced-meats"],
    "locations": {
      "vic": {
        "price": 13.5,
        "promoText": " ",
        "packageSize": "200g",
        "packagePrice": "$6.75 per 100G"
      }
    }
  },
  {
    "id": "primo-sopressa-hot-salami",
    "brand": "Primo",
    "name": "Sopressa Hot Salami",
    "imageUrl": "https://shop.coles.com.au/wcsstore/ColesResponsiveStorefrontAssetStore/dist/ccfc54aed6e361b650bcf0582f7b576b/img/img_product-placeholder.png",
    "categories": ["meat-seafood-deli"],
    "tags": ["deli-meats", "sliced-meats"],
    "locations": {
      "vic": {
        "price": 4,
        "promoText": "Any 3 $7.98",
        "packageSize": "130g",
        "packagePrice": "$30.77 per 1Kg"
      }
    }
  },
  {
    "id": "primo-sliced-champagne-ham",
    "brand": "Primo",
    "name": "Sliced Champagne Ham",
    "imageUrl": "https://shop.coles.com.au/wcsstore/ColesResponsiveStorefrontAssetStore/dist/ccfc54aed6e361b650bcf0582f7b576b/img/img_product-placeholder.png",
    "categories": ["meat-seafood-deli"],
    "tags": ["deli-meats", "sliced-meats"],
    "locations": {
      "vic": {
        "price": 3.5,
        "promoText": " ",
        "packageSize": "180g",
        "packagePrice": "$19.45 per 1Kg"
      }
    }
  },
  {
    "id": "primo-sliced-honey-ham",
    "brand": "Primo",
    "name": "Sliced Honey Ham",
    "imageUrl": "https://shop.coles.com.au/wcsstore/ColesResponsiveStorefrontAssetStore/dist/ccfc54aed6e361b650bcf0582f7b576b/img/img_product-placeholder.png",
    "categories": ["meat-seafood-deli"],
    "tags": ["deli-meats", "sliced-meats"],
    "locations": {
      "vic": {
        "price": 3.8,
        "promoText": "Any 3 $7.98",
        "packageSize": "180g",
        "packagePrice": "$21.11 per 1Kg"
      }
    }
  },
  {
    "id": "primo-twiggy-sticks-mild",
    "brand": "Primo",
    "name": "Twiggy Sticks Mild",
    "imageUrl": "https://shop.coles.com.au/wcsstore/ColesResponsiveStorefrontAssetStore/dist/ccfc54aed6e361b650bcf0582f7b576b/img/img_product-placeholder.png",
    "categories": ["meat-seafood-deli"],
    "tags": ["deli-meats", "sliced-meats"],
    "locations": {
      "vic": {
        "price": 5,
        "promoText": " ",
        "packageSize": "200g",
        "packagePrice": "$2.50 per 100G"
      }
    }
  },
  {
    "id": "fettayleh-smallgoods-turkey-smoked-shaved",
    "brand": "Coles Deli",
    "name": "Shaved Fettayleh Smallgoods Smoked Turkey",
    "imageUrl": "https://shop.coles.com.au/wcsstore/Coles-CAS/images/9/8/9/9896694-th.jpg",
    "categories": ["meat-seafood-deli"],
    "tags": ["deli-meats", "sliced-meats"],
    "locations": {
      "vic": {
        "price": 3.47,
        "promoText": " ",
        "packageSize": "approx. 125g",
        "packagePrice": "$27.75 per 1Kg"
      }
    }
  },
  {
    "id": "primo-chorizo-hot-salami",
    "brand": "Primo",
    "name": "Chorizo Hot Salami",
    "imageUrl": "https://shop.coles.com.au/wcsstore/ColesResponsiveStorefrontAssetStore/dist/ccfc54aed6e361b650bcf0582f7b576b/img/img_product-placeholder.png",
    "categories": ["meat-seafood-deli"],
    "tags": ["deli-meats", "sliced-meats"],
    "locations": {
      "vic": {
        "price": 3.6,
        "promoText": " ",
        "packageSize": "120g",
        "packagePrice": "$30.00 per 1Kg"
      }
    }
  },
  {
    "id": "primo-sliced-devon",
    "brand": "Primo",
    "name": "Sliced Devon",
    "imageUrl": "https://shop.coles.com.au/wcsstore/ColesResponsiveStorefrontAssetStore/dist/ccfc54aed6e361b650bcf0582f7b576b/img/img_product-placeholder.png",
    "categories": ["meat-seafood-deli"],
    "tags": ["deli-meats", "sliced-meats"],
    "locations": {
      "vic": {
        "price": 2,
        "promoText": " ",
        "packageSize": "220g",
        "packagePrice": "$9.09 per 1Kg"
      }
    }
  },
  {
    "id": "primo-red-wine-garlic-salami",
    "brand": "Primo",
    "name": "Red Wine & Garlic Salami",
    "imageUrl": "https://shop.coles.com.au/wcsstore/ColesResponsiveStorefrontAssetStore/dist/ccfc54aed6e361b650bcf0582f7b576b/img/img_product-placeholder.png",
    "categories": ["meat-seafood-deli"],
    "tags": ["deli-meats", "sliced-meats"],
    "locations": {
      "vic": {
        "price": 4,
        "promoText": "Any 3 $7.98",
        "packageSize": "130g",
        "packagePrice": "$3.08 per 100G"
      }
    }
  },
  {
    "id": "primo-twiggy-sticks-hot",
    "brand": "Primo",
    "name": "Twiggy Sticks Hot",
    "imageUrl": "https://shop.coles.com.au/wcsstore/ColesResponsiveStorefrontAssetStore/dist/ccfc54aed6e361b650bcf0582f7b576b/img/img_product-placeholder.png",
    "categories": ["meat-seafood-deli"],
    "tags": ["deli-meats", "sliced-meats"],
    "locations": {
      "vic": {
        "price": 5,
        "promoText": " ",
        "packageSize": "200g",
        "packagePrice": "$2.50 per 100G"
      }
    }
  },
  {
    "id": "primo-italian-style-salami",
    "brand": "Primo",
    "name": "Italian Style Salami",
    "imageUrl": "https://shop.coles.com.au/wcsstore/ColesResponsiveStorefrontAssetStore/dist/ccfc54aed6e361b650bcf0582f7b576b/img/img_product-placeholder.png",
    "categories": ["meat-seafood-deli"],
    "tags": ["deli-meats", "sliced-meats"],
    "locations": {
      "vic": {
        "price": 3.6,
        "promoText": " ",
        "packageSize": "120g",
        "packagePrice": "$30.00 per 1Kg"
      }
    }
  },
  {
    "id": "tibaldi-chicken-loaf",
    "brand": "Tibaldi",
    "name": "Chicken Loaf",
    "imageUrl": "https://shop.coles.com.au/wcsstore/ColesResponsiveStorefrontAssetStore/dist/ccfc54aed6e361b650bcf0582f7b576b/img/img_product-placeholder.png",
    "categories": ["meat-seafood-deli"],
    "tags": ["deli-meats", "sliced-meats"],
    "locations": {
      "vic": {
        "price": 3,
        "promoText": "Any 3 $7.98",
        "packageSize": "200g",
        "packagePrice": "$15.00 per 1Kg"
      }
    }
  },
  {
    "id": "fettayleh-smallgoods-smoked-turkey-chilli",
    "brand": "Coles Deli",
    "name": "Sliced Fettayleh Smallgoods Smoked Chilli Turkey",
    "imageUrl": "https://shop.coles.com.au/wcsstore/Coles-CAS/images/9/8/9/9896683-th.jpg",
    "categories": ["meat-seafood-deli"],
    "tags": ["deli-meats", "sliced-meats"],
    "locations": {
      "vic": {
        "price": 3.47,
        "promoText": " ",
        "packageSize": "approx. 125g",
        "packagePrice": "$27.75 per 1Kg"
      }
    }
  },
  {
    "id": "fettayleh-smallgoods-salami",
    "brand": "Coles Deli",
    "name": "Sliced Fettayleh Smallgoods Salami",
    "imageUrl": "https://shop.coles.com.au/wcsstore/Coles-CAS/images/1/0/3/1031542-th.jpg",
    "categories": ["meat-seafood-deli"],
    "tags": ["deli-meats", "sliced-meats"],
    "locations": {
      "vic": {
        "price": 2.25,
        "promoText": " ",
        "packageSize": "approx. 125g",
        "packagePrice": "$18.00 per 1Kg"
      }
    }
  },
  {
    "id": "dorsogna-cacciatora-mild",
    "brand": "D'Orsogna",
    "name": "Cacciatora Mild",
    "imageUrl": "https://shop.coles.com.au/wcsstore/ColesResponsiveStorefrontAssetStore/dist/ccfc54aed6e361b650bcf0582f7b576b/img/img_product-placeholder.png",
    "categories": ["meat-seafood-deli"],
    "tags": ["deli-meats", "sliced-meats"],
    "locations": {
      "vic": {
        "price": 5.6,
        "promoText": " ",
        "packageSize": "225g",
        "packagePrice": "$24.89 per 1Kg"
      }
    }
  },
  {
    "id": "dorsonga-cacciatora-hot",
    "brand": "Dorsonga",
    "name": "Cacciatora Hot",
    "imageUrl": "https://shop.coles.com.au/wcsstore/ColesResponsiveStorefrontAssetStore/dist/ccfc54aed6e361b650bcf0582f7b576b/img/img_product-placeholder.png",
    "categories": ["meat-seafood-deli"],
    "tags": ["deli-meats", "sliced-meats"],
    "locations": {
      "vic": {
        "price": 5.6,
        "promoText": " ",
        "packageSize": "225g",
        "packagePrice": "$24.89 per 1Kg"
      }
    }
  },
  {
    "id": "wurstel-chorizo-300g",
    "brand": "Wurstel",
    "name": "Chorizo",
    "imageUrl": "https://shop.coles.com.au/wcsstore/ColesResponsiveStorefrontAssetStore/dist/ccfc54aed6e361b650bcf0582f7b576b/img/img_product-placeholder.png",
    "categories": ["meat-seafood-deli"],
    "tags": ["deli-meats", "cured-smoked"],
    "locations": {
      "vic": {
        "price": 6.9,
        "promoText": " ",
        "packageSize": "300g",
        "packagePrice": "$23.00 per 1Kg"
      }
    }
  },
  {
    "id": "deli-express-coles-kabana",
    "brand": "Coles Deli",
    "name": "Kabana",
    "imageUrl": "https://shop.coles.com.au/wcsstore/ColesResponsiveStorefrontAssetStore/dist/ccfc54aed6e361b650bcf0582f7b576b/img/img_product-placeholder.png",
    "categories": ["meat-seafood-deli"],
    "tags": ["deli-meats", "cured-smoked"],
    "locations": {
      "vic": {
        "price": 4.2,
        "promoText": " ",
        "packageSize": "220g",
        "packagePrice": "$19.09 per 1Kg"
      }
    }
  },
  {
    "id": "don-franks-footy-skinless",
    "brand": "Don",
    "name": "Footy Franks Skinless",
    "imageUrl": "https://shop.coles.com.au/wcsstore/Coles-CAS/images/8/0/2/8025730-th.jpg",
    "categories": ["meat-seafood-deli", "dairy-eggs-meals"],
    "tags": ["deli-meats", "frankfurts-sausages"],
    "locations": {
      "vic": {
        "price": 6.2,
        "promoText": " ",
        "packageSize": "375g",
        "packagePrice": "$16.53 per 1Kg"
      }
    }
  },
  {
    "id": "primo-frankfurts-cocktail",
    "brand": "Primo",
    "name": "Gluten Free Cocktail Franks",
    "imageUrl": "https://shop.coles.com.au/wcsstore/Coles-CAS/images/4/8/5/485760-th.jpg",
    "categories": ["meat-seafood-deli", "dairy-eggs-meals"],
    "tags": ["deli-meats", "frankfurts-sausages"],
    "locations": {
      "vic": {
        "price": 3.15,
        "promoText": " ",
        "packageSize": "500g",
        "packagePrice": "$0.63 per 100G"
      }
    }
  },
  {
    "id": "primo-frankfurts-slim",
    "brand": "Primo",
    "name": "Gluten Free Thin Franks",
    "imageUrl": "https://shop.coles.com.au/wcsstore/Coles-CAS/images/1/0/2/1028184-th.jpg",
    "categories": ["meat-seafood-deli", "dairy-eggs-meals"],
    "tags": ["deli-meats", "frankfurts-sausages"],
    "locations": {
      "vic": {
        "price": 3.15,
        "promoText": " ",
        "packageSize": "500g",
        "packagePrice": "$6.30 per 1Kg"
      }
    }
  },
  {
    "id": "primo-continental-chorizo",
    "brand": "Primo",
    "name": "Continental Chorizo",
    "imageUrl": "https://shop.coles.com.au/wcsstore/ColesResponsiveStorefrontAssetStore/dist/ccfc54aed6e361b650bcf0582f7b576b/img/img_product-placeholder.png",
    "categories": ["meat-seafood-deli"],
    "tags": ["deli-meats", "frankfurts-sausages"],
    "locations": {
      "vic": {
        "price": 5.7,
        "promoText": " ",
        "packageSize": "250g",
        "packagePrice": "$2.28 per 100G"
      }
    }
  },
  {
    "id": "primo-frankfurts-cocktail-raw",
    "brand": "Primo",
    "name": "Raw Cocktail Frankfurts",
    "imageUrl": "https://shop.coles.com.au/wcsstore/Coles-CAS/images/4/9/9/499618-th.jpg",
    "categories": ["meat-seafood-deli"],
    "tags": ["deli-meats", "frankfurts-sausages"],
    "locations": {
      "vic": {
        "price": 0.4,
        "promoText": " ",
        "packageSize": "approx. 50g",
        "packagePrice": "$8.00 per 1kg"
      }
    }
  },
  {
    "id": "primo-cheese-kransky-twin-pack",
    "brand": "Primo",
    "name": "Cheese Kransky Twin Pack",
    "imageUrl": "https://shop.coles.com.au/wcsstore/ColesResponsiveStorefrontAssetStore/dist/ccfc54aed6e361b650bcf0582f7b576b/img/img_product-placeholder.png",
    "categories": ["meat-seafood-deli"],
    "tags": ["deli-meats", "frankfurts-sausages"],
    "locations": {
      "vic": {
        "price": 4.3,
        "promoText": " ",
        "packageSize": "250g",
        "packagePrice": "$1.72 per 100G"
      }
    }
  },
  {
    "id": "primo-dx-saveloys",
    "brand": "Primo",
    "name": "Saveloys",
    "imageUrl": "https://shop.coles.com.au/wcsstore/Coles-CAS/images/3/0/5/3052623-th.jpg",
    "categories": ["meat-seafood-deli"],
    "tags": ["deli-meats", "frankfurts-sausages"],
    "locations": {
      "vic": {
        "price": 6.5,
        "promoText": " ",
        "packageSize": "750g",
        "packagePrice": "$8.67 per 1Kg"
      }
    }
  },
  {
    "id": "primo-chicken-frankfurt",
    "brand": "Primo",
    "name": "Chicken Frankfurt",
    "imageUrl": "https://shop.coles.com.au/wcsstore/Coles-CAS/images/3/0/5/3052601-th.jpg",
    "categories": ["meat-seafood-deli"],
    "tags": ["deli-meats", "frankfurts-sausages"],
    "locations": {
      "vic": {
        "price": 6.5,
        "promoText": " ",
        "packageSize": "750g",
        "packagePrice": "$8.67 per 1Kg"
      }
    }
  },
  {
    "id": "primo-skinless-franks",
    "brand": "Primo",
    "name": "Skinless Franks",
    "imageUrl": "https://shop.coles.com.au/wcsstore/ColesResponsiveStorefrontAssetStore/dist/ccfc54aed6e361b650bcf0582f7b576b/img/img_product-placeholder.png",
    "categories": ["meat-seafood-deli"],
    "tags": ["deli-meats", "frankfurts-sausages"],
    "locations": {
      "vic": {
        "price": 5,
        "promoText": " ",
        "packageSize": "375g",
        "packagePrice": "$1.33 per 100G"
      }
    }
  },
  {
    "id": "primo-thin-franksfurts",
    "brand": "Primo",
    "name": "Thin Frankfurts",
    "imageUrl": "https://shop.coles.com.au/wcsstore/ColesResponsiveStorefrontAssetStore/dist/ccfc54aed6e361b650bcf0582f7b576b/img/img_product-placeholder.png",
    "categories": ["meat-seafood-deli"],
    "tags": ["deli-meats", "frankfurts-sausages"],
    "locations": {
      "vic": {
        "price": 4,
        "promoText": " ",
        "packageSize": "500g",
        "packagePrice": "$0.80 per 100G"
      }
    }
  },
  {
    "id": "primo-cocktail-franks",
    "brand": "Primo",
    "name": "Cocktail Franks",
    "imageUrl": "https://shop.coles.com.au/wcsstore/ColesResponsiveStorefrontAssetStore/dist/ccfc54aed6e361b650bcf0582f7b576b/img/img_product-placeholder.png",
    "categories": ["meat-seafood-deli"],
    "tags": ["deli-meats", "frankfurts-sausages"],
    "locations": {
      "vic": {
        "price": 4,
        "promoText": " ",
        "packageSize": "500g",
        "packagePrice": "$0.80 per 100g"
      }
    }
  },
  {
    "id": "coles-rte-shredded-roast-chicken",
    "brand": "Coles",
    "name": "RSPCA Approved Shredded Chicken Breast Roast",
    "imageUrl": "https://shop.coles.com.au/wcsstore/Coles-CAS/images/3/0/8/3081290-th.jpg",
    "categories": ["meat-seafood-deli", "dairy-eggs-meals"],
    "tags": ["deli-meats", "poultry"],
    "locations": {
      "vic": {
        "price": 5,
        "promoText": " ",
        "packageSize": "150g",
        "packagePrice": "$33.34 per 1Kg"
      }
    }
  },
  {
    "id": "don-sliced-rspca-chicken-breast",
    "brand": "Don",
    "name": "RSPCA Approved Sliced Chicken Breast",
    "imageUrl": "https://shop.coles.com.au/wcsstore/Coles-CAS/images/3/5/8/3583200-th.jpg",
    "categories": ["meat-seafood-deli", "dairy-eggs-meals"],
    "tags": ["deli-meats", "poultry"],
    "locations": {
      "vic": {
        "price": 6.4,
        "promoText": " ",
        "packageSize": "180g",
        "packagePrice": "$3.56 per 100G"
      }
    }
  },
  {
    "id": "coles-australian-roast-chicken-breast-slices",
    "brand": "Coles",
    "name": "RSPCA Approved Chicken Breast Roast Slices",
    "imageUrl": "https://shop.coles.com.au/wcsstore/Coles-CAS/images/1/9/6/1962128-th.jpg",
    "categories": ["meat-seafood-deli", "dairy-eggs-meals"],
    "tags": ["deli-meats", "poultry"],
    "locations": {
      "vic": {
        "price": 5,
        "promoText": " ",
        "packageSize": "150g",
        "packagePrice": "$33.34 per 1Kg"
      }
    }
  },
  {
    "id": "la-casa-del-formaggio-cheese-mozzarella-balls",
    "brand": "La Casa Del Formaggio",
    "name": "Mozzarella Balls",
    "imageUrl": "https://shop.coles.com.au/wcsstore/Coles-CAS/images/8/9/8/8981379-th.jpg",
    "categories": ["meat-seafood-deli"],
    "tags": ["deli-specialty", "deli-gourmet-chese"],
    "locations": {
      "vic": {
        "price": 7.6,
        "promoText": " ",
        "packageSize": "450g",
        "packagePrice": "$16.89 per 1Kg"
      }
    }
  },
  {
    "id": "delre-cheese-smoked-dutch",
    "brand": "Coles Deli",
    "name": "Delre Smoked Dutch Cheese",
    "imageUrl": "https://shop.coles.com.au/wcsstore/Coles-CAS/images/6/1/2/6120912-th.jpg",
    "categories": ["meat-seafood-deli", "dairy-eggs-meals"],
    "tags": ["deli-specialty", "deli-gourmet-chese"],
    "locations": {
      "vic": {
        "price": 6.2,
        "promoText": " ",
        "packageSize": "approx. 200g",
        "packagePrice": "$31.00 per 1Kg"
      }
    }
  },
  {
    "id": "coles-finest-marinated-goats-fetta",
    "brand": "Coles Finest",
    "name": "Tasmanian Goats Cheese",
    "imageUrl": "https://shop.coles.com.au/wcsstore/Coles-CAS/images/3/4/5/3453330-th.jpg",
    "categories": ["meat-seafood-deli"],
    "tags": ["deli-specialty", "deli-gourmet-chese"],
    "locations": {
      "vic": {
        "price": 9.7,
        "promoText": " ",
        "packageSize": "300g",
        "packagePrice": "$3.23 per 100G"
      }
    }
  },
  {
    "id": "meredith-cheese-chevre",
    "brand": "Coles Deli",
    "name": "Meredith Dairy Plain Chevre",
    "imageUrl": "https://shop.coles.com.au/wcsstore/Coles-CAS/images/6/6/7/6670935-th.jpg",
    "categories": ["meat-seafood-deli"],
    "tags": ["deli-specialty", "deli-gourmet-chese"],
    "locations": {
      "vic": {
        "price": 9,
        "promoText": " ",
        "packageSize": "150g",
        "packagePrice": "$60.00 per 1Kg"
      }
    }
  },
  {
    "id": "coles-deli-black-jack-aged-cheddar-spaccato",
    "brand": "Black Jack",
    "name": "Aged Cheddar Spaccato",
    "imageUrl": "https://shop.coles.com.au/wcsstore/Coles-CAS/images/2/2/4/2240730-th.jpg",
    "categories": ["meat-seafood-deli", "dairy-eggs-meals"],
    "tags": ["deli-specialty", "deli-gourmet-chese"],
    "locations": {
      "vic": {
        "price": 4.4,
        "promoText": " ",
        "packageSize": "approx. 275g",
        "packagePrice": "$16.00 per 1Kg"
      }
    }
  },
  {
    "id": "coles-deli-sweberg-cheese",
    "brand": "Coles Deli",
    "name": "Sweberg Cheese",
    "imageUrl": "https://shop.coles.com.au/wcsstore/Coles-CAS/images/2/2/4/2240763-th.jpg",
    "categories": ["meat-seafood-deli"],
    "tags": ["deli-specialty", "deli-gourmet-chese"],
    "locations": {
      "vic": {
        "price": 7.02,
        "promoText": " ",
        "packageSize": "approx. 390g",
        "packagePrice": "$18.00 per 1Kg"
      }
    }
  },
  {
    "id": "coles-deli-yarra-valley-goats-cheese",
    "brand": "Yarra Valley",
    "name": "Fresh Goats Cheese",
    "imageUrl": "https://shop.coles.com.au/wcsstore/Coles-CAS/images/2/2/4/2244582-th.jpg",
    "categories": ["meat-seafood-deli"],
    "tags": ["deli-specialty", "deli-gourmet-chese"],
    "locations": {
      "vic": {
        "price": 7.4,
        "promoText": " ",
        "packageSize": "120g",
        "packagePrice": "$61.67 per 1Kg"
      }
    }
  },
  {
    "id": "delre-cheese-pecorino-pepato",
    "brand": "Coles Deli",
    "name": "Delre Pecorino Pepato",
    "imageUrl": "https://shop.coles.com.au/wcsstore/Coles-CAS/images/6/5/5/6553294-th.jpg",
    "categories": ["meat-seafood-deli"],
    "tags": ["deli-specialty", "deli-gourmet-chese"],
    "locations": {
      "vic": {
        "price": 7.2,
        "promoText": " ",
        "packageSize": "approx. 200g",
        "packagePrice": "$36.00 per 1Kg"
      }
    }
  },
  {
    "id": "delre-cheese-caprakaa-goat-milk",
    "brand": "Coles Deli",
    "name": "Delre Goat Milk Caprakaas",
    "imageUrl": "https://shop.coles.com.au/wcsstore/Coles-CAS/images/6/1/1/6113000-th.jpg",
    "categories": ["meat-seafood-deli"],
    "tags": ["deli-specialty", "deli-gourmet-chese"],
    "locations": {
      "vic": {
        "price": 10.6,
        "promoText": " ",
        "packageSize": "approx. 200g",
        "packagePrice": "$53.00 per 1Kg"
      }
    }
  },
  {
    "id": "delre-cheese-mini-chol",
    "brand": "Coles Deli",
    "name": "Delre Mini Chol",
    "imageUrl": "https://shop.coles.com.au/wcsstore/Coles-CAS/images/6/1/2/6120821-th.jpg",
    "categories": ["meat-seafood-deli", "dairy-eggs-meals"],
    "tags": ["deli-specialty", "deli-gourmet-chese"],
    "locations": {
      "vic": {
        "price": 7.2,
        "promoText": " ",
        "packageSize": "approx. 200g",
        "packagePrice": "$36.00 per 1Kg"
      }
    }
  },
  {
    "id": "shaw-river-cheese-mozzarella-buffalo",
    "brand": "Shaw River",
    "name": "Buffalo Mozzarella",
    "imageUrl": "https://shop.coles.com.au/wcsstore/Coles-CAS/images/6/6/7/6671097-th.jpg",
    "categories": ["meat-seafood-deli"],
    "tags": ["deli-specialty", "deli-gourmet-chese"],
    "locations": {
      "vic": {
        "price": 11.5,
        "promoText": " ",
        "packageSize": "120g",
        "packagePrice": "$95.83 per 1Kg"
      }
    }
  },
  {
    "id": "aphrodite-barrel-aged-feta-portion",
    "brand": "Aphrodite",
    "name": "Barrel Aged Feta Portion",
    "imageUrl": "https://shop.coles.com.au/wcsstore/ColesResponsiveStorefrontAssetStore/dist/ccfc54aed6e361b650bcf0582f7b576b/img/img_product-placeholder.png",
    "categories": ["meat-seafood-deli", "dairy-eggs-meals"],
    "tags": ["deli-specialty", "deli-gourmet-chese"],
    "locations": {
      "vic": {
        "price": 12,
        "promoText": " ",
        "packageSize": "170g",
        "packagePrice": "$70.59 per 1Kg"
      }
    }
  },
  {
    "id": "artemis-kefalotyri",
    "brand": "Artemis",
    "name": "Kefalotyri",
    "imageUrl": "https://shop.coles.com.au/wcsstore/ColesResponsiveStorefrontAssetStore/dist/ccfc54aed6e361b650bcf0582f7b576b/img/img_product-placeholder.png",
    "categories": ["meat-seafood-deli", "dairy-eggs-meals"],
    "tags": ["deli-specialty", "deli-gourmet-chese"],
    "locations": {
      "vic": {
        "price": 12.5,
        "promoText": " ",
        "packageSize": "200g",
        "packagePrice": "$62.50 per 1Kg"
      }
    }
  },
  {
    "id": "bio-dynamic-triple-cream-camembert",
    "brand": "Bio-Dynamic",
    "name": "Triple Cream Camembert",
    "imageUrl": "https://shop.coles.com.au/wcsstore/ColesResponsiveStorefrontAssetStore/dist/ccfc54aed6e361b650bcf0582f7b576b/img/img_product-placeholder.png",
    "categories": ["meat-seafood-deli", "dairy-eggs-meals"],
    "tags": ["deli-specialty", "deli-gourmet-chese"],
    "locations": {
      "vic": {
        "price": 13.5,
        "promoText": " ",
        "packageSize": "280g",
        "packagePrice": "$4.82 per 100G"
      }
    }
  },
  {
    "id": "meredith-cheese-chevre-dill-portion",
    "brand": "Coles Deli",
    "name": "Meredith Dairy Dill Chevre",
    "imageUrl": "https://shop.coles.com.au/wcsstore/Coles-CAS/images/6/6/7/6671009-th.jpg",
    "categories": ["meat-seafood-deli"],
    "tags": ["deli-specialty", "deli-gourmet-chese"],
    "locations": {
      "vic": {
        "price": 9,
        "promoText": " ",
        "packageSize": "150g",
        "packagePrice": "$60.00 per 1Kg"
      }
    }
  },
  {
    "id": "isle-of-mann-celtic-vintage-red-leicester",
    "brand": "Isle Of Man",
    "name": "Celtic Red Vintage Leicester",
    "imageUrl": "https://shop.coles.com.au/wcsstore/ColesResponsiveStorefrontAssetStore/dist/ccfc54aed6e361b650bcf0582f7b576b/img/img_product-placeholder.png",
    "categories": ["meat-seafood-deli", "dairy-eggs-meals"],
    "tags": ["deli-specialty", "deli-gourmet-chese"],
    "locations": {
      "vic": {
        "price": 7.1,
        "promoText": " ",
        "packageSize": "180g",
        "packagePrice": "$39.45 per 1Kg"
      }
    }
  },
  {
    "id": "isle-of-mann-cheddar-portion",
    "brand": "Isle Of Man",
    "name": "Cheddar Portion",
    "imageUrl": "https://shop.coles.com.au/wcsstore/ColesResponsiveStorefrontAssetStore/dist/ccfc54aed6e361b650bcf0582f7b576b/img/img_product-placeholder.png",
    "categories": ["meat-seafood-deli", "dairy-eggs-meals"],
    "tags": ["deli-specialty", "deli-gourmet-chese"],
    "locations": {
      "vic": {
        "price": 7.1,
        "promoText": " ",
        "packageSize": "180g",
        "packagePrice": "$39.45 per 1Kg"
      }
    }
  },
  {
    "id": "milawa-blue",
    "brand": "Milawa",
    "name": "Blue",
    "imageUrl": "https://shop.coles.com.au/wcsstore/ColesResponsiveStorefrontAssetStore/dist/ccfc54aed6e361b650bcf0582f7b576b/img/img_product-placeholder.png",
    "categories": ["meat-seafood-deli"],
    "tags": ["deli-specialty", "deli-gourmet-chese"],
    "locations": {
      "vic": {
        "price": 11,
        "promoText": " ",
        "packageSize": "150g",
        "packagePrice": "$73.34 per 1Kg"
      }
    }
  },
  {
    "id": "papillon-roquefort-3735546p",
    "brand": "Papillon",
    "name": "Roquefort",
    "imageUrl": "https://shop.coles.com.au/wcsstore/ColesResponsiveStorefrontAssetStore/dist/ccfc54aed6e361b650bcf0582f7b576b/img/img_product-placeholder.png",
    "categories": ["meat-seafood-deli"],
    "tags": ["deli-specialty", "deli-gourmet-chese"],
    "locations": {
      "vic": {
        "price": 8,
        "promoText": " ",
        "packageSize": "100g",
        "packagePrice": "$80.00 per 1Kg"
      }
    }
  },
  {
    "id": "yarra-valley-herby-cow-cheese",
    "brand": "Yarra Valley",
    "name": "Herby Cow Cheese",
    "imageUrl": "https://shop.coles.com.au/wcsstore/Coles-CAS/images/2/2/4/2244560-th.jpg",
    "categories": ["meat-seafood-deli"],
    "tags": ["deli-specialty", "deli-gourmet-chese"],
    "locations": {
      "vic": {
        "price": 5.3,
        "promoText": " ",
        "packageSize": "120g",
        "packagePrice": "$44.17 per 1Kg"
      }
    }
  },
  {
    "id": "yarra-valley-dairy-salted-honey-cow-cheese",
    "brand": "Yarra Valley Dairy",
    "name": "Salted Honey Cow Cheese",
    "imageUrl": "https://shop.coles.com.au/wcsstore/Coles-CAS/images/3/0/5/3052973-th.jpg",
    "categories": ["meat-seafood-deli"],
    "tags": ["deli-specialty", "deli-gourmet-chese"],
    "locations": {
      "vic": {
        "price": 5.3,
        "promoText": " ",
        "packageSize": "120g",
        "packagePrice": "$44.17 per 1Kg"
      }
    }
  },
  {
    "id": "dodoni-cheese-greek-fetta-1kg",
    "brand": "Dodoni",
    "name": "Greek Fetta Cheese",
    "imageUrl": "https://shop.coles.com.au/wcsstore/Coles-CAS/images/5/5/4/5545687-th.jpg",
    "categories": ["meat-seafood-deli"],
    "tags": ["deli-specialty", "antipasto"],
    "locations": {
      "vic": {
        "price": 2.9,
        "promoText": " ",
        "packageSize": "approx. 100g",
        "packagePrice": "$29.00 per 1Kg"
      }
    }
  },
  {
    "id": "coles-skinpack-grilled-pumpkin",
    "brand": "Deli Express",
    "name": "Roasted Pumpkin",
    "imageUrl": "https://shop.coles.com.au/wcsstore/Coles-CAS/images/3/6/0/3605369-th.jpg",
    "categories": ["meat-seafood-deli"],
    "tags": ["deli-specialty", "antipasto"],
    "locations": {
      "vic": {
        "price": 5,
        "promoText": " ",
        "packageSize": "140g",
        "packagePrice": "$3.57 per 100G"
      }
    }
  },
  {
    "id": "coles-skinpack-grilled-eggplant",
    "brand": "Deli Express",
    "name": "Grilled Eggplant",
    "imageUrl": "https://shop.coles.com.au/wcsstore/Coles-CAS/images/3/6/0/3609960-th.jpg",
    "categories": ["meat-seafood-deli"],
    "tags": ["deli-specialty", "antipasto"],
    "locations": {
      "vic": {
        "price": 5,
        "promoText": " ",
        "packageSize": "150g",
        "packagePrice": "$3.33 per 100G"
      }
    }
  },
  {
    "id": "coles-deli-ricotta-3219183p",
    "brand": "Coles Deli",
    "name": "Ricotta",
    "imageUrl": "https://shop.coles.com.au/wcsstore/Coles-CAS/images/3/2/1/3219183-th.jpg",
    "categories": ["meat-seafood-deli"],
    "tags": ["deli-specialty", "antipasto"],
    "locations": {
      "vic": {
        "price": 0,
        "promoText": " ",
        "packageSize": "approx.125g",
        "packagePrice": ""
      }
    }
  },
  {
    "id": "dodoni-cheese-greek-feta",
    "brand": "Dodoni",
    "name": "Greek Feta Cheese",
    "imageUrl": "https://shop.coles.com.au/wcsstore/Coles-CAS/images/5/5/3/5532299-th.jpg",
    "categories": ["meat-seafood-deli"],
    "tags": ["deli-specialty", "antipasto"],
    "locations": {
      "vic": {
        "price": 2.9,
        "promoText": " ",
        "packageSize": "approx. 100g",
        "packagePrice": "$29.00 per 1Kg"
      }
    }
  },
  {
    "id": "pura-milk-full-cream-5477930p",
    "brand": "Pura",
    "name": "Multi Nutrient Full Cream Milk",
    "imageUrl": "https://shop.coles.com.au/wcsstore/Coles-CAS/images/5/4/7/5477930-th.jpg",
    "categories": ["dairy-eggs-meals"],
    "tags": ["milk", "full-cream-milk"],
    "locations": {
      "vic": {
        "price": 3.25,
        "promoText": " ",
        "packageSize": "2L",
        "packagePrice": "$1.63 per 1L"
      }
    }
  },
  {
    "id": "coles-milk-full-cream-8150288p",
    "brand": "Coles",
    "name": "Full Cream Milk",
    "imageUrl": "https://shop.coles.com.au/wcsstore/Coles-CAS/images/8/1/5/8150288-th.jpg",
    "categories": ["dairy-eggs-meals"],
    "tags": ["milk", "full-cream-milk"],
    "locations": {
      "vic": {
        "price": 3.59,
        "promoText": " ",
        "packageSize": "3L",
        "packagePrice": "$1.20 per 1L"
      }
    }
  },
  {
    "id": "coles-milk-full-cream-439693p",
    "brand": "Coles",
    "name": "Full Cream Milk",
    "imageUrl": "https://shop.coles.com.au/wcsstore/Coles-CAS/images/4/3/9/439693-th.jpg",
    "categories": ["dairy-eggs-meals"],
    "tags": ["milk", "full-cream-milk"],
    "locations": {
      "vic": {
        "price": 2.39,
        "promoText": " ",
        "packageSize": "2L",
        "packagePrice": "$1.20 per 1L"
      }
    }
  },
  {
    "id": "great-ocean-road-milk-full-cream-fresh-9321070p",
    "brand": "Great Ocean Road",
    "name": "Fresh Full Cream Milk",
    "imageUrl": "https://shop.coles.com.au/wcsstore/Coles-CAS/images/9/3/2/9321070-th.jpg",
    "categories": ["dairy-eggs-meals"],
    "tags": ["milk", "full-cream-milk"],
    "locations": {
      "vic": {
        "price": 3.3,
        "promoText": " ",
        "packageSize": "2L",
        "packagePrice": "$1.65 per 1L"
      }
    }
  },
  {
    "id": "devondale-full-fat-milk-1909941p",
    "brand": "Devondale",
    "name": "Full Cream Milk",
    "imageUrl": "https://shop.coles.com.au/wcsstore/Coles-CAS/images/1/9/0/1909941-th.jpg",
    "categories": ["dairy-eggs-meals"],
    "tags": ["milk", "full-cream-milk"],
    "locations": {
      "vic": {
        "price": 4.4,
        "promoText": " ",
        "packageSize": "3L",
        "packagePrice": "$1.47 per 1L"
      }
    }
  },
  {
    "id": "coles-milk-full-cream-9052681p",
    "brand": "Coles",
    "name": "Full Cream Milk",
    "imageUrl": "https://shop.coles.com.au/wcsstore/Coles-CAS/images/9/0/5/9052681-th.jpg",
    "categories": ["dairy-eggs-meals"],
    "tags": ["milk", "full-cream-milk"],
    "locations": {
      "vic": {
        "price": 1.29,
        "promoText": " ",
        "packageSize": "1L",
        "packagePrice": "$1.29 per 1L"
      }
    }
  },
  {
    "id": "pura-milk-full-cream",
    "brand": "Pura",
    "name": "Full Cream Milk",
    "imageUrl": "https://shop.coles.com.au/wcsstore/Coles-CAS/images/7/8/2/7828977-th.jpg",
    "categories": ["dairy-eggs-meals"],
    "tags": ["milk", "full-cream-milk"],
    "locations": {
      "vic": {
        "price": 4.85,
        "promoText": " ",
        "packageSize": "3L",
        "packagePrice": "$1.62 per 1L"
      }
    }
  },
  {
    "id": "great-ocean-road-milk-full-cream-fresh",
    "brand": "Great Ocean Road",
    "name": "Fresh Full Cream Milk",
    "imageUrl": "https://shop.coles.com.au/wcsstore/Coles-CAS/images/9/3/1/9317935-th.jpg",
    "categories": ["dairy-eggs-meals"],
    "tags": ["milk", "full-cream-milk"],
    "locations": {
      "vic": {
        "price": 2,
        "promoText": " ",
        "packageSize": "1L",
        "packagePrice": "$2.00 per 1L"
      }
    }
  },
  {
    "id": "coles-milk-full-cream-carton-6759482p",
    "brand": "Coles",
    "name": "Full Cream Milk Carton",
    "imageUrl": "https://shop.coles.com.au/wcsstore/Coles-CAS/images/6/7/5/6759482-th.jpg",
    "categories": ["dairy-eggs-meals"],
    "tags": ["milk", "full-cream-milk"],
    "locations": {
      "vic": {
        "price": 1.1,
        "promoText": " ",
        "packageSize": "600mL",
        "packagePrice": "$1.83 per 1L"
      }
    }
  },
  {
    "id": "dairy-farmers-a2-godness-full-cream-milk",
    "brand": "Dairy Farmers",
    "name": "A2 Goodness Full Cream Milk",
    "imageUrl": "https://shop.coles.com.au/wcsstore/Coles-CAS/images/3/7/6/3762367-th.jpg",
    "categories": ["dairy-eggs-meals"],
    "tags": ["milk", "full-cream-milk"],
    "locations": {
      "vic": {
        "price": 4.5,
        "promoText": " ",
        "packageSize": "2L",
        "packagePrice": "$2.25 per 1L"
      }
    }
  },
  {
    "id": "dairy-farmers-a2-godness-light-milk",
    "brand": "Dairy Farmers",
    "name": "A2 Goodness Light Milk",
    "imageUrl": "https://shop.coles.com.au/wcsstore/Coles-CAS/images/3/7/6/3762403-th.jpg",
    "categories": ["dairy-eggs-meals"],
    "tags": ["milk", "full-cream-milk"],
    "locations": {
      "vic": {
        "price": 4.5,
        "promoText": " ",
        "packageSize": "2L",
        "packagePrice": "$2.25 per 1L"
      }
    }
  },
  {
    "id": "pura-full-cream-milk",
    "brand": "Pura",
    "name": "Full Cream Milk",
    "imageUrl": "https://shop.coles.com.au/wcsstore/Coles-CAS/images/3/6/4/3647722-th.jpg",
    "categories": ["dairy-eggs-meals"],
    "tags": ["milk", "full-cream-milk"],
    "locations": {
      "vic": {
        "price": 2.3,
        "promoText": " ",
        "packageSize": "1L",
        "packagePrice": "$2.30 per 1L"
      }
    }
  },
  {
    "id": "pauls-plus-calcium-milk",
    "brand": "Pauls",
    "name": "Plus Calcium Milk",
    "imageUrl": "https://shop.coles.com.au/wcsstore/Coles-CAS/images/3/7/6/3762185-th.jpg",
    "categories": ["dairy-eggs-meals"],
    "tags": ["milk", "full-cream-milk"],
    "locations": {
      "vic": {
        "price": 3.99,
        "promoText": " ",
        "packageSize": "1.5L",
        "packagePrice": "$2.66 per 1L"
      }
    }
  },
  {
    "id": "pauls-plus-protein-milk",
    "brand": "Pauls",
    "name": "Plus Protein Milk",
    "imageUrl": "https://shop.coles.com.au/wcsstore/Coles-CAS/images/3/7/6/3762163-th.jpg",
    "categories": ["dairy-eggs-meals"],
    "tags": ["milk", "full-cream-milk"],
    "locations": {
      "vic": {
        "price": 3.99,
        "promoText": " ",
        "packageSize": "1.5L",
        "packagePrice": "$2.66 per 1L"
      }
    }
  },
  {
    "id": "coles-milk-lite-reduced-fat",
    "brand": "Coles",
    "name": "Reduced Fat Lite Milk",
    "imageUrl": "https://shop.coles.com.au/wcsstore/Coles-CAS/images/8/3/7/8379529-th.jpg",
    "categories": ["dairy-eggs-meals"],
    "tags": ["milk", "skim-low-fat-milk"],
    "locations": {
      "vic": {
        "price": 2.39,
        "promoText": " ",
        "packageSize": "2L",
        "packagePrice": "$1.20 per 1L"
      }
    }
  },
  {
    "id": "coles-milk-lite-reduced-fat-9107728p",
    "brand": "Coles",
    "name": "Reduced Fat Lite Milk",
    "imageUrl": "https://shop.coles.com.au/wcsstore/Coles-CAS/images/9/1/0/9107728-th.jpg",
    "categories": ["dairy-eggs-meals"],
    "tags": ["milk", "skim-low-fat-milk"],
    "locations": {
      "vic": {
        "price": 3.59,
        "promoText": " ",
        "packageSize": "3L",
        "packagePrice": "$1.20 per 1L"
      }
    }
  },
  {
    "id": "great-ocean-road-milk-low-fat-fresh-9321138p",
    "brand": "Great Ocean Road",
    "name": "Fresh Low Fat Milk",
    "imageUrl": "https://shop.coles.com.au/wcsstore/Coles-CAS/images/9/3/2/9321138-th.jpg",
    "categories": ["dairy-eggs-meals"],
    "tags": ["milk", "skim-low-fat-milk"],
    "locations": {
      "vic": {
        "price": 3.3,
        "promoText": " ",
        "packageSize": "2L",
        "packagePrice": "$1.65 per 1L"
      }
    }
  },
  {
    "id": "pura-light-start--milk-reduced-fat-calcium-rich-5410316p",
    "brand": "Pura",
    "name": "Light Start Low Fat Multi Nutrient Milk",
    "imageUrl": "https://shop.coles.com.au/wcsstore/Coles-CAS/images/5/4/1/5410316-th.jpg",
    "categories": ["dairy-eggs-meals"],
    "tags": ["milk", "skim-low-fat-milk"],
    "locations": {
      "vic": {
        "price": 4,
        "promoText": " ",
        "packageSize": "2L",
        "packagePrice": "$2.00 per 1L"
      }
    }
  },
  {
    "id": "coles-milk-skim-bottle",
    "brand": "Coles",
    "name": "Skim Milk",
    "imageUrl": "https://shop.coles.com.au/wcsstore/Coles-CAS/images/1/9/9/1993267-th.jpg",
    "categories": ["dairy-eggs-meals"],
    "tags": ["milk", "skim-low-fat-milk"],
    "locations": {
      "vic": {
        "price": 1.29,
        "promoText": " ",
        "packageSize": "1L",
        "packagePrice": "$1.29 per 1L"
      }
    }
  },
  {
    "id": "rev-milk-reduced-fat",
    "brand": "Pauls",
    "name": "Rev Low Fat Milk",
    "imageUrl": "https://shop.coles.com.au/wcsstore/Coles-CAS/images/4/2/5/425043-th.jpg",
    "categories": ["dairy-eggs-meals"],
    "tags": ["milk", "skim-low-fat-milk"],
    "locations": {
      "vic": {
        "price": 4.1,
        "promoText": " ",
        "packageSize": "2L",
        "packagePrice": "$2.05 per 1L"
      }
    }
  },
  {
    "id": "pauls-milk-smarter-white-9411784p",
    "brand": "Pauls",
    "name": "Smarter White Milk",
    "imageUrl": "https://shop.coles.com.au/wcsstore/Coles-CAS/images/9/4/1/9411784-th.jpg",
    "categories": ["dairy-eggs-meals"],
    "tags": ["milk", "skim-low-fat-milk"],
    "locations": {
      "vic": {
        "price": 3.5,
        "promoText": " ",
        "packageSize": "2L",
        "packagePrice": "$1.75 per 1L"
      }
    }
  },
  {
    "id": "coles-lite-milk-bottle-1993256p",
    "brand": "Coles",
    "name": "Lite Milk",
    "imageUrl": "https://shop.coles.com.au/wcsstore/Coles-CAS/images/1/9/9/1993256-th.jpg",
    "categories": ["dairy-eggs-meals"],
    "tags": ["milk", "skim-low-fat-milk"],
    "locations": {
      "vic": {
        "price": 1.29,
        "promoText": " ",
        "packageSize": "1L",
        "packagePrice": "$1.29 per 1L"
      }
    }
  },
  {
    "id": "devondale-light-milk",
    "brand": "Devondale",
    "name": "Light Milk",
    "imageUrl": "https://shop.coles.com.au/wcsstore/Coles-CAS/images/1/9/0/1909952-th.jpg",
    "categories": ["dairy-eggs-meals"],
    "tags": ["milk", "skim-low-fat-milk"],
    "locations": {
      "vic": {
        "price": 4.4,
        "promoText": " ",
        "packageSize": "3L",
        "packagePrice": "$1.47 per 1L"
      }
    }
  },
  {
    "id": "great-ocean-road-milk-no-fat-fresh-9321047p",
    "brand": "Great Ocean Road",
    "name": "No Fat Milk",
    "imageUrl": "https://shop.coles.com.au/wcsstore/Coles-CAS/images/9/3/2/9321047-th.jpg",
    "categories": ["dairy-eggs-meals"],
    "tags": ["milk", "skim-low-fat-milk"],
    "locations": {
      "vic": {
        "price": 3.3,
        "promoText": " ",
        "packageSize": "2L",
        "packagePrice": "$1.65 per 1L"
      }
    }
  },
  {
    "id": "pauls-skinny-milk-fat-free",
    "brand": "Pauls",
    "name": "Skinny Milk",
    "imageUrl": "https://shop.coles.com.au/wcsstore/Coles-CAS/images/5/2/6/5260188-th.jpg",
    "categories": ["dairy-eggs-meals"],
    "tags": ["milk", "skim-low-fat-milk"],
    "locations": {
      "vic": {
        "price": 4.15,
        "promoText": " ",
        "packageSize": "2L",
        "packagePrice": "$2.08 per 1L"
      }
    }
  },
  {
    "id": "rev-milk-reduced-fat-carton",
    "brand": "Pauls",
    "name": "Rev Low Fat Milk Carton",
    "imageUrl": "https://shop.coles.com.au/wcsstore/Coles-CAS/images/3/8/7/387192-th.jpg",
    "categories": ["dairy-eggs-meals"],
    "tags": ["milk", "skim-low-fat-milk"],
    "locations": {
      "vic": {
        "price": 2.95,
        "promoText": " ",
        "packageSize": "1L",
        "packagePrice": "$2.95 per 1L"
      }
    }
  },
  {
    "id": "pauls-physical-milk-reduced-fat-high-calcium",
    "brand": "Pauls",
    "name": "Physical Reduced Fat Hi Calcium Milk",
    "imageUrl": "https://shop.coles.com.au/wcsstore/Coles-CAS/images/4/9/8/4985-th.jpg",
    "categories": ["dairy-eggs-meals"],
    "tags": ["milk", "skim-low-fat-milk"],
    "locations": {
      "vic": {
        "price": 4.75,
        "promoText": " ",
        "packageSize": "2L",
        "packagePrice": "$2.38 per 1L"
      }
    }
  },
  {
    "id": "devondale-lite-milk",
    "brand": "Devondale",
    "name": "Light Milk",
    "imageUrl": "https://shop.coles.com.au/wcsstore/Coles-CAS/images/1/9/1/1911604-th.jpg",
    "categories": ["dairy-eggs-meals"],
    "tags": ["milk", "skim-low-fat-milk"],
    "locations": {
      "vic": {
        "price": 3.3,
        "promoText": " ",
        "packageSize": "2L",
        "packagePrice": "$1.65 per 1L"
      }
    }
  },
  {
    "id": "pauls-milk-smarter-white-9411773p",
    "brand": "Pauls",
    "name": "Smarter White Milk",
    "imageUrl": "https://shop.coles.com.au/wcsstore/Coles-CAS/images/9/4/1/9411773-th.jpg",
    "categories": ["dairy-eggs-meals"],
    "tags": ["milk", "skim-low-fat-milk"],
    "locations": {
      "vic": {
        "price": 2.45,
        "promoText": " ",
        "packageSize": "1L",
        "packagePrice": "$2.45 per 1L"
      }
    }
  },
  {
    "id": "pauls-milk-smarter-white",
    "brand": "Pauls",
    "name": "Smarter White Milk",
    "imageUrl": "https://shop.coles.com.au/wcsstore/Coles-CAS/images/9/7/5/9759886-th.jpg",
    "categories": ["dairy-eggs-meals"],
    "tags": ["milk", "skim-low-fat-milk"],
    "locations": {
      "vic": {
        "price": 6.15,
        "promoText": " ",
        "packageSize": "3L",
        "packagePrice": "$2.05 per 1L"
      }
    }
  },
  {
    "id": "dare-maxibond-flavoured-milk",
    "brand": "Dare Maxibond",
    "name": "Flavoured Milk",
    "imageUrl": "https://shop.coles.com.au/wcsstore/Coles-CAS/images/3/8/5/3856948-th.jpg",
    "categories": ["dairy-eggs-meals", "drinks"],
    "tags": ["milk", "milk-flavoured"],
    "locations": {
      "vic": {
        "price": 3.35,
        "promoText": " ",
        "packageSize": "500mL",
        "packagePrice": "$6.70 per 1L"
      }
    }
  },
  {
    "id": "dairy-farmers-milk-heart-active-carton",
    "brand": "Dairy Farmers",
    "name": "Heart Active Fat Free Milk Carton",
    "imageUrl": "https://shop.coles.com.au/wcsstore/Coles-CAS/images/7/2/5/7258880-th.jpg",
    "categories": ["dairy-eggs-meals"],
    "tags": ["milk", "specialty-milk"],
    "locations": {
      "vic": {
        "price": 3.2,
        "promoText": " ",
        "packageSize": "1L",
        "packagePrice": "$3.20 per 1L"
      }
    }
  },
  {
    "id": "a2-milk-full-cream-9760091p",
    "brand": "A2",
    "name": "Dairy Full Cream Milk",
    "imageUrl": "https://shop.coles.com.au/wcsstore/Coles-CAS/images/9/7/6/9760091-th.jpg",
    "categories": ["dairy-eggs-meals"],
    "tags": ["milk", "specialty-milk"],
    "locations": {
      "vic": {
        "price": 5,
        "promoText": " ",
        "packageSize": "2L",
        "packagePrice": "$2.50 per 1L"
      }
    }
  },
  {
    "id": "a2-milk-reduced-fat-9759944p",
    "brand": "A2",
    "name": "Light Milk",
    "imageUrl": "https://shop.coles.com.au/wcsstore/Coles-CAS/images/9/7/5/9759944-th.jpg",
    "categories": ["dairy-eggs-meals"],
    "tags": ["milk", "specialty-milk"],
    "locations": {
      "vic": {
        "price": 5,
        "promoText": " ",
        "packageSize": "2L",
        "packagePrice": "$2.50 per 1L"
      }
    }
  },
  {
    "id": "a2-milk-full-cream",
    "brand": "A2",
    "name": "Full Cream Milk",
    "imageUrl": "https://shop.coles.com.au/wcsstore/Coles-CAS/images/9/7/6/9760070-th.jpg",
    "categories": ["dairy-eggs-meals"],
    "tags": ["milk", "specialty-milk"],
    "locations": {
      "vic": {
        "price": 3,
        "promoText": " ",
        "packageSize": "1L",
        "packagePrice": "$3.00 per 1L"
      }
    }
  },
  {
    "id": "pauls-zymil--milk-lactose-free-reduced-fat",
    "brand": "Pauls",
    "name": "Zymil Low Fat Milk",
    "imageUrl": "https://shop.coles.com.au/wcsstore/Coles-CAS/images/5/1/6/5169596-th.jpg",
    "categories": ["dairy-eggs-meals"],
    "tags": ["milk", "specialty-milk"],
    "locations": {
      "vic": {
        "price": 3,
        "promoText": " ",
        "packageSize": "1L",
        "packagePrice": "$3.00 per 1L"
      }
    }
  },
  {
    "id": "pauls-zymil--milk-lactose-free-full-fat",
    "brand": "Pauls",
    "name": "Zymil Lactose Free Full Cream Milk",
    "imageUrl": "https://shop.coles.com.au/wcsstore/Coles-CAS/images/5/8/9/5891600-th.jpg",
    "categories": ["dairy-eggs-meals"],
    "tags": ["milk", "specialty-milk"],
    "locations": {
      "vic": {
        "price": 3,
        "promoText": " ",
        "packageSize": "1L",
        "packagePrice": "$3.00 per 1L"
      }
    }
  },
  {
    "id": "devondale-full-fat-milk",
    "brand": "Devondale",
    "name": "Full Cream Milk",
    "imageUrl": "https://shop.coles.com.au/wcsstore/Coles-CAS/images/1/9/1/1913790-th.jpg",
    "categories": ["dairy-eggs-meals"],
    "tags": ["milk", "specialty-milk"],
    "locations": {
      "vic": {
        "price": 3.3,
        "promoText": " ",
        "packageSize": "2L",
        "packagePrice": "$1.65 per 1L"
      }
    }
  },
  {
    "id": "farmhouse-gold-organic-milk",
    "brand": "Pauls",
    "name": "Farmhouse Gold Organic Milk",
    "imageUrl": "https://shop.coles.com.au/wcsstore/Coles-CAS/images/3/1/8/3187633-th.jpg",
    "categories": ["dairy-eggs-meals"],
    "tags": ["milk", "specialty-milk"],
    "locations": {
      "vic": {
        "price": 5.1,
        "promoText": " ",
        "packageSize": "1.5L",
        "packagePrice": "$3.40 per 1L"
      }
    }
  },
  {
    "id": "dairy-farmers-milk-buttermilk",
    "brand": "Dairy Farmers",
    "name": "Buttermilk",
    "imageUrl": "https://shop.coles.com.au/wcsstore/Coles-CAS/images/2/5/2/252739-th.jpg",
    "categories": ["dairy-eggs-meals"],
    "tags": ["milk", "specialty-milk"],
    "locations": {
      "vic": {
        "price": 3.05,
        "promoText": " ",
        "packageSize": "600mL",
        "packagePrice": "$5.08 per 1L"
      }
    }
  },
  {
    "id": "parmalat-milk-full-cream-organic",
    "brand": "Pauls",
    "name": "Pure Organic Full Cream Milk",
    "imageUrl": "https://shop.coles.com.au/wcsstore/Coles-CAS/images/6/7/5/6753464-th.jpg",
    "categories": ["dairy-eggs-meals"],
    "tags": ["milk", "specialty-milk"],
    "locations": {
      "vic": {
        "price": 6.1,
        "promoText": " ",
        "packageSize": "2L",
        "packagePrice": "$3.05 per 1L"
      }
    }
  },
  {
    "id": "a2-milk-reduced-fat",
    "brand": "A2",
    "name": "Light Fat Milk",
    "imageUrl": "https://shop.coles.com.au/wcsstore/Coles-CAS/images/9/7/6/9760047-th.jpg",
    "categories": ["dairy-eggs-meals"],
    "tags": ["milk", "specialty-milk"],
    "locations": {
      "vic": {
        "price": 3,
        "promoText": " ",
        "packageSize": "1L",
        "packagePrice": "$3.00 per 1L"
      }
    }
  },
  {
    "id": "coles-lactose-free-full-cream-milk",
    "brand": "Coles",
    "name": "Lactose Free Full Cream Milk",
    "imageUrl": "https://shop.coles.com.au/wcsstore/Coles-CAS/images/2/6/3/2635444-th.jpg",
    "categories": ["dairy-eggs-meals"],
    "tags": ["milk", "specialty-milk"],
    "locations": {
      "vic": {
        "price": 2.15,
        "promoText": " ",
        "packageSize": "1L",
        "packagePrice": "$2.15 per 1L"
      }
    }
  },
  {
    "id": "zymil-low-fat-milk",
    "brand": "Pauls",
    "name": "Zymil Low Fat Milk",
    "imageUrl": "https://shop.coles.com.au/wcsstore/Coles-CAS/images/1/9/0/1902465-th.jpg",
    "categories": ["dairy-eggs-meals"],
    "tags": ["milk", "specialty-milk"],
    "locations": {
      "vic": {
        "price": 5.4,
        "promoText": " ",
        "packageSize": "2L",
        "packagePrice": "$2.70 per 1L"
      }
    }
  },
  {
    "id": "zymil-full-cream-milk",
    "brand": "Pauls",
    "name": "Zymil Gluten free & lactose Free Full Cream Milk",
    "imageUrl": "https://shop.coles.com.au/wcsstore/Coles-CAS/images/1/9/0/1902454-th.jpg",
    "categories": ["dairy-eggs-meals"],
    "tags": ["milk", "specialty-milk"],
    "locations": {
      "vic": {
        "price": 5.4,
        "promoText": " ",
        "packageSize": "2L",
        "packagePrice": "$2.70 per 1L"
      }
    }
  },
  {
    "id": "pauls-zymil--milk-lactose-free-no-fat",
    "brand": "Pauls",
    "name": "Zymil Skim Milk",
    "imageUrl": "https://shop.coles.com.au/wcsstore/Coles-CAS/images/8/9/7/8972436-th.jpg",
    "categories": ["dairy-eggs-meals"],
    "tags": ["milk", "specialty-milk"],
    "locations": {
      "vic": {
        "price": 3,
        "promoText": " ",
        "packageSize": "1L",
        "packagePrice": "$3.00 per 1L"
      }
    }
  },
  {
    "id": "green-pastures-milk-full-cream",
    "brand": "Green Pastures",
    "name": "Full Cream Milk",
    "imageUrl": "https://shop.coles.com.au/wcsstore/Coles-CAS/images/1/5/9/1595800-th.jpg",
    "categories": ["dairy-eggs-meals"],
    "tags": ["milk", "specialty-milk"],
    "locations": {
      "vic": {
        "price": 4.8,
        "promoText": " ",
        "packageSize": "2L",
        "packagePrice": "$2.40 per 1L"
      }
    }
  },
  {
    "id": "a2-no-fat-milk",
    "brand": "A2",
    "name": "No Fat Milk",
    "imageUrl": "https://shop.coles.com.au/wcsstore/Coles-CAS/images/3/0/7/3070829-th.jpg",
    "categories": ["dairy-eggs-meals"],
    "tags": ["milk", "specialty-milk"],
    "locations": {
      "vic": {
        "price": 3,
        "promoText": " ",
        "packageSize": "1L",
        "packagePrice": "$3.00 per 1L"
      }
    }
  },
  {
    "id": "coles-lactose-free-lite-milk",
    "brand": "Coles",
    "name": "Lactose Free Lite Milk",
    "imageUrl": "https://shop.coles.com.au/wcsstore/Coles-CAS/images/3/1/8/3187597-th.jpg",
    "categories": ["dairy-eggs-meals"],
    "tags": ["milk", "specialty-milk"],
    "locations": {
      "vic": {
        "price": 2.15,
        "promoText": " ",
        "packageSize": "1L",
        "packagePrice": "$2.15 per 1L"
      }
    }
  },
  {
    "id": "parmalat-milk-full-cream-organic-carton",
    "brand": "Pauls",
    "name": "Pure Organic Full Cream Milk Carton",
    "imageUrl": "https://shop.coles.com.au/wcsstore/Coles-CAS/images/5/2/2/5220627-th.jpg",
    "categories": ["dairy-eggs-meals"],
    "tags": ["milk", "specialty-milk"],
    "locations": {
      "vic": {
        "price": 3.2,
        "promoText": " ",
        "packageSize": "1L",
        "packagePrice": "$3.20 per 1L"
      }
    }
  },
  {
    "id": "vitasoy-milk-rice-carton",
    "brand": "Vitasoy",
    "name": "Unsweetened Rice Milk Carton",
    "imageUrl": "https://shop.coles.com.au/wcsstore/Coles-CAS/images/6/3/8/6380811-th.jpg",
    "categories": ["dairy-eggs-meals"],
    "tags": ["milk", "specialty-milk"],
    "locations": {
      "vic": {
        "price": 3,
        "promoText": " ",
        "packageSize": "1L",
        "packagePrice": "$3.00 per 1L"
      }
    }
  },
  {
    "id": "caprilac-milk-goats",
    "brand": "Caprilac",
    "name": "Goats Milk",
    "imageUrl": "https://shop.coles.com.au/wcsstore/Coles-CAS/images/7/4/4/7448364-th.jpg",
    "categories": ["dairy-eggs-meals"],
    "tags": ["milk", "specialty-milk"],
    "locations": {
      "vic": {
        "price": 4.5,
        "promoText": " ",
        "packageSize": "1L",
        "packagePrice": "$4.50 per 1L"
      }
    }
  },
  {
    "id": "vitasoy-milk-soy-regular-carton",
    "brand": "Vitasoy",
    "name": "Regular Soy Milk",
    "imageUrl": "https://shop.coles.com.au/wcsstore/Coles-CAS/images/5/1/1/5111880-th.jpg",
    "categories": ["dairy-eggs-meals"],
    "tags": ["milk", "soy-almond-milk"],
    "locations": {
      "vic": {
        "price": 2.6,
        "promoText": " ",
        "packageSize": "1L",
        "packagePrice": "$2.60 per 1L"
      }
    }
  },
  {
    "id": "vitasoy-milk-soy-calci-plus-carton",
    "brand": "Vitasoy",
    "name": "Calcium Plus Soy Milk",
    "imageUrl": "https://shop.coles.com.au/wcsstore/Coles-CAS/images/9/0/6/9067496-th.jpg",
    "categories": ["dairy-eggs-meals"],
    "tags": ["milk", "soy-almond-milk"],
    "locations": {
      "vic": {
        "price": 3.2,
        "promoText": " ",
        "packageSize": "1L",
        "packagePrice": "$3.20 per 1L"
      }
    }
  },
  {
    "id": "sanitarium-so-good-unsweetened-almond-milk",
    "brand": "Sanitarium",
    "name": "So Good Unsweetened Almond Milk",
    "imageUrl": "https://shop.coles.com.au/wcsstore/Coles-CAS/images/2/9/1/2917990-th.jpg",
    "categories": ["dairy-eggs-meals"],
    "tags": ["milk", "soy-almond-milk"],
    "locations": {
      "vic": {
        "price": 3.85,
        "promoText": " ",
        "packageSize": "1L",
        "packagePrice": "$3.85 per 1L"
      }
    }
  },
  {
    "id": "sanitarium-so-good-almond-milk-chilled",
    "brand": "Sanitarium",
    "name": "So Good Chilled Original Almond Milk",
    "imageUrl": "https://shop.coles.com.au/wcsstore/Coles-CAS/images/1/9/0/1908519-th.jpg",
    "categories": ["dairy-eggs-meals"],
    "tags": ["milk", "soy-almond-milk"],
    "locations": {
      "vic": {
        "price": 3.85,
        "promoText": " ",
        "packageSize": "1L",
        "packagePrice": "$3.85 per 1L"
      }
    }
  },
  {
    "id": "sanitarium-so-good-milk-soy-regular",
    "brand": "Sanitarium",
    "name": "So Good Chilled Regular Soy Milk",
    "imageUrl": "https://shop.coles.com.au/wcsstore/Coles-CAS/images/6/9/2/6923327-th.jpg",
    "categories": ["dairy-eggs-meals"],
    "tags": ["milk", "soy-almond-milk"],
    "locations": {
      "vic": {
        "price": 2.45,
        "promoText": " ",
        "packageSize": "1L",
        "packagePrice": "$2.45 per 1L"
      }
    }
  },
  {
    "id": "vitasoy-milk-soy-lite-carton",
    "brand": "Vitasoy",
    "name": "Soy Lite Milk",
    "imageUrl": "https://shop.coles.com.au/wcsstore/Coles-CAS/images/4/5/1/4514510-th.jpg",
    "categories": ["dairy-eggs-meals"],
    "tags": ["milk", "soy-almond-milk"],
    "locations": {
      "vic": {
        "price": 2.6,
        "promoText": " ",
        "packageSize": "1L",
        "packagePrice": "$2.60 per 1L"
      }
    }
  },
  {
    "id": "califia-unsweetened-almond-milk",
    "brand": "Califia Farms",
    "name": "Gluten Free Unsweetened Almond Milk",
    "imageUrl": "https://shop.coles.com.au/wcsstore/Coles-CAS/images/2/9/1/2917741-th.jpg",
    "categories": ["dairy-eggs-meals"],
    "tags": ["milk", "soy-almond-milk"],
    "locations": {
      "vic": {
        "price": 3.65,
        "promoText": " ",
        "packageSize": "750mL",
        "packagePrice": "$4.87 per 1L"
      }
    }
  },
  {
    "id": "vitasoy-unsweetened-almond-soy-milk",
    "brand": "Vitasoy",
    "name": "Unsweetened Almond Milk",
    "imageUrl": "https://shop.coles.com.au/wcsstore/Coles-CAS/images/2/6/8/2684381-th.jpg",
    "categories": ["dairy-eggs-meals"],
    "tags": ["milk", "soy-almond-milk"],
    "locations": {
      "vic": {
        "price": 3.8,
        "promoText": " ",
        "packageSize": "1L",
        "packagePrice": "$3.80 per 1L"
      }
    }
  },
  {
    "id": "nutty-bruce-organic-activated-almond-milk",
    "brand": "Nutty Bruce",
    "name": "Organic Activated Almond Milk",
    "imageUrl": "https://shop.coles.com.au/wcsstore/Coles-CAS/images/3/1/8/3187462-th.jpg",
    "categories": ["dairy-eggs-meals"],
    "tags": ["milk", "soy-almond-milk"],
    "locations": {
      "vic": {
        "price": 5.5,
        "promoText": " ",
        "packageSize": "1L",
        "packagePrice": "$5.50 per 1L"
      }
    }
  },
  {
    "id": "alpro-barista-almond-milk",
    "brand": "Alpro",
    "name": "Barista Almond Milk",
    "imageUrl": "https://shop.coles.com.au/wcsstore/Coles-CAS/images/3/7/6/3761568-th.jpg",
    "categories": ["dairy-eggs-meals"],
    "tags": ["milk", "soy-almond-milk"],
    "locations": {
      "vic": {
        "price": 4,
        "promoText": "$1.00 ",
        "packageSize": "1L",
        "packagePrice": "$4.00 per 1L"
      }
    }
  },
  {
    "id": "alpro-barista-soy-milk",
    "brand": "Alpro",
    "name": "Barista Soy Milk",
    "imageUrl": "https://shop.coles.com.au/wcsstore/Coles-CAS/images/3/7/6/3761604-th.jpg",
    "categories": ["dairy-eggs-meals"],
    "tags": ["milk", "soy-almond-milk"],
    "locations": {
      "vic": {
        "price": 4,
        "promoText": "$1.00 ",
        "packageSize": "1L",
        "packagePrice": "$4.00 per 1L"
      }
    }
  },
  {
    "id": "yakult-milk-drink-fermented-10-pack",
    "brand": "Yakult",
    "name": "Gluten Free Fermented Milk Drink 10 pack",
    "imageUrl": "https://shop.coles.com.au/wcsstore/Coles-CAS/images/8/1/3/8133824-th.jpg",
    "categories": ["dairy-eggs-meals"],
    "tags": ["milk", "probiotic-milk"],
    "locations": {
      "vic": {
        "price": 7.7,
        "promoText": " ",
        "packageSize": "65mL",
        "packagePrice": "$11.85 per 1L"
      }
    }
  },
  {
    "id": "yakult-milk-drink-fermented-drink-light-5-pack",
    "brand": "Yakult",
    "name": "Fermented Light Probiotic Milk 5 Pack",
    "imageUrl": "https://shop.coles.com.au/wcsstore/Coles-CAS/images/5/5/4/5543105-th.jpg",
    "categories": ["dairy-eggs-meals"],
    "tags": ["milk", "probiotic-milk"],
    "locations": {
      "vic": {
        "price": 4,
        "promoText": " ",
        "packageSize": "65mL",
        "packagePrice": "$12.31 per 1L"
      }
    }
  },
  {
    "id": "table-of-plenty-kefir-natural",
    "brand": "Table Of Plenty",
    "name": "Kefir Natural Yoghurt",
    "imageUrl": "https://shop.coles.com.au/wcsstore/Coles-CAS/images/2/9/1/2917923-th.jpg",
    "categories": ["dairy-eggs-meals"],
    "tags": ["milk", "probiotic-milk"],
    "locations": {
      "vic": {
        "price": 7.7,
        "promoText": " ",
        "packageSize": "1Kg",
        "packagePrice": "$7.70 per 1KG"
      }
    }
  },
  {
    "id": "coyo-organic-coconut-milk-kefir-vanilla-bean",
    "brand": "Coyo",
    "name": "Organic Coconut Milk Kefir Vanilla Bean",
    "imageUrl": "https://shop.coles.com.au/wcsstore/Coles-CAS/images/3/7/6/3761411-th.jpg",
    "categories": ["dairy-eggs-meals"],
    "tags": ["milk", "probiotic-milk"],
    "locations": {
      "vic": {
        "price": 4.9,
        "promoText": "$0.60 ",
        "packageSize": "250mL",
        "packagePrice": "$19.60 per 1L"
      }
    }
  },
  {
    "id": "coyo-coconut-milk-kefir-natural",
    "brand": "Coyo",
    "name": "Coconut Milk Kefir Natural",
    "imageUrl": "https://shop.coles.com.au/wcsstore/Coles-CAS/images/3/7/6/3761466-th.jpg",
    "categories": ["dairy-eggs-meals"],
    "tags": ["milk", "probiotic-milk"],
    "locations": {
      "vic": {
        "price": 9.9,
        "promoText": "$1.10 ",
        "packageSize": "700mL",
        "packagePrice": "$14.14 per 1L"
      }
    }
  },
  {
    "id": "coyo-organic-coconut-milk-kefir-mango",
    "brand": "Coyo",
    "name": "Organic Coconut Milk Kefir Mango",
    "imageUrl": "https://shop.coles.com.au/wcsstore/Coles-CAS/images/3/7/6/3761397-th.jpg",
    "categories": ["dairy-eggs-meals"],
    "tags": ["milk", "probiotic-milk"],
    "locations": {
      "vic": {
        "price": 4.9,
        "promoText": "$0.60 ",
        "packageSize": "250mL",
        "packagePrice": "$19.60 per 1L"
      }
    }
  },
  {
    "id": "myrtle-creek-cage-free-x-large-eggs-12pk",
    "brand": "Myrtle Creek",
    "name": "Cage Free Extra Large Eggs 12 Pack",
    "imageUrl": "https://shop.coles.com.au/wcsstore/Coles-CAS/images/3/2/0/3208879-th.jpg",
    "categories": ["dairy-eggs-meals"],
    "tags": ["eggs", "barn-eggs"],
    "locations": {
      "vic": {
        "price": 3.95,
        "promoText": " ",
        "packageSize": "700g",
        "packagePrice": "$0.56 per 100G"
      }
    }
  },
  {
    "id": "liberty-eggs-barn-laid-cage-free-12-pack",
    "brand": "Pace Farm",
    "name": "Liberty Cage Free Eggs 12 pack",
    "imageUrl": "https://shop.coles.com.au/wcsstore/Coles-CAS/images/7/0/0/7007096-th.jpg",
    "categories": ["dairy-eggs-meals"],
    "tags": ["eggs", "barn-eggs"],
    "locations": {
      "vic": {
        "price": 5,
        "promoText": " ",
        "packageSize": "600g",
        "packagePrice": "$0.83 per 100G"
      }
    }
  },
  {
    "id": "liberty-eggs-barn-laid-cage-free-15-pack",
    "brand": "Pace Farm",
    "name": "Liberty Cage Free Eggs 15 Pack",
    "imageUrl": "https://shop.coles.com.au/wcsstore/Coles-CAS/images/7/4/0/7405383-th.jpg",
    "categories": ["dairy-eggs-meals"],
    "tags": ["eggs", "barn-eggs"],
    "locations": {
      "vic": {
        "price": 6.4,
        "promoText": " ",
        "packageSize": "885g",
        "packagePrice": "$0.72 per 100G"
      }
    }
  },
  {
    "id": "farm-pride-eggs-barn-laid-12-pack",
    "brand": "Farm Pride",
    "name": "Cage Free Barn Laid Eggs 12 pack",
    "imageUrl": "https://shop.coles.com.au/wcsstore/Coles-CAS/images/8/6/7/8677436-th.jpg",
    "categories": ["dairy-eggs-meals"],
    "tags": ["eggs", "barn-eggs"],
    "locations": {
      "vic": {
        "price": 4.7,
        "promoText": " ",
        "packageSize": "700g",
        "packagePrice": "$0.67 per 100G"
      }
    }
  },
  {
    "id": "sunny-queen-farms-eggs-cage-free-extra-large-12-pack",
    "brand": "Sunny Queen",
    "name": "Cage Free Extra Large Eggs 12 pack",
    "imageUrl": "https://shop.coles.com.au/wcsstore/Coles-CAS/images/6/7/9/6793775-th.jpg",
    "categories": ["dairy-eggs-meals"],
    "tags": ["eggs", "barn-eggs"],
    "locations": {
      "vic": {
        "price": 5.5,
        "promoText": " ",
        "packageSize": "700g",
        "packagePrice": "$0.79 per 100G"
      }
    }
  },
  {
    "id": "sunny-queen-farms-eggs-cage-free-large-18-pack",
    "brand": "Sunny Queen",
    "name": "Cage Free Large Eggs 18 pack",
    "imageUrl": "https://shop.coles.com.au/wcsstore/Coles-CAS/images/8/9/4/8946775-th.jpg",
    "categories": ["dairy-eggs-meals"],
    "tags": ["eggs", "barn-eggs"],
    "locations": {
      "vic": {
        "price": 7.6,
        "promoText": " ",
        "packageSize": "900g",
        "packagePrice": "$0.84 per 100G"
      }
    }
  },
  {
    "id": "farm-fresh-cage-eggs-12pk-700g",
    "brand": "Farm Fresh",
    "name": "Cage Eggs 12 pack",
    "imageUrl": "https://shop.coles.com.au/wcsstore/Coles-CAS/images/2/9/1/2915961-th.jpg",
    "categories": ["dairy-eggs-meals"],
    "tags": ["eggs", "cage-eggs"],
    "locations": {
      "vic": {
        "price": 3.5,
        "promoText": " ",
        "packageSize": "700g",
        "packagePrice": "$0.50 per 100G"
      }
    }
  },
  {
    "id": "sunny-queen-farms-eggs-cage-extra-large-12-pack",
    "brand": "Sunny Queen",
    "name": "Farm Fresh X Large Cage Eggs 12 Pack",
    "imageUrl": "https://shop.coles.com.au/wcsstore/Coles-CAS/images/5/2/1/5214340-th.jpg",
    "categories": ["dairy-eggs-meals"],
    "tags": ["eggs", "cage-eggs"],
    "locations": {
      "vic": {
        "price": 5.15,
        "promoText": " ",
        "packageSize": "700g",
        "packagePrice": "$0.74 per 100G"
      }
    }
  },
  {
    "id": "fresher-caged-eggs-600g-12-pack",
    "brand": "Fresher Caged",
    "name": "Eggs 600g 12 Pack",
    "imageUrl": "https://shop.coles.com.au/wcsstore/ColesResponsiveStorefrontAssetStore/dist/ccfc54aed6e361b650bcf0582f7b576b/img/img_product-placeholder.png",
    "categories": ["dairy-eggs-meals"],
    "tags": ["eggs", "cage-eggs"],
    "locations": {
      "vic": {
        "price": 4.2,
        "promoText": " ",
        "packageSize": "600g",
        "packagePrice": "$0.70 per 100G"
      }
    }
  },
  {
    "id": "coles-eggs-free-range-12-pack",
    "brand": "Coles",
    "name": "Free Range Extra Large Eggs 12 Pack",
    "imageUrl": "https://shop.coles.com.au/wcsstore/Coles-CAS/images/9/4/5/9453478-th.jpg",
    "categories": ["dairy-eggs-meals"],
    "tags": ["eggs", "fre-range-eggs"],
    "locations": {
      "vic": {
        "price": 4.5,
        "promoText": " ",
        "packageSize": "700g",
        "packagePrice": "$0.64 per 100G"
      }
    }
  },
  {
    "id": "coles-eggs-free-range-12-pack-9453456p",
    "brand": "Coles",
    "name": "Free Range Large Eggs 12 Pack",
    "imageUrl": "https://shop.coles.com.au/wcsstore/Coles-CAS/images/9/4/5/9453456-th.jpg",
    "categories": ["dairy-eggs-meals"],
    "tags": ["eggs", "fre-range-eggs"],
    "locations": {
      "vic": {
        "price": 4.1,
        "promoText": " ",
        "packageSize": "600g",
        "packagePrice": "$0.68 per 100G"
      }
    }
  },
  {
    "id": "pace-farm-eggs-free-range-natural-living-12-pack",
    "brand": "Pace Farm",
    "name": "Free Range Natural Living Extra Large Eggs 12 pack",
    "imageUrl": "https://shop.coles.com.au/wcsstore/Coles-CAS/images/8/7/3/8736750-th.jpg",
    "categories": ["dairy-eggs-meals"],
    "tags": ["eggs", "fre-range-eggs"],
    "locations": {
      "vic": {
        "price": 5.95,
        "promoText": "Was $6.70 on Aug 2019 ",
        "packageSize": "700g",
        "packagePrice": "$0.85 per 100G"
      }
    }
  },
  {
    "id": "sunny-queen-farms-eggs-free-range-extra-large-12-pack",
    "brand": "Sunny Queen",
    "name": "Free Range Extra Large Eggs 12 pack",
    "imageUrl": "https://shop.coles.com.au/wcsstore/Coles-CAS/images/5/4/1/5417789-th.jpg",
    "categories": ["dairy-eggs-meals"],
    "tags": ["eggs", "fre-range-eggs"],
    "locations": {
      "vic": {
        "price": 6,
        "promoText": "Was $6.70 on Aug 2018 ",
        "packageSize": "700g",
        "packagePrice": "$0.86 per 100G"
      }
    }
  },
  {
    "id": "sunny-queen-farms-eggs-free-range-18-pack",
    "brand": "Sunny Queen",
    "name": "Free Range Large Eggs 18 pack",
    "imageUrl": "https://shop.coles.com.au/wcsstore/Coles-CAS/images/8/9/5/8953577-th.jpg",
    "categories": ["dairy-eggs-meals"],
    "tags": ["eggs", "fre-range-eggs"],
    "locations": {
      "vic": {
        "price": 8.75,
        "promoText": " ",
        "packageSize": "900g",
        "packagePrice": "$0.97 per 100G"
      }
    }
  },
  {
    "id": "coles-eggs-free-range-jumbo-12-pack",
    "brand": "Coles",
    "name": "Free Range Jumbo Eggs 12 pack",
    "imageUrl": "https://shop.coles.com.au/wcsstore/Coles-CAS/images/1/0/3/1034234-th.jpg",
    "categories": ["dairy-eggs-meals"],
    "tags": ["eggs", "fre-range-eggs"],
    "locations": {
      "vic": {
        "price": 5,
        "promoText": " ",
        "packageSize": "800g",
        "packagePrice": "$0.63 per 100G"
      }
    }
  },
  {
    "id": "sunny-queen-farms-eggs-free-range-extra-large-6-pack",
    "brand": "Sunny Queen",
    "name": "Free Range X Large Eggs 6 pack",
    "imageUrl": "https://shop.coles.com.au/wcsstore/Coles-CAS/images/5/4/8/5484210-th.jpg",
    "categories": ["dairy-eggs-meals"],
    "tags": ["eggs", "fre-range-eggs"],
    "locations": {
      "vic": {
        "price": 3.9,
        "promoText": " ",
        "packageSize": "350g",
        "packagePrice": "$1.11 per 100G"
      }
    }
  },
  {
    "id": "coles-free-range-eggs-6-pack",
    "brand": "Coles",
    "name": "Free Range Eggs 6 Pack",
    "imageUrl": "https://shop.coles.com.au/wcsstore/Coles-CAS/images/2/6/8/2680008-th.jpg",
    "categories": ["dairy-eggs-meals"],
    "tags": ["eggs", "fre-range-eggs"],
    "locations": {
      "vic": {
        "price": 3.08,
        "promoText": " ",
        "packageSize": "300g",
        "packagePrice": "$1.03 per 100G"
      }
    }
  },
  {
    "id": "coles-organic-free-range-eggs-12pk-600g",
    "brand": "Coles",
    "name": "Organic Free Range Eggs 12 Pack",
    "imageUrl": "https://shop.coles.com.au/wcsstore/Coles-CAS/images/3/1/6/3169697-th.jpg",
    "categories": ["dairy-eggs-meals", "healthy-living"],
    "tags": ["eggs", "fre-range-eggs"],
    "locations": {
      "vic": {
        "price": 8.95,
        "promoText": " ",
        "packageSize": "600g",
        "packagePrice": "$1.49 per 100G"
      }
    }
  },
  {
    "id": "happy-chicken-free-range-eggs-12pk-700g",
    "brand": "Lucky Chicken Eggs",
    "name": "Free Range Extra Large Eggs 12 pack",
    "imageUrl": "https://shop.coles.com.au/wcsstore/Coles-CAS/images/2/8/3/2837132-th.jpg",
    "categories": ["dairy-eggs-meals"],
    "tags": ["eggs", "fre-range-eggs"],
    "locations": {
      "vic": {
        "price": 6.9,
        "promoText": " ",
        "packageSize": "700g",
        "packagePrice": "$0.99 per 100G"
      }
    }
  },
  {
    "id": "sunny-queen-farms-eggs-free-range-large-12-pack",
    "brand": "Sunny Queen",
    "name": "Free Range Large Eggs 12 pack",
    "imageUrl": "https://shop.coles.com.au/wcsstore/Coles-CAS/images/5/4/1/5417778-th.jpg",
    "categories": ["dairy-eggs-meals"],
    "tags": ["eggs", "fre-range-eggs"],
    "locations": {
      "vic": {
        "price": 5.9,
        "promoText": " ",
        "packageSize": "600g",
        "packagePrice": "$0.98 per 100G"
      }
    }
  },
  {
    "id": "sunny-queen-big-brekkie-free-range-eggs-12pk-820g",
    "brand": "Sunny Queen",
    "name": "Free Range Big Brekkie Browns Eggs 12 pack",
    "imageUrl": "https://shop.coles.com.au/wcsstore/Coles-CAS/images/3/4/2/3428401-th.jpg",
    "categories": ["dairy-eggs-meals"],
    "tags": ["eggs", "fre-range-eggs"],
    "locations": {
      "vic": {
        "price": 7.2,
        "promoText": " ",
        "packageSize": "820g",
        "packagePrice": "$0.88 per 100G"
      }
    }
  },
  {
    "id": "pace-farm-eggs-free-range-natural-living-12-pack-4932940p",
    "brand": "Pace Farm",
    "name": "Natural Living Free Range Large Eggs 12 pack",
    "imageUrl": "https://shop.coles.com.au/wcsstore/Coles-CAS/images/4/9/3/4932940-th.jpg",
    "categories": ["dairy-eggs-meals"],
    "tags": ["eggs", "fre-range-eggs"],
    "locations": {
      "vic": {
        "price": 5.7,
        "promoText": "Was $5.90 on Aug 2019 ",
        "packageSize": "600g",
        "packagePrice": "$0.95 per 100G"
      }
    }
  },
  {
    "id": "sunny-queen-farms-eggs-organic-large",
    "brand": "Sunny Queen",
    "name": "Organic Free Range Large Eggs 10 pack",
    "imageUrl": "https://shop.coles.com.au/wcsstore/Coles-CAS/images/3/0/5/3052747-th.jpg",
    "categories": ["dairy-eggs-meals", "healthy-living"],
    "tags": ["eggs", "specialty-eggs"],
    "locations": {
      "vic": {
        "price": 9.4,
        "promoText": " ",
        "packageSize": "590g",
        "packagePrice": "$1.59 per 100G"
      }
    }
  },
  {
    "id": "coles-cheese-block-tasty-287609p",
    "brand": "Coles",
    "name": "Tasty Cheddar Cheese",
    "imageUrl": "https://shop.coles.com.au/wcsstore/Coles-CAS/images/2/8/7/287609-th.jpg",
    "categories": ["dairy-eggs-meals"],
    "tags": ["chese", "block-chese"],
    "locations": {
      "vic": {
        "price": 8.8,
        "promoText": " ",
        "packageSize": "1kg",
        "packagePrice": "$8.80 per 1Kg"
      }
    }
  },
  {
    "id": "coles-smart-buy-tasty-cheddar-cheese-block",
    "brand": "Coles",
    "name": "Cheddar Block",
    "imageUrl": "https://shop.coles.com.au/wcsstore/Coles-CAS/images/2/0/7/2071305-th.jpg",
    "categories": ["dairy-eggs-meals"],
    "tags": ["chese", "block-chese"],
    "locations": {
      "vic": {
        "price": 8,
        "promoText": " ",
        "packageSize": "1kg",
        "packagePrice": "$8.00 per 1Kg"
      }
    }
  },
  {
    "id": "bega-cheese-block-tasty-204430p",
    "brand": "Bega",
    "name": "Tasty Cheese Block",
    "imageUrl": "https://shop.coles.com.au/wcsstore/Coles-CAS/images/2/0/4/204430-th.jpg",
    "categories": ["dairy-eggs-meals"],
    "tags": ["chese", "block-chese"],
    "locations": {
      "vic": {
        "price": 13.4,
        "promoText": " ",
        "packageSize": "1kg",
        "packagePrice": "$13.40 per 1Kg"
      }
    }
  },
  {
    "id": "coles-grana-padano",
    "brand": "Coles",
    "name": "Italian Grana Padano",
    "imageUrl": "https://shop.coles.com.au/wcsstore/Coles-CAS/images/2/1/2/2123577-th.jpg",
    "categories": ["dairy-eggs-meals"],
    "tags": ["chese", "block-chese"],
    "locations": {
      "vic": {
        "price": 6.9,
        "promoText": " ",
        "packageSize": "250g",
        "packagePrice": "$27.60 per 1Kg"
      }
    }
  },
  {
    "id": "great-ocean-road-cheese-block-tasty",
    "brand": "Great Ocean Road",
    "name": "Tasty Cheese Block",
    "imageUrl": "https://shop.coles.com.au/wcsstore/Coles-CAS/images/9/1/8/9182177-th.jpg",
    "categories": ["dairy-eggs-meals"],
    "tags": ["chese", "block-chese"],
    "locations": {
      "vic": {
        "price": 7.7,
        "promoText": " ",
        "packageSize": "500g",
        "packagePrice": "$15.40 per 1Kg"
      }
    }
  },
  {
    "id": "perfect-italiano-cheese-block-parmesan-extra-sharp",
    "brand": "Perfect Italiano",
    "name": "Extra Sharp Parmesan Cheese",
    "imageUrl": "https://shop.coles.com.au/wcsstore/Coles-CAS/images/4/3/9/4394123-th.jpg",
    "categories": ["dairy-eggs-meals"],
    "tags": ["chese", "block-chese"],
    "locations": {
      "vic": {
        "price": 6.75,
        "promoText": " ",
        "packageSize": "200g",
        "packagePrice": "$33.75 per 1Kg"
      }
    }
  },
  {
    "id": "bega-cheese-block-tasty",
    "brand": "Bega",
    "name": "Tasty Cheese Block",
    "imageUrl": "https://shop.coles.com.au/wcsstore/Coles-CAS/images/1/8/9/189712-th.jpg",
    "categories": ["dairy-eggs-meals"],
    "tags": ["chese", "block-chese"],
    "locations": {
      "vic": {
        "price": 7,
        "promoText": "$1.00 ",
        "packageSize": "500g",
        "packagePrice": "$14.00 per 1Kg"
      }
    }
  },
  {
    "id": "great-ocean-road-cheese-block-cheddar-vintage",
    "brand": "Great Ocean Road",
    "name": "Eastly Ridge Vintage Cheddar Cheese Block",
    "imageUrl": "https://shop.coles.com.au/wcsstore/Coles-CAS/images/9/1/8/9182213-th.jpg",
    "categories": ["dairy-eggs-meals"],
    "tags": ["chese", "block-chese"],
    "locations": {
      "vic": {
        "price": 7.7,
        "promoText": " ",
        "packageSize": "500g",
        "packagePrice": "$15.40 per 1Kg"
      }
    }
  },
  {
    "id": "mainland-cheese-block-tasty-47300p",
    "brand": "Mainland",
    "name": "Tasty Cheddar Cheese Block",
    "imageUrl": "https://shop.coles.com.au/wcsstore/Coles-CAS/images/4/7/3/47300-th.jpg",
    "categories": ["dairy-eggs-meals"],
    "tags": ["chese", "block-chese"],
    "locations": {
      "vic": {
        "price": 4,
        "promoText": "$1.50 ",
        "packageSize": "250g",
        "packagePrice": "$1.60 per 100G"
      }
    }
  },
  {
    "id": "perfect-italiano-parmesan-cheese-block",
    "brand": "Perfect Italiano",
    "name": "Parmesan Cheese Block",
    "imageUrl": "https://shop.coles.com.au/wcsstore/Coles-CAS/images/3/2/7/3274068-th.jpg",
    "categories": ["dairy-eggs-meals"],
    "tags": ["chese", "block-chese"],
    "locations": {
      "vic": {
        "price": 6,
        "promoText": " ",
        "packageSize": "200g",
        "packagePrice": "$30.00 per 1Kg"
      }
    }
  },
  {
    "id": "coon-cheese-block-tasty-192411p",
    "brand": "Coon",
    "name": "Tasty Cheese Block",
    "imageUrl": "https://shop.coles.com.au/wcsstore/Coles-CAS/images/1/9/2/192411-th.jpg",
    "categories": ["dairy-eggs-meals"],
    "tags": ["chese", "block-chese"],
    "locations": {
      "vic": {
        "price": 10.85,
        "promoText": " ",
        "packageSize": "1kg",
        "packagePrice": "$10.85 per 1Kg"
      }
    }
  },
  {
    "id": "great-ocean-road-cheese-block-extra-tasty",
    "brand": "Great Ocean Road",
    "name": "Buckley Creek Extra Tasty Cheese Block",
    "imageUrl": "https://shop.coles.com.au/wcsstore/Coles-CAS/images/9/1/8/9182202-th.jpg",
    "categories": ["dairy-eggs-meals"],
    "tags": ["chese", "block-chese"],
    "locations": {
      "vic": {
        "price": 7.7,
        "promoText": " ",
        "packageSize": "500g",
        "packagePrice": "$15.40 per 1Kg"
      }
    }
  },
  {
    "id": "la-casa-del-formaggio-mozzarella-ball",
    "brand": "La Casa Del Formaggio",
    "name": "Mozzarella Ball",
    "imageUrl": "https://shop.coles.com.au/wcsstore/Coles-CAS/images/2/4/8/2485512-th.jpg",
    "categories": ["dairy-eggs-meals"],
    "tags": ["chese", "block-chese"],
    "locations": {
      "vic": {
        "price": 5,
        "promoText": " ",
        "packageSize": "250g",
        "packagePrice": "$20.00 per 1Kg"
      }
    }
  },
  {
    "id": "bega-cheese-block-strong-bitey-vintage",
    "brand": "Bega",
    "name": "Strong & Bitey Vintage Cheese Block",
    "imageUrl": "https://shop.coles.com.au/wcsstore/Coles-CAS/images/5/3/6/5369052-th.jpg",
    "categories": ["dairy-eggs-meals"],
    "tags": ["chese", "block-chese"],
    "locations": {
      "vic": {
        "price": 7,
        "promoText": "$1.00 ",
        "packageSize": "500g",
        "packagePrice": "$1.40 per 100G"
      }
    }
  },
  {
    "id": "coles-cheese-reggiano",
    "brand": "Coles",
    "name": "Italian Parmigiano Reggiano Cheese",
    "imageUrl": "https://shop.coles.com.au/wcsstore/Coles-CAS/images/8/2/2/8225864-th.jpg",
    "categories": ["dairy-eggs-meals"],
    "tags": ["chese", "block-chese"],
    "locations": {
      "vic": {
        "price": 10,
        "promoText": " ",
        "packageSize": "250g",
        "packagePrice": "$40.00 per 1Kg"
      }
    }
  },
  {
    "id": "mainland-cheese-block-extra-tasty",
    "brand": "Mainland",
    "name": "Extra Tasty Cheese Block",
    "imageUrl": "https://shop.coles.com.au/wcsstore/Coles-CAS/images/3/2/7/3274148-th.jpg",
    "categories": ["dairy-eggs-meals"],
    "tags": ["chese", "block-chese"],
    "locations": {
      "vic": {
        "price": 4,
        "promoText": "$1.50 ",
        "packageSize": "250g",
        "packagePrice": "$16.00 per 1Kg"
      }
    }
  },
  {
    "id": "coon-cheese-block-tasty-189960p",
    "brand": "Coon",
    "name": "Tasty Cheese Block",
    "imageUrl": "https://shop.coles.com.au/wcsstore/Coles-CAS/images/1/8/9/189960-th.jpg",
    "categories": ["dairy-eggs-meals"],
    "tags": ["chese", "block-chese"],
    "locations": {
      "vic": {
        "price": 8,
        "promoText": " ",
        "packageSize": "500g",
        "packagePrice": "$16.00 per 1Kg"
      }
    }
  },
  {
    "id": "bega-cheese-block-tasty-296712p",
    "brand": "Bega",
    "name": "Tasty Cheese Block",
    "imageUrl": "https://shop.coles.com.au/wcsstore/Coles-CAS/images/2/9/6/296712-th.jpg",
    "categories": ["dairy-eggs-meals"],
    "tags": ["chese", "block-chese"],
    "locations": {
      "vic": {
        "price": 6,
        "promoText": " ",
        "packageSize": "250g",
        "packagePrice": "$2.40 per 100G"
      }
    }
  },
  {
    "id": "coles-cheese-block-tasty-294003p",
    "brand": "Coles",
    "name": "Tasty Cheddar Cheese",
    "imageUrl": "https://shop.coles.com.au/wcsstore/Coles-CAS/images/2/9/4/294003-th.jpg",
    "categories": ["dairy-eggs-meals"],
    "tags": ["chese", "block-chese"],
    "locations": {
      "vic": {
        "price": 4.2,
        "promoText": " ",
        "packageSize": "250g",
        "packagePrice": "$1.68 per 100G"
      }
    }
  },
  {
    "id": "mil-lel-parmesan-cheese-block",
    "brand": "Mil Lel",
    "name": "Parmesan Cheese Block",
    "imageUrl": "https://shop.coles.com.au/wcsstore/Coles-CAS/images/3/2/7/3274603-th.jpg",
    "categories": ["dairy-eggs-meals"],
    "tags": ["chese", "block-chese"],
    "locations": {
      "vic": {
        "price": 7.75,
        "promoText": " ",
        "packageSize": "250g",
        "packagePrice": "$31.00 per 1Kg"
      }
    }
  },
  {
    "id": "coles-australian-colby-cheese-block",
    "brand": "Coles",
    "name": "Colby Cheese Block",
    "imageUrl": "https://shop.coles.com.au/wcsstore/Coles-CAS/images/2/0/7/2071269-th.jpg",
    "categories": ["dairy-eggs-meals"],
    "tags": ["chese", "block-chese"],
    "locations": {
      "vic": {
        "price": 8.9,
        "promoText": " ",
        "packageSize": "1kg",
        "packagePrice": "$8.90 per 1Kg"
      }
    }
  },
  {
    "id": "great-ocean-road-cheese-block-colby",
    "brand": "Great Ocean Road",
    "name": "Colby Cheese Block",
    "imageUrl": "https://shop.coles.com.au/wcsstore/Coles-CAS/images/1/0/1/1010087-th.jpg",
    "categories": ["dairy-eggs-meals"],
    "tags": ["chese", "block-chese"],
    "locations": {
      "vic": {
        "price": 7.7,
        "promoText": " ",
        "packageSize": "500g",
        "packagePrice": "$15.40 per 1Kg"
      }
    }
  },
  {
    "id": "coles-cheese-block-tasty-lite-6900933p",
    "brand": "Coles",
    "name": "Tasty Light Cheddar Cheese Block",
    "imageUrl": "https://shop.coles.com.au/wcsstore/Coles-CAS/images/6/9/0/6900933-th.jpg",
    "categories": ["dairy-eggs-meals"],
    "tags": ["chese", "block-chese"],
    "locations": {
      "vic": {
        "price": 8.8,
        "promoText": " ",
        "packageSize": "1kg",
        "packagePrice": "$8.80 per 1Kg"
      }
    }
  },
  {
    "id": "coles-cheese-block-vintage-6995102p",
    "brand": "Coles",
    "name": "Vintage Cheddar Cheese Block",
    "imageUrl": "https://shop.coles.com.au/wcsstore/Coles-CAS/images/6/9/9/6995102-th.jpg",
    "categories": ["dairy-eggs-meals"],
    "tags": ["chese", "block-chese"],
    "locations": {
      "vic": {
        "price": 4.2,
        "promoText": " ",
        "packageSize": "250g",
        "packagePrice": "$1.68 per 100G"
      }
    }
  },
  {
    "id": "cracker-barrel-extra-sharp-cheese-block",
    "brand": "Cracker Barrel",
    "name": "Extra Sharp Vintage Cheddar Cheese Block",
    "imageUrl": "https://shop.coles.com.au/wcsstore/Coles-CAS/images/3/0/2/3024457-th.jpg",
    "categories": ["dairy-eggs-meals"],
    "tags": ["chese", "block-chese"],
    "locations": {
      "vic": {
        "price": 10.3,
        "promoText": " ",
        "packageSize": "500g",
        "packagePrice": "$2.06 per 100G"
      }
    }
  },
  {
    "id": "coles-cheese-block-tasty",
    "brand": "Coles",
    "name": "Tasty Cheddar Cheese",
    "imageUrl": "https://shop.coles.com.au/wcsstore/Coles-CAS/images/2/9/3/293995-th.jpg",
    "categories": ["dairy-eggs-meals"],
    "tags": ["chese", "block-chese"],
    "locations": {
      "vic": {
        "price": 5.8,
        "promoText": " ",
        "packageSize": "500g",
        "packagePrice": "$1.16 per 100G"
      }
    }
  },
  {
    "id": "cracker-barrel-cheese-block-cheddar-vintage-special-reserve",
    "brand": "Cracker Barrel",
    "name": "Special Reserve Vintage Cheddar Cheese Block",
    "imageUrl": "https://shop.coles.com.au/wcsstore/Coles-CAS/images/8/8/3/8838218-th.jpg",
    "categories": ["dairy-eggs-meals"],
    "tags": ["chese", "block-chese"],
    "locations": {
      "vic": {
        "price": 6.79,
        "promoText": " ",
        "packageSize": "250g",
        "packagePrice": "$27.16 per 1Kg"
      }
    }
  },
  {
    "id": "liddells-cheese-block-lactose-free",
    "brand": "Liddells",
    "name": "Lactose Free Cheese Block",
    "imageUrl": "https://shop.coles.com.au/wcsstore/Coles-CAS/images/1/4/1/1418291-th.jpg",
    "categories": ["dairy-eggs-meals"],
    "tags": ["chese", "block-chese"],
    "locations": {
      "vic": {
        "price": 6,
        "promoText": " ",
        "packageSize": "250g",
        "packagePrice": "$24.00 per 1Kg"
      }
    }
  },
  {
    "id": "bega-cheese-block-strong-bitey-vintage-166557p",
    "brand": "Bega",
    "name": "Strong & Bitey Vintage Cheese Block",
    "imageUrl": "https://shop.coles.com.au/wcsstore/Coles-CAS/images/1/6/6/166557-th.jpg",
    "categories": ["dairy-eggs-meals"],
    "tags": ["chese", "block-chese"],
    "locations": {
      "vic": {
        "price": 6,
        "promoText": " ",
        "packageSize": "250g",
        "packagePrice": "$24.00 per 1Kg"
      }
    }
  },
  {
    "id": "cracker-barrel-cheese-block-cheddar-vintage-extra-sharp",
    "brand": "Cracker Barrel",
    "name": "Extra Sharp Vintage Cheddar Cheese Block",
    "imageUrl": "https://shop.coles.com.au/wcsstore/Coles-CAS/images/1/9/2/192433-th.jpg",
    "categories": ["dairy-eggs-meals"],
    "tags": ["chese", "block-chese"],
    "locations": {
      "vic": {
        "price": 6.6,
        "promoText": " ",
        "packageSize": "250g",
        "packagePrice": "$26.40 per 1Kg"
      }
    }
  },
  {
    "id": "devondale-cheese-block-colby-3137078p",
    "brand": "Devondale",
    "name": "Colby Cheese Block",
    "imageUrl": "https://shop.coles.com.au/wcsstore/Coles-CAS/images/3/1/3/3137078-th.jpg",
    "categories": ["dairy-eggs-meals"],
    "tags": ["chese", "block-chese"],
    "locations": {
      "vic": {
        "price": 7.5,
        "promoText": " ",
        "packageSize": "500g",
        "packagePrice": "$15.00 per 1Kg"
      }
    }
  },
  {
    "id": "norco-natural-cheese-block",
    "brand": "Norco",
    "name": "Elbo Style Cheese Block",
    "imageUrl": "https://shop.coles.com.au/wcsstore/Coles-CAS/images/4/4/7/447556-th.jpg",
    "categories": ["dairy-eggs-meals"],
    "tags": ["chese", "block-chese"],
    "locations": {
      "vic": {
        "price": 10,
        "promoText": " ",
        "packageSize": "500g",
        "packagePrice": "$20.00 per 1Kg"
      }
    }
  },
  {
    "id": "coles-cheese-block-extra-tasty",
    "brand": "Coles",
    "name": "Extra Tasty Cheddar Cheese",
    "imageUrl": "https://shop.coles.com.au/wcsstore/Coles-CAS/images/5/4/3/5432669-th.jpg",
    "categories": ["dairy-eggs-meals"],
    "tags": ["chese", "block-chese"],
    "locations": {
      "vic": {
        "price": 4.2,
        "promoText": " ",
        "packageSize": "250g",
        "packagePrice": "$16.80 per 1Kg"
      }
    }
  },
  {
    "id": "coon-cheese-block-tasty",
    "brand": "Coon",
    "name": "Tasty Cheese Block",
    "imageUrl": "https://shop.coles.com.au/wcsstore/Coles-CAS/images/1/8/9/189938-th.jpg",
    "categories": ["dairy-eggs-meals"],
    "tags": ["chese", "block-chese"],
    "locations": {
      "vic": {
        "price": 4.6,
        "promoText": "$1.40 ",
        "packageSize": "250g",
        "packagePrice": "$18.40 per 1Kg"
      }
    }
  },
  {
    "id": "mainland-cheese-block-epicure",
    "brand": "Mainland",
    "name": "Epicure Cheese Block",
    "imageUrl": "https://shop.coles.com.au/wcsstore/Coles-CAS/images/6/5/7/6577430-th.jpg",
    "categories": ["dairy-eggs-meals"],
    "tags": ["chese", "block-chese"],
    "locations": {
      "vic": {
        "price": 4,
        "promoText": "$2.00 ",
        "packageSize": "200g",
        "packagePrice": "$20.00 per 1Kg"
      }
    }
  },
  {
    "id": "bega-cheese-block-tasty-bar-b-cubes",
    "brand": "Bega",
    "name": "Bar-B-Cubes Tasty Cheese",
    "imageUrl": "https://shop.coles.com.au/wcsstore/Coles-CAS/images/4/6/7/467189-th.jpg",
    "categories": ["dairy-eggs-meals"],
    "tags": ["chese", "block-chese"],
    "locations": {
      "vic": {
        "price": 8,
        "promoText": " ",
        "packageSize": "500g",
        "packagePrice": "$16.00 per 1Kg"
      }
    }
  },
  {
    "id": "coles-mozzarella-pear",
    "brand": "Coles",
    "name": "Mozzarella Pear",
    "imageUrl": "https://shop.coles.com.au/wcsstore/Coles-CAS/images/2/4/8/2482161-th.jpg",
    "categories": ["dairy-eggs-meals"],
    "tags": ["chese", "block-chese"],
    "locations": {
      "vic": {
        "price": 6.5,
        "promoText": " ",
        "packageSize": "500g",
        "packagePrice": "$13.00 per 1Kg"
      }
    }
  },
  {
    "id": "devondale-cheese-block-tasty-3136993p",
    "brand": "Devondale",
    "name": "Tasty Cheese Block",
    "imageUrl": "https://shop.coles.com.au/wcsstore/Coles-CAS/images/3/1/3/3136993-th.jpg",
    "categories": ["dairy-eggs-meals"],
    "tags": ["chese", "block-chese"],
    "locations": {
      "vic": {
        "price": 7.5,
        "promoText": " ",
        "packageSize": "500g",
        "packagePrice": "$15.00 per 1Kg"
      }
    }
  },
  {
    "id": "mainland-cheese-block-extra-tasty-3308421p",
    "brand": "Mainland",
    "name": "Extra Tasty Cheddar Cheese Block",
    "imageUrl": "https://shop.coles.com.au/wcsstore/Coles-CAS/images/3/3/0/3308421-th.jpg",
    "categories": ["dairy-eggs-meals"],
    "tags": ["chese", "block-chese"],
    "locations": {
      "vic": {
        "price": 9,
        "promoText": " ",
        "packageSize": "500g",
        "packagePrice": "$1.80 per 100G"
      }
    }
  },
  {
    "id": "mainland-cheese-block-vintage-3274308p",
    "brand": "Mainland",
    "name": "Vintage Cheese Block",
    "imageUrl": "https://shop.coles.com.au/wcsstore/Coles-CAS/images/3/2/7/3274308-th.jpg",
    "categories": ["dairy-eggs-meals"],
    "tags": ["chese", "block-chese"],
    "locations": {
      "vic": {
        "price": 4,
        "promoText": "$1.50 ",
        "packageSize": "200g",
        "packagePrice": "$20.00 per 1Kg"
      }
    }
  },
  {
    "id": "philadelphia-block-lactose-free",
    "brand": "Philadelphia",
    "name": "Lactose Free Cheese Block",
    "imageUrl": "https://shop.coles.com.au/wcsstore/Coles-CAS/images/3/5/7/3575891-th.jpg",
    "categories": ["dairy-eggs-meals"],
    "tags": ["chese", "block-chese"],
    "locations": {
      "vic": {
        "price": 4.3,
        "promoText": " ",
        "packageSize": "250g",
        "packagePrice": "$17.20 per 1Kg"
      }
    }
  },
  {
    "id": "devondale-cheese-block-mozzarella",
    "brand": "Devondale",
    "name": "Mozzarella Cheese Block",
    "imageUrl": "https://shop.coles.com.au/wcsstore/Coles-CAS/images/3/1/3/3137125-th.jpg",
    "categories": ["dairy-eggs-meals"],
    "tags": ["chese", "block-chese"],
    "locations": {
      "vic": {
        "price": 7.5,
        "promoText": " ",
        "packageSize": "500g",
        "packagePrice": "$15.00 per 1Kg"
      }
    }
  },
  {
    "id": "bega-cheese-block-tasty-extra-light",
    "brand": "Bega",
    "name": "Light & Tasty Cheese Block",
    "imageUrl": "https://shop.coles.com.au/wcsstore/Coles-CAS/images/9/4/0/9400981-th.jpg",
    "categories": ["dairy-eggs-meals"],
    "tags": ["chese", "block-chese"],
    "locations": {
      "vic": {
        "price": 7,
        "promoText": "$1.00 ",
        "packageSize": "500g",
        "packagePrice": "$14.00 per 1Kg"
      }
    }
  },
  {
    "id": "coles-cheese-australian-colby",
    "brand": "Coles",
    "name": "Colby Cheese Block",
    "imageUrl": "https://shop.coles.com.au/wcsstore/Coles-CAS/images/1/4/1/1413298-th.jpg",
    "categories": ["dairy-eggs-meals"],
    "tags": ["chese", "block-chese"],
    "locations": {
      "vic": {
        "price": 4.2,
        "promoText": " ",
        "packageSize": "250g",
        "packagePrice": "$1.68 per 100G"
      }
    }
  },
  {
    "id": "great-ocean-road-block-light-cheese",
    "brand": "Great Ocean Road",
    "name": "Light Tasty Natural Cheese Block",
    "imageUrl": "https://shop.coles.com.au/wcsstore/Coles-CAS/images/2/9/8/2985388-th.jpg",
    "categories": ["dairy-eggs-meals"],
    "tags": ["chese", "block-chese"],
    "locations": {
      "vic": {
        "price": 7.7,
        "promoText": " ",
        "packageSize": "500g",
        "packagePrice": "$1.54 per 100G"
      }
    }
  },
  {
    "id": "mainland-dairy-cheese-tasty-bonus-pack",
    "brand": "Mainland",
    "name": "Tasty Cheese Block",
    "imageUrl": "https://shop.coles.com.au/wcsstore/Coles-CAS/images/4/7/2/472994-th.jpg",
    "categories": ["dairy-eggs-meals"],
    "tags": ["chese", "block-chese"],
    "locations": {
      "vic": {
        "price": 9,
        "promoText": " ",
        "packageSize": "500g",
        "packagePrice": "$18.00 per 1Kg"
      }
    }
  },
  {
    "id": "mainland-cheese-block-vintage-3274283p",
    "brand": "Mainland",
    "name": "Vintage Cheese Block",
    "imageUrl": "https://shop.coles.com.au/wcsstore/Coles-CAS/images/3/2/7/3274283-th.jpg",
    "categories": ["dairy-eggs-meals"],
    "tags": ["chese", "block-chese"],
    "locations": {
      "vic": {
        "price": 9,
        "promoText": " ",
        "packageSize": "400g",
        "packagePrice": "$22.50 per 1Kg"
      }
    }
  },
  {
    "id": "coles-cheese-block-tasty-lite-5236004p",
    "brand": "Coles",
    "name": "Tasty Light Cheddar Cheese",
    "imageUrl": "https://shop.coles.com.au/wcsstore/Coles-CAS/images/5/2/3/5236004-th.jpg",
    "categories": ["dairy-eggs-meals"],
    "tags": ["chese", "block-chese"],
    "locations": {
      "vic": {
        "price": 4.2,
        "promoText": " ",
        "packageSize": "250g",
        "packagePrice": "$16.80 per 1Kg"
      }
    }
  },
  {
    "id": "coon-cheese-block-tasty-light",
    "brand": "Coon",
    "name": "Light 'N Tasty Cheese Block",
    "imageUrl": "https://shop.coles.com.au/wcsstore/Coles-CAS/images/5/0/8/5080812-th.jpg",
    "categories": ["dairy-eggs-meals"],
    "tags": ["chese", "block-chese"],
    "locations": {
      "vic": {
        "price": 8,
        "promoText": " ",
        "packageSize": "500g",
        "packagePrice": "$16.00 per 1Kg"
      }
    }
  },
  {
    "id": "coon--colby-cheese-block",
    "brand": "Coon",
    "name": "Colby Cheese Block",
    "imageUrl": "https://shop.coles.com.au/wcsstore/Coles-CAS/images/2/7/8/2784728-th.jpg",
    "categories": ["dairy-eggs-meals"],
    "tags": ["chese", "block-chese"],
    "locations": {
      "vic": {
        "price": 10.85,
        "promoText": " ",
        "packageSize": "1kg",
        "packagePrice": "$10.85 per 1Kg"
      }
    }
  },
  {
    "id": "my-life-bio-cheese-haloumi",
    "brand": "My Life",
    "name": "Bio Cheese Haloumi",
    "imageUrl": "https://shop.coles.com.au/wcsstore/ColesResponsiveStorefrontAssetStore/dist/ccfc54aed6e361b650bcf0582f7b576b/img/img_product-placeholder.png",
    "categories": ["dairy-eggs-meals"],
    "tags": ["chese", "block-chese"],
    "locations": {
      "vic": {
        "price": 8,
        "promoText": " ",
        "packageSize": "200g",
        "packagePrice": "$40.00 per 1Kg"
      }
    }
  },
  {
    "id": "zanetti-grand-padano-16mth",
    "brand": "Zanetti",
    "name": "Grand Padano",
    "imageUrl": "https://shop.coles.com.au/wcsstore/Coles-CAS/images/3/5/6/3561820-th.jpg",
    "categories": ["dairy-eggs-meals"],
    "tags": ["chese", "block-chese"],
    "locations": {
      "vic": {
        "price": 9,
        "promoText": " ",
        "packageSize": "200g",
        "packagePrice": "$45.00 per 1Kg"
      }
    }
  },
  {
    "id": "bega-cheese-easy-melt-block-colby",
    "brand": "Bega",
    "name": "Easy Melt Colby Cheese Block",
    "imageUrl": "https://shop.coles.com.au/wcsstore/Coles-CAS/images/1/4/4/1446242-th.jpg",
    "categories": ["dairy-eggs-meals"],
    "tags": ["chese", "block-chese"],
    "locations": {
      "vic": {
        "price": 7,
        "promoText": "$1.00 ",
        "packageSize": "500g",
        "packagePrice": "$14.00 per 1Kg"
      }
    }
  },
  {
    "id": "perfect-italiano-romano-cheese-block",
    "brand": "Perfect Italiano",
    "name": "Extra Strong Romano Cheese Block",
    "imageUrl": "https://shop.coles.com.au/wcsstore/Coles-CAS/images/2/4/8/2486785-th.jpg",
    "categories": ["dairy-eggs-meals"],
    "tags": ["chese", "block-chese"],
    "locations": {
      "vic": {
        "price": 6.3,
        "promoText": " ",
        "packageSize": "200g",
        "packagePrice": "$31.50 per 1Kg"
      }
    }
  },
  {
    "id": "zanetti-pecorino-roman0",
    "brand": "Zanetti",
    "name": "Pecorino Romano",
    "imageUrl": "https://shop.coles.com.au/wcsstore/Coles-CAS/images/3/5/7/3575938-th.jpg",
    "categories": ["dairy-eggs-meals"],
    "tags": ["chese", "block-chese"],
    "locations": {
      "vic": {
        "price": 8,
        "promoText": " ",
        "packageSize": "200g",
        "packagePrice": "$40.00 per 1Kg"
      }
    }
  },
  {
    "id": "coles-british-blue-stilton",
    "brand": "Coles",
    "name": "British Blue Stilton Cheese",
    "imageUrl": "https://shop.coles.com.au/wcsstore/Coles-CAS/images/3/2/7/3275990-th.jpg",
    "categories": ["dairy-eggs-meals"],
    "tags": ["chese", "blue-chese"],
    "locations": {
      "vic": {
        "price": 5,
        "promoText": " ",
        "packageSize": "150g",
        "packagePrice": "$33.34 per 1Kg"
      }
    }
  },
  {
    "id": "castello-mellow-black-cheese",
    "brand": "Castello",
    "name": "Mellow Black Rich, Sweet & Bold Cheese",
    "imageUrl": "https://shop.coles.com.au/wcsstore/Coles-CAS/images/3/2/2/3226655-th.jpg",
    "categories": ["dairy-eggs-meals"],
    "tags": ["chese", "blue-chese"],
    "locations": {
      "vic": {
        "price": 6,
        "promoText": "Was $7.20 on May 2018 ",
        "packageSize": "150g",
        "packagePrice": "$40.00 per 1Kg"
      }
    }
  },
  {
    "id": "coles-danish-blue-cheese",
    "brand": "Coles",
    "name": "Danish Blue Cheese",
    "imageUrl": "https://shop.coles.com.au/wcsstore/Coles-CAS/images/3/0/2/3020580-th.jpg",
    "categories": ["dairy-eggs-meals"],
    "tags": ["chese", "blue-chese"],
    "locations": {
      "vic": {
        "price": 3.8,
        "promoText": " ",
        "packageSize": "100g",
        "packagePrice": "$3.80 per 100G"
      }
    }
  },
  {
    "id": "igor-cheese-gorgonzola-dolce",
    "brand": "Igor",
    "name": "Gorgonzola Dolce",
    "imageUrl": "https://shop.coles.com.au/wcsstore/Coles-CAS/images/7/5/5/7557031-th.jpg",
    "categories": ["dairy-eggs-meals"],
    "tags": ["chese", "blue-chese"],
    "locations": {
      "vic": {
        "price": 7.3,
        "promoText": " ",
        "packageSize": "195g",
        "packagePrice": "$37.44 per 1Kg"
      }
    }
  },
  {
    "id": "jindi-cheese-blue-deluxe-wedge",
    "brand": "President",
    "name": "Le Blue Creamy",
    "imageUrl": "https://shop.coles.com.au/wcsstore/Coles-CAS/images/7/1/6/7165188-th.jpg",
    "categories": ["dairy-eggs-meals"],
    "tags": ["chese", "blue-chese"],
    "locations": {
      "vic": {
        "price": 5,
        "promoText": "Was $5.99 on Jul 2019 ",
        "packageSize": "120g",
        "packagePrice": "$41.67 per 1Kg"
      }
    }
  },
  {
    "id": "castello-cheese-blue-danish",
    "brand": "Castello",
    "name": "Danish Blue Cheese",
    "imageUrl": "https://shop.coles.com.au/wcsstore/Coles-CAS/images/7/1/2/7127600-th.jpg",
    "categories": ["dairy-eggs-meals"],
    "tags": ["chese", "blue-chese"],
    "locations": {
      "vic": {
        "price": 4.2,
        "promoText": "Was $5.50 on Aug 2019 ",
        "packageSize": "100g",
        "packagePrice": "$42.00 per 1Kg"
      }
    }
  },
  {
    "id": "coles-cheese-cottage-creamed-lite-9488552p",
    "brand": "Coles",
    "name": "Low Fat Creamed Cottage Cheese",
    "imageUrl": "https://shop.coles.com.au/wcsstore/Coles-CAS/images/9/4/8/9488552-th.jpg",
    "categories": ["dairy-eggs-meals"],
    "tags": ["chese", "brie-soft-chese"],
    "locations": {
      "vic": {
        "price": 4,
        "promoText": " ",
        "packageSize": "500g",
        "packagePrice": "$8.00 per 1Kg"
      }
    }
  },
  {
    "id": "bulla-cheese-cottage-low-fat-original",
    "brand": "Bulla",
    "name": "Low Fat High Protein Cottage Cheese",
    "imageUrl": "https://shop.coles.com.au/wcsstore/Coles-CAS/images/3/9/3/393989-th.jpg",
    "categories": ["dairy-eggs-meals"],
    "tags": ["chese", "brie-soft-chese"],
    "locations": {
      "vic": {
        "price": 3,
        "promoText": " ",
        "packageSize": "200g",
        "packagePrice": "$15.00 per 1Kg"
      }
    }
  },
  {
    "id": "king-island-cheese-brie-double-8167484p",
    "brand": "King Island Dairy",
    "name": "Cape Wickham Double Brie",
    "imageUrl": "https://shop.coles.com.au/wcsstore/Coles-CAS/images/8/1/6/8167484-th.jpg",
    "categories": ["dairy-eggs-meals"],
    "tags": ["chese", "brie-soft-chese"],
    "locations": {
      "vic": {
        "price": 12.6,
        "promoText": " ",
        "packageSize": "200g",
        "packagePrice": "$63.00 per 1Kg"
      }
    }
  },
  {
    "id": "bulla-dairy-low-fat-chese-cottage-plain",
    "brand": "Bulla",
    "name": "Dairy Low Fat Cheese Cottage Plain",
    "imageUrl": "https://shop.coles.com.au/wcsstore/Coles-CAS/images/3/9/4/394008-th.jpg",
    "categories": ["dairy-eggs-meals"],
    "tags": ["chese", "brie-soft-chese"],
    "locations": {
      "vic": {
        "price": 5.6,
        "promoText": " ",
        "packageSize": "500g",
        "packagePrice": "$11.20 per 1Kg"
      }
    }
  },
  {
    "id": "udder-delights-double-cream-brie",
    "brand": "Udder Delights",
    "name": "Adelaide Hills Double Cream Brie Cheese",
    "imageUrl": "https://shop.coles.com.au/wcsstore/Coles-CAS/images/3/0/5/3054560-th.jpg",
    "categories": ["dairy-eggs-meals"],
    "tags": ["chese", "brie-soft-chese"],
    "locations": {
      "vic": {
        "price": 9,
        "promoText": " ",
        "packageSize": "200g",
        "packagePrice": "$4.50 per 100G"
      }
    }
  },
  {
    "id": "tasmanian-heritage-cheese-brie-triple-cream-ovals",
    "brand": "Tasmanian Heritage",
    "name": "Triple Cream Brie Oval",
    "imageUrl": "https://shop.coles.com.au/wcsstore/Coles-CAS/images/7/7/6/7766155-th.jpg",
    "categories": ["dairy-eggs-meals"],
    "tags": ["chese", "brie-soft-chese"],
    "locations": {
      "vic": {
        "price": 5.25,
        "promoText": " ",
        "packageSize": "125g",
        "packagePrice": "$42.00 per 1Kg"
      }
    }
  },
  {
    "id": "bulla-cheese-cottage-low-fat-onions-chives",
    "brand": "Bulla",
    "name": "Low Fat Onion & Chives Cottage Cheese",
    "imageUrl": "https://shop.coles.com.au/wcsstore/Coles-CAS/images/3/9/3/393967-th.jpg",
    "categories": ["dairy-eggs-meals"],
    "tags": ["chese", "brie-soft-chese"],
    "locations": {
      "vic": {
        "price": 3,
        "promoText": " ",
        "packageSize": "200g",
        "packagePrice": "$15.00 per 1Kg"
      }
    }
  },
  {
    "id": "coles-spanish-manchego",
    "brand": "Coles",
    "name": "Spanish Manchego Cheese",
    "imageUrl": "https://shop.coles.com.au/wcsstore/Coles-CAS/images/3/2/7/3276019-th.jpg",
    "categories": ["dairy-eggs-meals"],
    "tags": ["chese", "brie-soft-chese"],
    "locations": {
      "vic": {
        "price": 5,
        "promoText": " ",
        "packageSize": "150g",
        "packagePrice": "$33.34 per 1Kg"
      }
    }
  },
  {
    "id": "coles-triple-cream-brie",
    "brand": "Coles",
    "name": "Triple Cream Brie Cheese",
    "imageUrl": "https://shop.coles.com.au/wcsstore/Coles-CAS/images/2/8/0/2801758-th.jpg",
    "categories": ["dairy-eggs-meals"],
    "tags": ["chese", "brie-soft-chese"],
    "locations": {
      "vic": {
        "price": 5,
        "promoText": " ",
        "packageSize": "200g",
        "packagePrice": "$2.50 per 100G"
      }
    }
  },
  {
    "id": "fromager-d-affiniois-petite-d-affinois",
    "brand": "Fromager D'affiniois",
    "name": "Petite D'affinois",
    "imageUrl": "https://shop.coles.com.au/wcsstore/ColesResponsiveStorefrontAssetStore/dist/ccfc54aed6e361b650bcf0582f7b576b/img/img_product-placeholder.png",
    "categories": ["dairy-eggs-meals"],
    "tags": ["chese", "brie-soft-chese"],
    "locations": {
      "vic": {
        "price": 10,
        "promoText": " ",
        "packageSize": "150g",
        "packagePrice": "$66.67 per 1Kg"
      }
    }
  },
  {
    "id": "coles-deli-blue-cow-french-style-triple-cream",
    "brand": "Blue Cow",
    "name": "French Style Triple Cream Cheese",
    "imageUrl": "https://shop.coles.com.au/wcsstore/Coles-CAS/images/2/2/6/2262926-th.jpg",
    "categories": ["dairy-eggs-meals"],
    "tags": ["chese", "brie-soft-chese"],
    "locations": {
      "vic": {
        "price": 7.5,
        "promoText": " ",
        "packageSize": "180g",
        "packagePrice": "$41.67 per 1Kg"
      }
    }
  },
  {
    "id": "coles-double-camembert",
    "brand": "Coles",
    "name": "Double Cream Camembert",
    "imageUrl": "https://shop.coles.com.au/wcsstore/Coles-CAS/images/2/8/0/2801736-th.jpg",
    "categories": ["dairy-eggs-meals"],
    "tags": ["chese", "brie-soft-chese"],
    "locations": {
      "vic": {
        "price": 5,
        "promoText": " ",
        "packageSize": "200g",
        "packagePrice": "$25.00 per 1Kg"
      }
    }
  },
  {
    "id": "udder-delights-udder-delights-camembert",
    "brand": "Udder Delights",
    "name": "Adelaide Hills Camembert Cheese",
    "imageUrl": "https://shop.coles.com.au/wcsstore/Coles-CAS/images/3/0/5/3054549-th.jpg",
    "categories": ["dairy-eggs-meals"],
    "tags": ["chese", "brie-soft-chese"],
    "locations": {
      "vic": {
        "price": 9,
        "promoText": " ",
        "packageSize": "200g",
        "packagePrice": "$4.50 per 100G"
      }
    }
  },
  {
    "id": "castello-double-cream-brie-chilli",
    "brand": "Castello",
    "name": "Chilli Double Cream Cheese",
    "imageUrl": "https://shop.coles.com.au/wcsstore/Coles-CAS/images/3/2/7/3272845-th.jpg",
    "categories": ["dairy-eggs-meals"],
    "tags": ["chese", "brie-soft-chese"],
    "locations": {
      "vic": {
        "price": 6,
        "promoText": "Was $7.20 on Sep 2018 ",
        "packageSize": "150g",
        "packagePrice": "$4.00 per 100G"
      }
    }
  },
  {
    "id": "coles-french-le-carre",
    "brand": "Coles",
    "name": "French Le Carre Cheese",
    "imageUrl": "https://shop.coles.com.au/wcsstore/Coles-CAS/images/3/4/1/3418521-th.jpg",
    "categories": ["dairy-eggs-meals"],
    "tags": ["chese", "brie-soft-chese"],
    "locations": {
      "vic": {
        "price": 6,
        "promoText": " ",
        "packageSize": "200g",
        "packagePrice": "$3.00 per 100G"
      }
    }
  },
  {
    "id": "le-rustique-camembert-3035883p",
    "brand": "Le Rustique",
    "name": "Camembert Cheese",
    "imageUrl": "https://shop.coles.com.au/wcsstore/ColesResponsiveStorefrontAssetStore/dist/ccfc54aed6e361b650bcf0582f7b576b/img/img_product-placeholder.png",
    "categories": ["dairy-eggs-meals"],
    "tags": ["chese", "brie-soft-chese"],
    "locations": {
      "vic": {
        "price": 16,
        "promoText": " ",
        "packageSize": "250g",
        "packagePrice": "$64.00 per 1Kg"
      }
    }
  },
  {
    "id": "milawa-goat-camembert",
    "brand": "Milawa",
    "name": "Goat Camembert Cheese",
    "imageUrl": "https://shop.coles.com.au/wcsstore/ColesResponsiveStorefrontAssetStore/dist/ccfc54aed6e361b650bcf0582f7b576b/img/img_product-placeholder.png",
    "categories": ["dairy-eggs-meals"],
    "tags": ["chese", "brie-soft-chese"],
    "locations": {
      "vic": {
        "price": 13.5,
        "promoText": " ",
        "packageSize": "150g",
        "packagePrice": "$90.01 per 1Kg"
      }
    }
  },
  {
    "id": "montefiore-cheese-mascarpone",
    "brand": "Montefiore",
    "name": "Mascarpone Cheese",
    "imageUrl": "https://shop.coles.com.au/wcsstore/Coles-CAS/images/1/8/6/1865325-th.jpg",
    "categories": ["dairy-eggs-meals"],
    "tags": ["chese", "brie-soft-chese"],
    "locations": {
      "vic": {
        "price": 5.5,
        "promoText": " ",
        "packageSize": "250g",
        "packagePrice": "$22.00 per 1Kg"
      }
    }
  },
  {
    "id": "udder-delights-ash-brie-3631370p",
    "brand": "Udder Delights",
    "name": "Adelaide Hills Ash Brie Cheese",
    "imageUrl": "https://shop.coles.com.au/wcsstore/Coles-CAS/images/3/6/3/3631370-th.jpg",
    "categories": ["dairy-eggs-meals"],
    "tags": ["chese", "brie-soft-chese"],
    "locations": {
      "vic": {
        "price": 9,
        "promoText": " ",
        "packageSize": "200g",
        "packagePrice": "$45.00 per 1Kg"
      }
    }
  },
  {
    "id": "coles-cheese-australian-tasty-slices",
    "brand": "Coles",
    "name": "Tasty Cheddar Cheese Slices 12 pack",
    "imageUrl": "https://shop.coles.com.au/wcsstore/Coles-CAS/images/1/4/7/1472231-th.jpg",
    "categories": ["dairy-eggs-meals"],
    "tags": ["chese", "cheddar-tasty-chese"],
    "locations": {
      "vic": {
        "price": 4.4,
        "promoText": " ",
        "packageSize": "250g",
        "packagePrice": "$1.76 per 100G"
      }
    }
  },
  {
    "id": "jarlsberg-cheese-block-swiss",
    "brand": "Jarlsberg",
    "name": "Original Cheese Block",
    "imageUrl": "https://shop.coles.com.au/wcsstore/Coles-CAS/images/9/7/2/9728532-th.jpg",
    "categories": ["dairy-eggs-meals"],
    "tags": ["chese", "cheddar-tasty-chese"],
    "locations": {
      "vic": {
        "price": 14,
        "promoText": " ",
        "packageSize": "500g",
        "packagePrice": "$28.00 per 1Kg"
      }
    }
  },
  {
    "id": "king-island-cheese-cheddar-stokes-point-smoked",
    "brand": "King Island Dairy",
    "name": "Stokes Point Smoked Cheddar Cheese",
    "imageUrl": "https://shop.coles.com.au/wcsstore/Coles-CAS/images/7/1/6/7160016-th.jpg",
    "categories": ["dairy-eggs-meals"],
    "tags": ["chese", "cheddar-tasty-chese"],
    "locations": {
      "vic": {
        "price": 9.35,
        "promoText": " ",
        "packageSize": "170g",
        "packagePrice": "$55.00 per 1Kg"
      }
    }
  },
  {
    "id": "south-cape-cheese-cheddar-vintage",
    "brand": "South Cape",
    "name": "Vintage Cheddar",
    "imageUrl": "https://shop.coles.com.au/wcsstore/Coles-CAS/images/7/1/6/7161020-th.jpg",
    "categories": ["dairy-eggs-meals"],
    "tags": ["chese", "cheddar-tasty-chese"],
    "locations": {
      "vic": {
        "price": 5,
        "promoText": " ",
        "packageSize": "140g",
        "packagePrice": "$35.71 per 1Kg"
      }
    }
  },
  {
    "id": "ashgrove--cheese-block-cheddar-premium-vintage",
    "brand": "Ashgrove",
    "name": "Premium Vintage Cheddar Cheese",
    "imageUrl": "https://shop.coles.com.au/wcsstore/Coles-CAS/images/7/1/6/7162769-th.jpg",
    "categories": ["dairy-eggs-meals"],
    "tags": ["chese", "cheddar-tasty-chese"],
    "locations": {
      "vic": {
        "price": 5,
        "promoText": " ",
        "packageSize": "140g",
        "packagePrice": "$35.71 per 1Kg"
      }
    }
  },
  {
    "id": "coles-aged-red-leicester",
    "brand": "Coles",
    "name": "Red Leicester",
    "imageUrl": "https://shop.coles.com.au/wcsstore/Coles-CAS/images/3/2/7/3273316-th.jpg",
    "categories": ["dairy-eggs-meals"],
    "tags": ["chese", "cheddar-tasty-chese"],
    "locations": {
      "vic": {
        "price": 4.5,
        "promoText": " ",
        "packageSize": "200g",
        "packagePrice": "$22.50 per 1Kg"
      }
    }
  },
  {
    "id": "mersey-valley-vintage-club-cheese-cheddar-ploughmans",
    "brand": "Mersey Valley",
    "name": "Ploughmans Cheddar Cheese",
    "imageUrl": "https://shop.coles.com.au/wcsstore/Coles-CAS/images/4/5/1/4513211-th.jpg",
    "categories": ["dairy-eggs-meals"],
    "tags": ["chese", "cheddar-tasty-chese"],
    "locations": {
      "vic": {
        "price": 7.9,
        "promoText": " ",
        "packageSize": "235g",
        "packagePrice": "$33.62 per 1Kg"
      }
    }
  },
  {
    "id": "mersey-valley-little-entertainers-classic",
    "brand": "Mersey Valley",
    "name": "Classic Cheddar Cheese",
    "imageUrl": "https://shop.coles.com.au/wcsstore/Coles-CAS/images/3/2/7/3276879-th.jpg",
    "categories": ["dairy-eggs-meals"],
    "tags": ["chese", "cheddar-tasty-chese"],
    "locations": {
      "vic": {
        "price": 3,
        "promoText": "$0.50 ",
        "packageSize": "80g",
        "packagePrice": "$37.50 per 1Kg"
      }
    }
  },
  {
    "id": "ashgrove-cheese-block-cheddar-tassie-trio",
    "brand": "Ashgrove",
    "name": "Tassie Trio Cheddar Cheese Block",
    "imageUrl": "https://shop.coles.com.au/wcsstore/Coles-CAS/images/7/1/6/7163820-th.jpg",
    "categories": ["dairy-eggs-meals"],
    "tags": ["chese", "cheddar-tasty-chese"],
    "locations": {
      "vic": {
        "price": 5,
        "promoText": " ",
        "packageSize": "140g",
        "packagePrice": "$35.71 per 1Kg"
      }
    }
  },
  {
    "id": "coles-vintage-british-cheddar-3273270p",
    "brand": "Coles",
    "name": "Vintage British Cheddar",
    "imageUrl": "https://shop.coles.com.au/wcsstore/Coles-CAS/images/3/2/7/3273270-th.jpg",
    "categories": ["dairy-eggs-meals"],
    "tags": ["chese", "cheddar-tasty-chese"],
    "locations": {
      "vic": {
        "price": 4.5,
        "promoText": " ",
        "packageSize": "200g",
        "packagePrice": "$22.50 per 1Kg"
      }
    }
  },
  {
    "id": "mersey-valley-club-cheese-smoky-bacon",
    "brand": "Mersey Valley",
    "name": "Smoky Bacon Flavour Cheddar Cheese",
    "imageUrl": "https://shop.coles.com.au/wcsstore/Coles-CAS/images/3/5/0/3507257-th.jpg",
    "categories": ["dairy-eggs-meals"],
    "tags": ["chese", "cheddar-tasty-chese"],
    "locations": {
      "vic": {
        "price": 7.9,
        "promoText": " ",
        "packageSize": "235g",
        "packagePrice": "$3.36 per 100G"
      }
    }
  },
  {
    "id": "coles-24-month-vintage-cheddar",
    "brand": "Coles",
    "name": "Vintage Cheddar",
    "imageUrl": "https://shop.coles.com.au/wcsstore/Coles-CAS/images/3/5/9/3596982-th.jpg",
    "categories": ["dairy-eggs-meals"],
    "tags": ["chese", "cheddar-tasty-chese"],
    "locations": {
      "vic": {
        "price": 0,
        "promoText": " ",
        "packageSize": "200g",
        "packagePrice": ""
      }
    }
  },
  {
    "id": "cracker-barrel-cheese-chilli",
    "brand": "Cracker Barrel",
    "name": "Infused Chopped Chilli Cheddar Cheese",
    "imageUrl": "https://shop.coles.com.au/wcsstore/Coles-CAS/images/3/2/7/3276868-th.jpg",
    "categories": ["dairy-eggs-meals"],
    "tags": ["chese", "cheddar-tasty-chese"],
    "locations": {
      "vic": {
        "price": 5.15,
        "promoText": " ",
        "packageSize": "130g",
        "packagePrice": "$39.62 per 1Kg"
      }
    }
  },
  {
    "id": "cracker-barrel-cheese-lightly-smoked",
    "brand": "Cracker Barrel",
    "name": "Lightly Smoked Cheddar Cheese",
    "imageUrl": "https://shop.coles.com.au/wcsstore/Coles-CAS/images/3/2/7/3276857-th.jpg",
    "categories": ["dairy-eggs-meals"],
    "tags": ["chese", "cheddar-tasty-chese"],
    "locations": {
      "vic": {
        "price": 5.15,
        "promoText": " ",
        "packageSize": "130g",
        "packagePrice": "$39.62 per 1Kg"
      }
    }
  },
  {
    "id": "cracker-barrel-cheese-cracked-pepper",
    "brand": "Cracker Barrel",
    "name": "Cracked Black Pepper Cheddar Cheese",
    "imageUrl": "https://shop.coles.com.au/wcsstore/Coles-CAS/images/3/2/7/3276835-th.jpg",
    "categories": ["dairy-eggs-meals"],
    "tags": ["chese", "cheddar-tasty-chese"],
    "locations": {
      "vic": {
        "price": 5.15,
        "promoText": " ",
        "packageSize": "130g",
        "packagePrice": "$39.62 per 1Kg"
      }
    }
  },
  {
    "id": "cracker-barrel-cheddar-jalapeno-with-honey",
    "brand": "Cracker Barrel",
    "name": "Cheddar Jalapeno With Honey",
    "imageUrl": "https://shop.coles.com.au/wcsstore/ColesResponsiveStorefrontAssetStore/dist/ccfc54aed6e361b650bcf0582f7b576b/img/img_product-placeholder.png",
    "categories": ["dairy-eggs-meals"],
    "tags": ["chese", "cheddar-tasty-chese"],
    "locations": {
      "vic": {
        "price": 5.15,
        "promoText": " ",
        "packageSize": "130g",
        "packagePrice": "$39.62 per 1Kg"
      }
    }
  },
  {
    "id": "mersey-valley-vintage-club-cheese-cheddar-peppercorn-medley",
    "brand": "Mersey Valley",
    "name": "Green Peppercorn Vintage Cheddar Cheese",
    "imageUrl": "https://shop.coles.com.au/wcsstore/Coles-CAS/images/4/5/1/4512605-th.jpg",
    "categories": ["dairy-eggs-meals"],
    "tags": ["chese", "cheddar-tasty-chese"],
    "locations": {
      "vic": {
        "price": 7.9,
        "promoText": " ",
        "packageSize": "235g",
        "packagePrice": "$33.62 per 1Kg"
      }
    }
  },
  {
    "id": "sheese-grated-mature-cheddar-style",
    "brand": "Sheese",
    "name": "Grated Mature Cheddar Style",
    "imageUrl": "https://shop.coles.com.au/wcsstore/Coles-CAS/images/3/5/6/3561412-th.jpg",
    "categories": ["dairy-eggs-meals"],
    "tags": ["chese", "cheddar-tasty-chese"],
    "locations": {
      "vic": {
        "price": 8,
        "promoText": " ",
        "packageSize": "200g",
        "packagePrice": "$40.00 per 1Kg"
      }
    }
  },
  {
    "id": "south-cape-cheese-trilogy-roast-onion-chive-vintage",
    "brand": "South Cape",
    "name": "Roast Onion & Chive Vintage Smoked Cheddar Trilogy",
    "imageUrl": "https://shop.coles.com.au/wcsstore/Coles-CAS/images/6/5/7/6578080-th.jpg",
    "categories": ["dairy-eggs-meals"],
    "tags": ["chese", "cheddar-tasty-chese"],
    "locations": {
      "vic": {
        "price": 5,
        "promoText": " ",
        "packageSize": "140g",
        "packagePrice": "$35.71 per 1Kg"
      }
    }
  },
  {
    "id": "philadelphia-light-cream-cheese-snacktub",
    "brand": "Philadelphia",
    "name": "Spreadable Light Cream Cheese Snack Tubs 4 pack",
    "imageUrl": "https://shop.coles.com.au/wcsstore/Coles-CAS/images/2/7/8/2782165-th.jpg",
    "categories": ["dairy-eggs-meals"],
    "tags": ["chese", "chese-snacks"],
    "locations": {
      "vic": {
        "price": 2.8,
        "promoText": "$0.70 ",
        "packageSize": "136g",
        "packagePrice": "$2.06 per 100G"
      }
    }
  },
  {
    "id": "the-laughing-cow-cheese-snack-wedges",
    "brand": "The Laughing Cow",
    "name": "Cheese Spread",
    "imageUrl": "https://shop.coles.com.au/wcsstore/Coles-CAS/images/7/6/4/7646109-th.jpg",
    "categories": ["dairy-eggs-meals"],
    "tags": ["chese", "chese-snacks"],
    "locations": {
      "vic": {
        "price": 3.75,
        "promoText": " ",
        "packageSize": "128g",
        "packagePrice": "$29.30 per 1Kg"
      }
    }
  },
  {
    "id": "babybel-cheese-snack-mini",
    "brand": "Babybel",
    "name": "Mini Original Cheese 5 pack",
    "imageUrl": "https://shop.coles.com.au/wcsstore/Coles-CAS/images/6/1/6/6165014-th.jpg",
    "categories": ["dairy-eggs-meals"],
    "tags": ["chese", "chese-snacks"],
    "locations": {
      "vic": {
        "price": 3.8,
        "promoText": "$1.00 ",
        "packageSize": "100g",
        "packagePrice": "$3.80 per 100G"
      }
    }
  },
  {
    "id": "bel-mini-cheese-babybel",
    "brand": "Babybel",
    "name": "Mini Original Cheese 10 Pack",
    "imageUrl": "https://shop.coles.com.au/wcsstore/Coles-CAS/images/6/1/6/6165047-th.jpg",
    "categories": ["dairy-eggs-meals"],
    "tags": ["chese", "chese-snacks"],
    "locations": {
      "vic": {
        "price": 8.5,
        "promoText": " ",
        "packageSize": "200g",
        "packagePrice": "$4.25 per 100G"
      }
    }
  },
  {
    "id": "babybel-cheese-snack-mini-light",
    "brand": "Babybel",
    "name": "Mini Light Cheese 5 pack",
    "imageUrl": "https://shop.coles.com.au/wcsstore/Coles-CAS/images/5/8/2/5829120-th.jpg",
    "categories": ["dairy-eggs-meals"],
    "tags": ["chese", "chese-snacks"],
    "locations": {
      "vic": {
        "price": 3.8,
        "promoText": "$1.00 ",
        "packageSize": "100g",
        "packagePrice": "$3.80 per 100G"
      }
    }
  },
  {
    "id": "coles-tasty-cheese-crackers-4-pack",
    "brand": "Coles",
    "name": "Tasty Cheese & Crackers 4 Pack",
    "imageUrl": "https://shop.coles.com.au/wcsstore/Coles-CAS/images/2/9/8/2989028-th.jpg",
    "categories": ["dairy-eggs-meals"],
    "tags": ["chese", "chese-snacks"],
    "locations": {
      "vic": {
        "price": 4,
        "promoText": " ",
        "packageSize": "120g",
        "packagePrice": ""
      }
    }
  },
  {
    "id": "bel-dairy-cheese-snack-dippers-4-pack",
    "brand": "The Laughing Cow",
    "name": "Creamy Cheese Dip And Crunchy Breadsticks 4 pack",
    "imageUrl": "https://shop.coles.com.au/wcsstore/Coles-CAS/images/8/1/3/8139809-th.jpg",
    "categories": ["dairy-eggs-meals"],
    "tags": ["chese", "chese-snacks"],
    "locations": {
      "vic": {
        "price": 4.5,
        "promoText": " ",
        "packageSize": "140g",
        "packagePrice": ""
      }
    }
  },
  {
    "id": "mainland-otg-tasty-cheese-cranberry-crackers",
    "brand": "Mainland",
    "name": "On The Go Tasty Cheese & Artisan Crackers With Cranberry & Sunflower Seed",
    "imageUrl": "https://shop.coles.com.au/wcsstore/Coles-CAS/images/3/5/7/3576103-th.jpg",
    "categories": ["dairy-eggs-meals"],
    "tags": ["chese", "chese-snacks"],
    "locations": {
      "vic": {
        "price": 2.5,
        "promoText": "Was $3.00 on Oct 2019 ",
        "packageSize": "38g",
        "packagePrice": ""
      }
    }
  },
  {
    "id": "mainland-otg-extra-tasty-cheese-apricot-crackers",
    "brand": "Mainland",
    "name": "On The Go Extra Tasty Cheese & Artisan Crackers With Date & Apricot",
    "imageUrl": "https://shop.coles.com.au/wcsstore/Coles-CAS/images/3/5/7/3576090-th.jpg",
    "categories": ["dairy-eggs-meals"],
    "tags": ["chese", "chese-snacks"],
    "locations": {
      "vic": {
        "price": 2.5,
        "promoText": "Was $3.00 on Oct 2019 ",
        "packageSize": "38g",
        "packagePrice": ""
      }
    }
  },
  {
    "id": "the-laughing-cow-cheese-snack-wedges-light",
    "brand": "The Laughing Cow",
    "name": "Light Less Fat Cheese Spread",
    "imageUrl": "https://shop.coles.com.au/wcsstore/Coles-CAS/images/7/6/4/7646266-th.jpg",
    "categories": ["dairy-eggs-meals"],
    "tags": ["chese", "chese-snacks"],
    "locations": {
      "vic": {
        "price": 3.75,
        "promoText": " ",
        "packageSize": "128g",
        "packagePrice": "$2.93 per 100G"
      }
    }
  },
  {
    "id": "coles-kids-cheese-triangles",
    "brand": "Coles",
    "name": "Kids Triangles Cheese 8 pack",
    "imageUrl": "https://shop.coles.com.au/wcsstore/Coles-CAS/images/3/4/1/3418361-th.jpg",
    "categories": ["dairy-eggs-meals"],
    "tags": ["chese", "chese-snacks"],
    "locations": {
      "vic": {
        "price": 2,
        "promoText": " ",
        "packageSize": "140g",
        "packagePrice": "$1.43 per 100G"
      }
    }
  },
  {
    "id": "mainland-on-the-go-lunch-pack-chese-betrot",
    "brand": "Mainland",
    "name": "On The Go Lunch Pack Cheese & Balsamic Beetroot",
    "imageUrl": "https://shop.coles.com.au/wcsstore/Coles-CAS/images/3/7/5/3757549-th.jpg",
    "categories": ["dairy-eggs-meals"],
    "tags": ["chese", "chese-snacks"],
    "locations": {
      "vic": {
        "price": 5,
        "promoText": " ",
        "packageSize": "110g",
        "packagePrice": ""
      }
    }
  },
  {
    "id": "primo-stacker-mild-salami-chese-crackers",
    "brand": "Primo",
    "name": "Stacker Mild Salami Cheese & Crackers",
    "imageUrl": "https://shop.coles.com.au/wcsstore/Coles-CAS/images/3/7/5/3755430-th.jpg",
    "categories": ["dairy-eggs-meals"],
    "tags": ["chese", "chese-snacks"],
    "locations": {
      "vic": {
        "price": 4,
        "promoText": " ",
        "packageSize": "50g",
        "packagePrice": ""
      }
    }
  },
  {
    "id": "coles-tasty-cheese-crackers",
    "brand": "Coles",
    "name": "Tasty Cheese & Crackers",
    "imageUrl": "https://shop.coles.com.au/wcsstore/Coles-CAS/images/2/0/7/2073060-th.jpg",
    "categories": ["dairy-eggs-meals"],
    "tags": ["chese", "chese-snacks"],
    "locations": {
      "vic": {
        "price": 1.6,
        "promoText": " ",
        "packageSize": "50g",
        "packagePrice": ""
      }
    }
  },
  {
    "id": "coles-vintage-cheese-crackers-4-pack",
    "brand": "Coles",
    "name": "Vintage Cheese & Crackers 4 Pack",
    "imageUrl": "https://shop.coles.com.au/wcsstore/Coles-CAS/images/2/9/8/2989039-th.jpg",
    "categories": ["dairy-eggs-meals"],
    "tags": ["chese", "chese-snacks"],
    "locations": {
      "vic": {
        "price": 4,
        "promoText": " ",
        "packageSize": "120g",
        "packagePrice": ""
      }
    }
  },
  {
    "id": "mainland-otg-colby-cheese-olive-crackers",
    "brand": "Mainland",
    "name": "On The Go Colby Cheese & Artisan Crackers",
    "imageUrl": "https://shop.coles.com.au/wcsstore/Coles-CAS/images/3/5/7/3576114-th.jpg",
    "categories": ["dairy-eggs-meals"],
    "tags": ["chese", "chese-snacks"],
    "locations": {
      "vic": {
        "price": 2.5,
        "promoText": "Was $3.00 on Oct 2019 ",
        "packageSize": "38g",
        "packagePrice": ""
      }
    }
  },
  {
    "id": "my-life-biocheese-cheddar-cracker",
    "brand": "My Life",
    "name": "Bio Cheese Dairy Free Cheddar Flavour & Crackers",
    "imageUrl": "https://shop.coles.com.au/wcsstore/Coles-CAS/images/3/2/7/3274818-th.jpg",
    "categories": ["dairy-eggs-meals"],
    "tags": ["chese", "chese-snacks"],
    "locations": {
      "vic": {
        "price": 3.5,
        "promoText": "Was $4.00 on Sep 2019 ",
        "packageSize": "50g",
        "packagePrice": "$7.00 per 100G"
      }
    }
  },
  {
    "id": "coles-light-cheese-crackers",
    "brand": "Coles",
    "name": "Tasty Light Cheese & Crackers",
    "imageUrl": "https://shop.coles.com.au/wcsstore/Coles-CAS/images/2/0/7/2073093-th.jpg",
    "categories": ["dairy-eggs-meals"],
    "tags": ["chese", "chese-snacks"],
    "locations": {
      "vic": {
        "price": 1.6,
        "promoText": " ",
        "packageSize": "50g",
        "packagePrice": "$3.20 per 100G"
      }
    }
  },
  {
    "id": "kraft-pods--cheese-snacks-bots",
    "brand": "Dairylea",
    "name": "Cheese Pods 5 Pack",
    "imageUrl": "https://shop.coles.com.au/wcsstore/Coles-CAS/images/8/6/5/8655230-th.jpg",
    "categories": ["dairy-eggs-meals"],
    "tags": ["chese", "chese-snacks"],
    "locations": {
      "vic": {
        "price": 4,
        "promoText": " ",
        "packageSize": "100g",
        "packagePrice": "$40.00 per 1Kg"
      }
    }
  },
  {
    "id": "primo-stacker-chicken-chese-gf-crackers",
    "brand": "Primo",
    "name": "Stacker Chicken Cheese & Gluten Free Crackers",
    "imageUrl": "https://shop.coles.com.au/wcsstore/Coles-CAS/images/3/7/5/3756987-th.jpg",
    "categories": ["dairy-eggs-meals"],
    "tags": ["chese", "chese-snacks"],
    "locations": {
      "vic": {
        "price": 4,
        "promoText": " ",
        "packageSize": "45g",
        "packagePrice": ""
      }
    }
  },
  {
    "id": "primo-stacker-leg-ham-chese-crackers",
    "brand": "Primo",
    "name": "Stacker Leg Ham Cheese & Crackers",
    "imageUrl": "https://shop.coles.com.au/wcsstore/Coles-CAS/images/3/7/5/3752705-th.jpg",
    "categories": ["dairy-eggs-meals"],
    "tags": ["chese", "chese-snacks"],
    "locations": {
      "vic": {
        "price": 4,
        "promoText": " ",
        "packageSize": "50g",
        "packagePrice": ""
      }
    }
  },
  {
    "id": "primo-stackers-spicy-chorizo-chese-crackers",
    "brand": "Primo",
    "name": "Stackers Spicy Chorizo Cheese & Crackers",
    "imageUrl": "https://shop.coles.com.au/wcsstore/Coles-CAS/images/3/7/5/3755441-th.jpg",
    "categories": ["dairy-eggs-meals"],
    "tags": ["chese", "chese-snacks"],
    "locations": {
      "vic": {
        "price": 4,
        "promoText": " ",
        "packageSize": "50g",
        "packagePrice": ""
      }
    }
  },
  {
    "id": "the-laughing-cow-cheddar",
    "brand": "The Laughing Cow",
    "name": "Cheese Spread with Cheddar",
    "imageUrl": "https://shop.coles.com.au/wcsstore/Coles-CAS/images/3/2/7/3275559-th.jpg",
    "categories": ["dairy-eggs-meals"],
    "tags": ["chese", "chese-snacks"],
    "locations": {
      "vic": {
        "price": 3.75,
        "promoText": " ",
        "packageSize": "128g",
        "packagePrice": "$29.30 per 1Kg"
      }
    }
  },
  {
    "id": "bel-laughing-cow-chese-crackers",
    "brand": "Bel",
    "name": "Laughing Cow Cheese & Crackers",
    "imageUrl": "https://shop.coles.com.au/wcsstore/ColesResponsiveStorefrontAssetStore/dist/ccfc54aed6e361b650bcf0582f7b576b/img/img_product-placeholder.png",
    "categories": ["dairy-eggs-meals"],
    "tags": ["chese", "chese-snacks"],
    "locations": {
      "vic": {
        "price": 2.5,
        "promoText": " ",
        "packageSize": "40g",
        "packagePrice": ""
      }
    }
  },
  {
    "id": "coles-vintage-cheese-crackers",
    "brand": "Coles",
    "name": "Vintage Cheese & Crackers",
    "imageUrl": "https://shop.coles.com.au/wcsstore/Coles-CAS/images/2/0/7/2073071-th.jpg",
    "categories": ["dairy-eggs-meals"],
    "tags": ["chese", "chese-snacks"],
    "locations": {
      "vic": {
        "price": 1.6,
        "promoText": " ",
        "packageSize": "50g",
        "packagePrice": ""
      }
    }
  },
  {
    "id": "coles-tasty-cheese-bites-soy-crisps",
    "brand": "Coles",
    "name": "Tasty Cheese Bites & Soy Crisps",
    "imageUrl": "https://shop.coles.com.au/wcsstore/Coles-CAS/images/3/5/6/3561988-th.jpg",
    "categories": ["dairy-eggs-meals"],
    "tags": ["chese", "chese-snacks"],
    "locations": {
      "vic": {
        "price": 2,
        "promoText": " ",
        "packageSize": "45g",
        "packagePrice": ""
      }
    }
  },
  {
    "id": "coles-tasty-cheese-bites-garlic-chilli-olives",
    "brand": "Coles",
    "name": "Tasty Cheese Bites & Garlic Chilli Olives",
    "imageUrl": "https://shop.coles.com.au/wcsstore/Coles-CAS/images/3/5/6/3561977-th.jpg",
    "categories": ["dairy-eggs-meals"],
    "tags": ["chese", "chese-snacks"],
    "locations": {
      "vic": {
        "price": 2,
        "promoText": " ",
        "packageSize": "45g",
        "packagePrice": ""
      }
    }
  },
  {
    "id": "coles-savoury-chese-selection-box",
    "brand": "Coles",
    "name": "Savoury Cheese Selection Box",
    "imageUrl": "https://shop.coles.com.au/wcsstore/Coles-CAS/images/3/5/9/3597023-th.jpg",
    "categories": ["dairy-eggs-meals"],
    "tags": ["chese", "chese-snacks"],
    "locations": {
      "vic": {
        "price": 0,
        "promoText": " ",
        "packageSize": "360g",
        "packagePrice": ""
      }
    }
  },
  {
    "id": "mainland-on-the-go-lunch-pack-chese-chilli-jam",
    "brand": "Mainland",
    "name": "On The Go Lunch Pack Cheese & Chilli Jam",
    "imageUrl": "https://shop.coles.com.au/wcsstore/Coles-CAS/images/3/5/6/3562131-th.jpg",
    "categories": ["dairy-eggs-meals"],
    "tags": ["chese", "chese-snacks"],
    "locations": {
      "vic": {
        "price": 5,
        "promoText": " ",
        "packageSize": "110g",
        "packagePrice": ""
      }
    }
  },
  {
    "id": "kiri-cheese-cream-portions-6-pack",
    "brand": "Kiri",
    "name": "Soft Cream Cheese Portions 6 pack",
    "imageUrl": "https://shop.coles.com.au/wcsstore/Coles-CAS/images/7/6/4/7646073-th.jpg",
    "categories": ["dairy-eggs-meals"],
    "tags": ["chese", "cream-chese-spreads"],
    "locations": {
      "vic": {
        "price": 3.5,
        "promoText": " ",
        "packageSize": "108g",
        "packagePrice": "$32.41 per 1Kg"
      }
    }
  },
  {
    "id": "philadelphia-caramilk-cream-chese",
    "brand": "Philadelphia",
    "name": "Caramilk Cream Cheese",
    "imageUrl": "https://shop.coles.com.au/wcsstore/Coles-CAS/images/3/7/6/3766583-th.jpg",
    "categories": ["dairy-eggs-meals"],
    "tags": ["chese", "cream-chese-spreads"],
    "locations": {
      "vic": {
        "price": 2.35,
        "promoText": "$2.35 ",
        "packageSize": "250g",
        "packagePrice": "$9.40 per 1Kg"
      }
    }
  },
  {
    "id": "philadelphia-sweet-chilli-pourover-lactose-free",
    "brand": "Philadelphia",
    "name": "Lactose Free Sweet Chilli Pour Over",
    "imageUrl": "https://shop.coles.com.au/wcsstore/Coles-CAS/images/3/5/7/3575916-th.jpg",
    "categories": ["dairy-eggs-meals"],
    "tags": ["chese", "cream-chese-spreads"],
    "locations": {
      "vic": {
        "price": 3.5,
        "promoText": "$0.80 ",
        "packageSize": "250g",
        "packagePrice": "$14.00 per 1Kg"
      }
    }
  },
  {
    "id": "mersey-valley-spreadable-cheese-vintage",
    "brand": "Mersey Valley",
    "name": "Original Spreadable Cheddar Cheese",
    "imageUrl": "https://shop.coles.com.au/wcsstore/Coles-CAS/images/9/7/2/9725443-th.jpg",
    "categories": ["dairy-eggs-meals"],
    "tags": ["chese", "cream-chese-spreads"],
    "locations": {
      "vic": {
        "price": 3.5,
        "promoText": "$0.70 ",
        "packageSize": "150g",
        "packagePrice": "$23.33 per 1Kg"
      }
    }
  },
  {
    "id": "philadelphia-flavoured-cream-cheese-garden-herbs",
    "brand": "Philadelphia",
    "name": "Lactose Free Garden Herb & Onion Twist Spreadable Cream Cheese",
    "imageUrl": "https://shop.coles.com.au/wcsstore/Coles-CAS/images/3/2/7/3274523-th.jpg",
    "categories": ["dairy-eggs-meals"],
    "tags": ["chese", "cream-chese-spreads"],
    "locations": {
      "vic": {
        "price": 4,
        "promoText": " ",
        "packageSize": "130g",
        "packagePrice": "$30.77 per 1Kg"
      }
    }
  },
  {
    "id": "philadelphia-flavoured-salmon-lemon-dill",
    "brand": "Philadelphia",
    "name": "Smoked Salmon With Lemon & Dill Spreadable Cream Cheese",
    "imageUrl": "https://shop.coles.com.au/wcsstore/Coles-CAS/images/3/2/7/3274567-th.jpg",
    "categories": ["dairy-eggs-meals"],
    "tags": ["chese", "cream-chese-spreads"],
    "locations": {
      "vic": {
        "price": 4,
        "promoText": " ",
        "packageSize": "130g",
        "packagePrice": "$30.77 per 1Kg"
      }
    }
  },
  {
    "id": "philadelphia-icing-lemon",
    "brand": "Philadelphia",
    "name": "Juicy Lemon Icing",
    "imageUrl": "https://shop.coles.com.au/wcsstore/Coles-CAS/images/3/5/6/3562266-th.jpg",
    "categories": ["dairy-eggs-meals"],
    "tags": ["chese", "cream-chese-spreads"],
    "locations": {
      "vic": {
        "price": 4.3,
        "promoText": " ",
        "packageSize": "230g",
        "packagePrice": "$18.70 per 1Kg"
      }
    }
  },
  {
    "id": "philadelphia-icing-classic",
    "brand": "Philadelphia",
    "name": "Classic Icing",
    "imageUrl": "https://shop.coles.com.au/wcsstore/Coles-CAS/images/3/5/6/3562233-th.jpg",
    "categories": ["dairy-eggs-meals"],
    "tags": ["chese", "cream-chese-spreads"],
    "locations": {
      "vic": {
        "price": 4.3,
        "promoText": " ",
        "packageSize": "230g",
        "packagePrice": "$18.70 per 1Kg"
      }
    }
  },
  {
    "id": "dodoni-cheese-feta-greek",
    "brand": "Dodoni",
    "name": "Feta Cheese",
    "imageUrl": "https://shop.coles.com.au/wcsstore/Coles-CAS/images/5/5/5/5555647-th.jpg",
    "categories": ["dairy-eggs-meals"],
    "tags": ["chese", "feta-chese"],
    "locations": {
      "vic": {
        "price": 6,
        "promoText": "Was $7.00 on Nov 2017 ",
        "packageSize": "200g",
        "packagePrice": "$30.00 per 1Kg"
      }
    }
  },
  {
    "id": "lemnos-cheese-feta-full-cream",
    "brand": "Lemnos",
    "name": "Full Cream Fetta Cheese",
    "imageUrl": "https://shop.coles.com.au/wcsstore/Coles-CAS/images/8/8/5/8857482-th.jpg",
    "categories": ["dairy-eggs-meals"],
    "tags": ["chese", "feta-chese"],
    "locations": {
      "vic": {
        "price": 5,
        "promoText": " ",
        "packageSize": "180g",
        "packagePrice": "$2.78 per 100G"
      }
    }
  },
  {
    "id": "sheese-greek-style-fetta-block",
    "brand": "Sheese",
    "name": "Greek Style Fetta Block",
    "imageUrl": "https://shop.coles.com.au/wcsstore/Coles-CAS/images/3/5/6/3561423-th.jpg",
    "categories": ["dairy-eggs-meals"],
    "tags": ["chese", "feta-chese"],
    "locations": {
      "vic": {
        "price": 4.8,
        "promoText": "$1.20 ",
        "packageSize": "200g",
        "packagePrice": "$24.00 per 1Kg"
      }
    }
  },
  {
    "id": "dodoni-goats-cheese-fetta",
    "brand": "Dodoni",
    "name": "Goat's Fetta Cheese",
    "imageUrl": "https://shop.coles.com.au/wcsstore/Coles-CAS/images/6/5/7/6577780-th.jpg",
    "categories": ["dairy-eggs-meals"],
    "tags": ["chese", "feta-chese"],
    "locations": {
      "vic": {
        "price": 6,
        "promoText": "Was $7.00 on Nov 2017 ",
        "packageSize": "200g",
        "packagePrice": "$30.00 per 1Kg"
      }
    }
  },
  {
    "id": "kebia-chese-bulgarian-shep-feta",
    "brand": "Kebia",
    "name": "Cheese Bulgarian Sheep Feta",
    "imageUrl": "https://shop.coles.com.au/wcsstore/Coles-CAS/images/3/7/2/3724696-th.jpg",
    "categories": ["dairy-eggs-meals"],
    "tags": ["chese", "feta-chese"],
    "locations": {
      "vic": {
        "price": 8,
        "promoText": " ",
        "packageSize": "400g",
        "packagePrice": "$20.00 per 1Kg"
      }
    }
  },
  {
    "id": "lemnos-organic-fetta",
    "brand": "Lemnos",
    "name": "Organic Fetta Cheese",
    "imageUrl": "https://shop.coles.com.au/wcsstore/Coles-CAS/images/3/5/1/3510025-th.jpg",
    "categories": ["dairy-eggs-meals"],
    "tags": ["chese", "feta-chese"],
    "locations": {
      "vic": {
        "price": 6.75,
        "promoText": " ",
        "packageSize": "180g",
        "packagePrice": "$37.50 per 1Kg"
      }
    }
  },
  {
    "id": "castello-citrus-herb-fetta",
    "brand": "Castello",
    "name": "Citrus & Herb Fetta Cheese Cubes",
    "imageUrl": "https://shop.coles.com.au/wcsstore/Coles-CAS/images/3/5/6/3560500-th.jpg",
    "categories": ["dairy-eggs-meals"],
    "tags": ["chese", "feta-chese"],
    "locations": {
      "vic": {
        "price": 4.5,
        "promoText": "$0.50 ",
        "packageSize": "430g",
        "packagePrice": "$1.05 per 100G"
      }
    }
  },
  {
    "id": "montefiore-fresh-mozzarella-pear",
    "brand": "Montefiore",
    "name": "Fresh Mozzarella Pear",
    "imageUrl": "https://shop.coles.com.au/wcsstore/Coles-CAS/images/2/4/6/2466529-th.jpg",
    "categories": ["dairy-eggs-meals"],
    "tags": ["chese", "feta-chese"],
    "locations": {
      "vic": {
        "price": 8,
        "promoText": " ",
        "packageSize": "400g",
        "packagePrice": "$20.00 per 1Kg"
      }
    }
  },
  {
    "id": "castello-havarti-creamy",
    "brand": "Castello",
    "name": "Havarti Creamy Cheese",
    "imageUrl": "https://shop.coles.com.au/wcsstore/Coles-CAS/images/3/0/2/3029086-th.jpg",
    "categories": ["dairy-eggs-meals"],
    "tags": ["chese", "firm-chese"],
    "locations": {
      "vic": {
        "price": 6,
        "promoText": " ",
        "packageSize": "200g",
        "packagePrice": "$3.00 per 100G"
      }
    }
  },
  {
    "id": "ashgrove-cheese-smoked-havarti",
    "brand": "Ashgrove",
    "name": "Natural Wood Cold Smoked Havarti Cheese Block",
    "imageUrl": "https://shop.coles.com.au/wcsstore/Coles-CAS/images/3/2/7/3272925-th.jpg",
    "categories": ["dairy-eggs-meals"],
    "tags": ["chese", "firm-chese"],
    "locations": {
      "vic": {
        "price": 5,
        "promoText": " ",
        "packageSize": "140g",
        "packagePrice": "$35.71 per 1Kg"
      }
    }
  },
  {
    "id": "south-cape-cheese-wedge-edam",
    "brand": "South Cape",
    "name": "Sweet & Fruity Edam Cheese Wedge",
    "imageUrl": "https://shop.coles.com.au/wcsstore/Coles-CAS/images/7/7/6/7768412-th.jpg",
    "categories": ["dairy-eggs-meals"],
    "tags": ["chese", "firm-chese"],
    "locations": {
      "vic": {
        "price": 4.7,
        "promoText": "$1.70 ",
        "packageSize": "200g",
        "packagePrice": "$23.50 per 1Kg"
      }
    }
  },
  {
    "id": "kroon-dutch-maasdam-block",
    "brand": "Kroon",
    "name": "Maasdam Dutch Cheese Block",
    "imageUrl": "https://shop.coles.com.au/wcsstore/Coles-CAS/images/3/0/3/3033913-th.jpg",
    "categories": ["dairy-eggs-meals"],
    "tags": ["chese", "firm-chese"],
    "locations": {
      "vic": {
        "price": 5.5,
        "promoText": " ",
        "packageSize": "200g",
        "packagePrice": "$2.75 per 100G"
      }
    }
  },
  {
    "id": "president-comte",
    "brand": "President",
    "name": "Comte",
    "imageUrl": "https://shop.coles.com.au/wcsstore/Coles-CAS/images/3/7/5/3757017-th.jpg",
    "categories": ["dairy-eggs-meals"],
    "tags": ["chese", "firm-chese"],
    "locations": {
      "vic": {
        "price": 11.6,
        "promoText": " ",
        "packageSize": "220g",
        "packagePrice": "$52.73 per 1Kg"
      }
    }
  },
  {
    "id": "coles-cheese-sweet-chilli",
    "brand": "Coles",
    "name": "Sweet Chilli Cheese",
    "imageUrl": "https://shop.coles.com.au/wcsstore/Coles-CAS/images/7/7/8/7781320-th.jpg",
    "categories": ["dairy-eggs-meals"],
    "tags": ["chese", "specialty-chese"],
    "locations": {
      "vic": {
        "price": 3,
        "promoText": " ",
        "packageSize": "190g",
        "packagePrice": "$15.79 per 1Kg"
      }
    }
  },
  {
    "id": "merediths-goats-cheese-3275901p",
    "brand": "Meredith Dairy",
    "name": "Goats Cheese",
    "imageUrl": "https://shop.coles.com.au/wcsstore/Coles-CAS/images/3/2/7/3275901-th.jpg",
    "categories": ["dairy-eggs-meals"],
    "tags": ["chese", "specialty-chese"],
    "locations": {
      "vic": {
        "price": 5,
        "promoText": " ",
        "packageSize": "100g",
        "packagePrice": "$50.00 per 1Kg"
      }
    }
  },
  {
    "id": "boursin-cheese-herb-garlic",
    "brand": "Boursin",
    "name": "Herb & Garlic Cheese",
    "imageUrl": "https://shop.coles.com.au/wcsstore/Coles-CAS/images/6/0/3/6032994-th.jpg",
    "categories": ["dairy-eggs-meals"],
    "tags": ["chese", "specialty-chese"],
    "locations": {
      "vic": {
        "price": 7,
        "promoText": " ",
        "packageSize": "80g",
        "packagePrice": "$87.50 per 1Kg"
      }
    }
  },
  {
    "id": "castello-cream-cheese-chive-spring-onion",
    "brand": "Castello",
    "name": "Chive & Spring Onion Cream Cheese",
    "imageUrl": "https://shop.coles.com.au/wcsstore/Coles-CAS/images/3/5/6/3560566-th.jpg",
    "categories": ["dairy-eggs-meals"],
    "tags": ["chese", "specialty-chese"],
    "locations": {
      "vic": {
        "price": 5,
        "promoText": " ",
        "packageSize": "125g",
        "packagePrice": "$4.00 per 100G"
      }
    }
  },
  {
    "id": "moondarra-cheese-honey-pistachio",
    "brand": "Moondarra",
    "name": "Honey & Pistachio Cream Cheese",
    "imageUrl": "https://shop.coles.com.au/wcsstore/Coles-CAS/images/3/0/2/3029767-th.jpg",
    "categories": ["dairy-eggs-meals"],
    "tags": ["chese", "specialty-chese"],
    "locations": {
      "vic": {
        "price": 3.3,
        "promoText": " ",
        "packageSize": "120g",
        "packagePrice": "$2.75 per 100G"
      }
    }
  },
  {
    "id": "castello-cream-cheese-tropical-fruit-almonds",
    "brand": "Castello",
    "name": "Tropical Fruit & Almonds Cream Cheese",
    "imageUrl": "https://shop.coles.com.au/wcsstore/Coles-CAS/images/3/5/6/3560577-th.jpg",
    "categories": ["dairy-eggs-meals"],
    "tags": ["chese", "specialty-chese"],
    "locations": {
      "vic": {
        "price": 5,
        "promoText": " ",
        "packageSize": "125g",
        "packagePrice": "$4.00 per 100G"
      }
    }
  },
  {
    "id": "coles-cheese-cream-spring-onion-chive",
    "brand": "Coles",
    "name": "Spring Onion & Chive Cheese",
    "imageUrl": "https://shop.coles.com.au/wcsstore/Coles-CAS/images/7/7/8/7781283-th.jpg",
    "categories": ["dairy-eggs-meals"],
    "tags": ["chese", "specialty-chese"],
    "locations": {
      "vic": {
        "price": 3,
        "promoText": " ",
        "packageSize": "190g",
        "packagePrice": "$15.79 per 1Kg"
      }
    }
  },
  {
    "id": "moondarra-cheese-cranberry-macadamia",
    "brand": "Moondarra",
    "name": "Cranberry & Macadamia Cheese",
    "imageUrl": "https://shop.coles.com.au/wcsstore/Coles-CAS/images/3/2/7/3272528-th.jpg",
    "categories": ["dairy-eggs-meals"],
    "tags": ["chese", "specialty-chese"],
    "locations": {
      "vic": {
        "price": 3.3,
        "promoText": " ",
        "packageSize": "120g",
        "packagePrice": "$27.50 per 1Kg"
      }
    }
  },
  {
    "id": "moondarra-cream-cheese-cherry-cocnut",
    "brand": "Moondarra",
    "name": "Cherry & Coconut Cream Cheese",
    "imageUrl": "https://shop.coles.com.au/wcsstore/Coles-CAS/images/3/6/4/3645589-th.jpg",
    "categories": ["dairy-eggs-meals"],
    "tags": ["chese", "specialty-chese"],
    "locations": {
      "vic": {
        "price": 3,
        "promoText": " ",
        "packageSize": "120g",
        "packagePrice": "$25.00 per 1Kg"
      }
    }
  },
  {
    "id": "moondarra-cheese-peach-almond",
    "brand": "Moondarra",
    "name": "Peach & Almond Cream Cheese",
    "imageUrl": "https://shop.coles.com.au/wcsstore/Coles-CAS/images/3/5/6/3561252-th.jpg",
    "categories": ["dairy-eggs-meals"],
    "tags": ["chese", "specialty-chese"],
    "locations": {
      "vic": {
        "price": 3.3,
        "promoText": " ",
        "packageSize": "120g",
        "packagePrice": "$27.50 per 1Kg"
      }
    }
  },
  {
    "id": "coles-cheese-shredded-tasty",
    "brand": "Coles",
    "name": "Tasty Shredded Cheddar Cheese",
    "imageUrl": "https://shop.coles.com.au/wcsstore/Coles-CAS/images/8/1/4/8145335-th.jpg",
    "categories": ["dairy-eggs-meals"],
    "tags": ["chese", "grated-chese"],
    "locations": {
      "vic": {
        "price": 6.6,
        "promoText": " ",
        "packageSize": "700g",
        "packagePrice": "$9.43 per 1Kg"
      }
    }
  },
  {
    "id": "coles-cheese-shredded-tasty-5432830p",
    "brand": "Coles",
    "name": "Tasty Shredded Cheddar Cheese",
    "imageUrl": "https://shop.coles.com.au/wcsstore/Coles-CAS/images/5/4/3/5432830-th.jpg",
    "categories": ["dairy-eggs-meals"],
    "tags": ["chese", "grated-chese"],
    "locations": {
      "vic": {
        "price": 4.2,
        "promoText": " ",
        "packageSize": "250g",
        "packagePrice": "$16.80 per 1Kg"
      }
    }
  },
  {
    "id": "perfect-italiano-cheese-shredded-parmesan",
    "brand": "Perfect Italiano",
    "name": "Grated Parmesan Cheese",
    "imageUrl": "https://shop.coles.com.au/wcsstore/Coles-CAS/images/5/3/3/5339878-th.jpg",
    "categories": ["dairy-eggs-meals"],
    "tags": ["chese", "grated-chese"],
    "locations": {
      "vic": {
        "price": 3.25,
        "promoText": " ",
        "packageSize": "125g",
        "packagePrice": "$26.00 per 1Kg"
      }
    }
  },
  {
    "id": "coles-cheese-australian-mozzarella-shredded",
    "brand": "Coles",
    "name": "Mozzarella Shredded Cheese",
    "imageUrl": "https://shop.coles.com.au/wcsstore/Coles-CAS/images/1/4/1/1413334-th.jpg",
    "categories": ["dairy-eggs-meals"],
    "tags": ["chese", "grated-chese"],
    "locations": {
      "vic": {
        "price": 7.7,
        "promoText": " ",
        "packageSize": "700g",
        "packagePrice": "$1.10 per 100G"
      }
    }
  },
  {
    "id": "coles-pizza-blend-shredded-cheese",
    "brand": "Coles",
    "name": "Shredded Pizza Blend",
    "imageUrl": "https://shop.coles.com.au/wcsstore/Coles-CAS/images/1/6/9/1691064-th.jpg",
    "categories": ["dairy-eggs-meals"],
    "tags": ["chese", "grated-chese"],
    "locations": {
      "vic": {
        "price": 7.7,
        "promoText": " ",
        "packageSize": "700g",
        "packagePrice": "$1.10 per 100G"
      }
    }
  },
  {
    "id": "coles-smart-buy-cheese-parmesan-grated-bag",
    "brand": "Coles",
    "name": "Grated Parmesan Cheese",
    "imageUrl": "https://shop.coles.com.au/wcsstore/Coles-CAS/images/5/2/3/5235453-th.jpg",
    "categories": ["dairy-eggs-meals"],
    "tags": ["chese", "grated-chese"],
    "locations": {
      "vic": {
        "price": 1.6,
        "promoText": " ",
        "packageSize": "100g",
        "packagePrice": "$16.00 per 1Kg"
      }
    }
  },
  {
    "id": "coles-cheese-shredded-parmesan",
    "brand": "Coles",
    "name": "Shredded Parmesan Cheese",
    "imageUrl": "https://shop.coles.com.au/wcsstore/Coles-CAS/images/5/7/2/5726014-th.jpg",
    "categories": ["dairy-eggs-meals"],
    "tags": ["chese", "grated-chese"],
    "locations": {
      "vic": {
        "price": 4.4,
        "promoText": " ",
        "packageSize": "250g",
        "packagePrice": "$17.60 per 1Kg"
      }
    }
  },
  {
    "id": "perfect-italiano-cheese-shredded-pizza-plus",
    "brand": "Perfect Italiano",
    "name": "Grated Cheese Perfect Pizza",
    "imageUrl": "https://shop.coles.com.au/wcsstore/Coles-CAS/images/5/7/2/5723490-th.jpg",
    "categories": ["dairy-eggs-meals"],
    "tags": ["chese", "grated-chese"],
    "locations": {
      "vic": {
        "price": 7.65,
        "promoText": " ",
        "packageSize": "450g",
        "packagePrice": "$1.70 per 100G"
      }
    }
  },
  {
    "id": "perfect-italiano-cheese-shaved-parmesan",
    "brand": "Perfect Italiano",
    "name": "Shaved Parmesan Cheese",
    "imageUrl": "https://shop.coles.com.au/wcsstore/Coles-CAS/images/4/4/0/4405740-th.jpg",
    "categories": ["dairy-eggs-meals"],
    "tags": ["chese", "grated-chese"],
    "locations": {
      "vic": {
        "price": 3.25,
        "promoText": " ",
        "packageSize": "125g",
        "packagePrice": "$26.00 per 1Kg"
      }
    }
  },
  {
    "id": "coles-cheese-shredded-mozzarella",
    "brand": "Coles",
    "name": "Shredded Mozzarella Cheese",
    "imageUrl": "https://shop.coles.com.au/wcsstore/Coles-CAS/images/9/5/0/9508026-th.jpg",
    "categories": ["dairy-eggs-meals"],
    "tags": ["chese", "grated-chese"],
    "locations": {
      "vic": {
        "price": 4.2,
        "promoText": " ",
        "packageSize": "250g",
        "packagePrice": "$16.80 per 1Kg"
      }
    }
  },
  {
    "id": "mil-lel-cheese-shaved-parmesan",
    "brand": "Mil Lel",
    "name": "Shaved Parmesan Cheese",
    "imageUrl": "https://shop.coles.com.au/wcsstore/Coles-CAS/images/6/5/7/6576030-th.jpg",
    "categories": ["dairy-eggs-meals"],
    "tags": ["chese", "grated-chese"],
    "locations": {
      "vic": {
        "price": 6.85,
        "promoText": " ",
        "packageSize": "250g",
        "packagePrice": "$27.40 per 1Kg"
      }
    }
  },
  {
    "id": "coles-cheese-shredded-tasty-light",
    "brand": "Coles",
    "name": "Tasty Light Shredded Cheddar Cheese",
    "imageUrl": "https://shop.coles.com.au/wcsstore/Coles-CAS/images/8/1/4/8145346-th.jpg",
    "categories": ["dairy-eggs-meals"],
    "tags": ["chese", "grated-chese"],
    "locations": {
      "vic": {
        "price": 6.6,
        "promoText": " ",
        "packageSize": "700g",
        "packagePrice": "$9.43 per 1Kg"
      }
    }
  },
  {
    "id": "bega-cheese-shredded-tasty",
    "brand": "Bega",
    "name": "Tasty Grated Cheese",
    "imageUrl": "https://shop.coles.com.au/wcsstore/Coles-CAS/images/6/5/7/6576347-th.jpg",
    "categories": ["dairy-eggs-meals"],
    "tags": ["chese", "grated-chese"],
    "locations": {
      "vic": {
        "price": 7,
        "promoText": "$1.00 ",
        "packageSize": "500g",
        "packagePrice": "$1.40 per 100G"
      }
    }
  },
  {
    "id": "perfect-italiano-cheese-shredded-parmesan-extra-sharp",
    "brand": "Perfect Italiano",
    "name": "Extra Sharp Parmesan Cheese",
    "imageUrl": "https://shop.coles.com.au/wcsstore/Coles-CAS/images/6/5/7/6577000-th.jpg",
    "categories": ["dairy-eggs-meals"],
    "tags": ["chese", "grated-chese"],
    "locations": {
      "vic": {
        "price": 3.25,
        "promoText": " ",
        "packageSize": "125g",
        "packagePrice": "$26.00 per 1Kg"
      }
    }
  },
  {
    "id": "coles-cheese-australian-mozzarella-light-shredded",
    "brand": "Coles",
    "name": "Mozzarella Light Cheese Shredded",
    "imageUrl": "https://shop.coles.com.au/wcsstore/Coles-CAS/images/1/4/1/1413323-th.jpg",
    "categories": ["dairy-eggs-meals"],
    "tags": ["chese", "grated-chese"],
    "locations": {
      "vic": {
        "price": 4.2,
        "promoText": " ",
        "packageSize": "250g",
        "packagePrice": "$1.68 per 100G"
      }
    }
  },
  {
    "id": "kraft-cheese-parmesan-grated-cannister",
    "brand": "Kraft",
    "name": "Grated Parmesan Cheese",
    "imageUrl": "https://shop.coles.com.au/wcsstore/Coles-CAS/images/1/4/4/144827-th.jpg",
    "categories": ["dairy-eggs-meals"],
    "tags": ["chese", "grated-chese"],
    "locations": {
      "vic": {
        "price": 7.8,
        "promoText": " ",
        "packageSize": "250g",
        "packagePrice": "$31.20 per 1Kg"
      }
    }
  },
  {
    "id": "perfect-italiano-grated-cheese-perfect-pizza",
    "brand": "Perfect Italiano",
    "name": "Grated Cheese Perfect Pizza",
    "imageUrl": "https://shop.coles.com.au/wcsstore/Coles-CAS/images/3/2/7/3273994-th.jpg",
    "categories": ["dairy-eggs-meals"],
    "tags": ["chese", "grated-chese"],
    "locations": {
      "vic": {
        "price": 4.25,
        "promoText": "Was $4.80 on Oct 2019 ",
        "packageSize": "250g",
        "packagePrice": "$17.00 per 1Kg"
      }
    }
  },
  {
    "id": "perfect-italiano-cheese-shredded-4-cheese-blend",
    "brand": "Perfect Italiano",
    "name": "4 Cheese Melt Blend",
    "imageUrl": "https://shop.coles.com.au/wcsstore/Coles-CAS/images/7/6/0/7602067-th.jpg",
    "categories": ["dairy-eggs-meals"],
    "tags": ["chese", "grated-chese"],
    "locations": {
      "vic": {
        "price": 7.65,
        "promoText": " ",
        "packageSize": "450g",
        "packagePrice": "$17.00 per 1Kg"
      }
    }
  },
  {
    "id": "devondale-shredded-cheese-blend",
    "brand": "Devondale",
    "name": "Shredded Cheese Blend",
    "imageUrl": "https://shop.coles.com.au/wcsstore/Coles-CAS/images/2/7/8/2782959-th.jpg",
    "categories": ["dairy-eggs-meals"],
    "tags": ["chese", "grated-chese"],
    "locations": {
      "vic": {
        "price": 10,
        "promoText": " ",
        "packageSize": "750g",
        "packagePrice": "$1.33 per 100G"
      }
    }
  },
  {
    "id": "perfect-italiano-mozzaralla-shredded",
    "brand": "Perfect Italiano",
    "name": "Shredded Mozzarella",
    "imageUrl": "https://shop.coles.com.au/wcsstore/Coles-CAS/images/3/5/6/3562164-th.jpg",
    "categories": ["dairy-eggs-meals"],
    "tags": ["chese", "grated-chese"],
    "locations": {
      "vic": {
        "price": 4.25,
        "promoText": "Was $4.80 on Oct 2019 ",
        "packageSize": "250g",
        "packagePrice": "$17.00 per 1Kg"
      }
    }
  },
  {
    "id": "mil-lel-parmesan-chese-shredded",
    "brand": "Mil Lel",
    "name": "Parmesan Cheese Shredded",
    "imageUrl": "https://shop.coles.com.au/wcsstore/Coles-CAS/images/3/7/5/3757855-th.jpg",
    "categories": ["dairy-eggs-meals"],
    "tags": ["chese", "grated-chese"],
    "locations": {
      "vic": {
        "price": 6.85,
        "promoText": " ",
        "packageSize": "250g",
        "packagePrice": "$27.40 per 1Kg"
      }
    }
  },
  {
    "id": "coon-tasty-shredded-cheese",
    "brand": "Coon",
    "name": "Tasty Shredded Cheese",
    "imageUrl": "https://shop.coles.com.au/wcsstore/Coles-CAS/images/2/7/8/2781956-th.jpg",
    "categories": ["dairy-eggs-meals"],
    "tags": ["chese", "grated-chese"],
    "locations": {
      "vic": {
        "price": 5.7,
        "promoText": "$1.70 ",
        "packageSize": "400g",
        "packagePrice": "$14.25 per 1Kg"
      }
    }
  },
  {
    "id": "perfect-italiano-cheese-shredded-mozzarella",
    "brand": "Perfect Italiano",
    "name": "Mozzarella Cheese",
    "imageUrl": "https://shop.coles.com.au/wcsstore/Coles-CAS/images/6/3/8/63816-th.jpg",
    "categories": ["dairy-eggs-meals"],
    "tags": ["chese", "grated-chese"],
    "locations": {
      "vic": {
        "price": 7.65,
        "promoText": " ",
        "packageSize": "450g",
        "packagePrice": "$17.00 per 1Kg"
      }
    }
  },
  {
    "id": "perfect-italiano-grated-cheese-perfect-bakes",
    "brand": "Perfect Italiano",
    "name": "Grated Cheese Perfect Bakes",
    "imageUrl": "https://shop.coles.com.au/wcsstore/Coles-CAS/images/3/2/7/3274024-th.jpg",
    "categories": ["dairy-eggs-meals"],
    "tags": ["chese", "grated-chese"],
    "locations": {
      "vic": {
        "price": 4.25,
        "promoText": "Was $4.80 on Oct 2019 ",
        "packageSize": "250g",
        "packagePrice": "$17.00 per 1Kg"
      }
    }
  },
  {
    "id": "liddells-cheese-shredded-lactose-free",
    "brand": "Liddells",
    "name": "Lactose Free Shredded Cheese",
    "imageUrl": "https://shop.coles.com.au/wcsstore/Coles-CAS/images/1/4/1/1418305-th.jpg",
    "categories": ["dairy-eggs-meals"],
    "tags": ["chese", "grated-chese"],
    "locations": {
      "vic": {
        "price": 6,
        "promoText": " ",
        "packageSize": "250g",
        "packagePrice": "$24.00 per 1Kg"
      }
    }
  },
  {
    "id": "coles-cheese-australian-pizza-shredded",
    "brand": "Coles",
    "name": "Pizza Blend Shredded Cheese",
    "imageUrl": "https://shop.coles.com.au/wcsstore/Coles-CAS/images/1/4/1/1413312-th.jpg",
    "categories": ["dairy-eggs-meals"],
    "tags": ["chese", "grated-chese"],
    "locations": {
      "vic": {
        "price": 4.2,
        "promoText": " ",
        "packageSize": "250g",
        "packagePrice": "$1.68 per 100G"
      }
    }
  },
  {
    "id": "devondale-tasty-shredded-cheese",
    "brand": "Devondale",
    "name": "Tasty Shredded Cheese",
    "imageUrl": "https://shop.coles.com.au/wcsstore/Coles-CAS/images/2/7/8/2782926-th.jpg",
    "categories": ["dairy-eggs-meals"],
    "tags": ["chese", "grated-chese"],
    "locations": {
      "vic": {
        "price": 10,
        "promoText": " ",
        "packageSize": "750g",
        "packagePrice": "$1.33 per 100G"
      }
    }
  },
  {
    "id": "kraft-cheese-parmesan-grated-cannister-133591p",
    "brand": "Kraft",
    "name": "Grated Parmesan Cheese",
    "imageUrl": "https://shop.coles.com.au/wcsstore/Coles-CAS/images/1/3/3/133591-th.jpg",
    "categories": ["dairy-eggs-meals"],
    "tags": ["chese", "grated-chese"],
    "locations": {
      "vic": {
        "price": 4.3,
        "promoText": " ",
        "packageSize": "125g",
        "packagePrice": "$3.44 per 100G"
      }
    }
  },
  {
    "id": "bega--cheese-shredded-so-light",
    "brand": "Bega",
    "name": "Light Tasty Grated Cheese",
    "imageUrl": "https://shop.coles.com.au/wcsstore/Coles-CAS/images/1/0/1/1012151-th.jpg",
    "categories": ["dairy-eggs-meals"],
    "tags": ["chese", "grated-chese"],
    "locations": {
      "vic": {
        "price": 7,
        "promoText": "$1.00 ",
        "packageSize": "500g",
        "packagePrice": "$14.00 per 1Kg"
      }
    }
  },
  {
    "id": "mil-lel-cheese-shredded-parmesan-extra-sharp",
    "brand": "Mil Lel",
    "name": "Shredded Extra Sharp Parmesan Cheese",
    "imageUrl": "https://shop.coles.com.au/wcsstore/Coles-CAS/images/6/5/7/6576020-th.jpg",
    "categories": ["dairy-eggs-meals"],
    "tags": ["chese", "grated-chese"],
    "locations": {
      "vic": {
        "price": 6.85,
        "promoText": " ",
        "packageSize": "250g",
        "packagePrice": "$27.40 per 1Kg"
      }
    }
  },
  {
    "id": "pantalica-parmesan-chese",
    "brand": "Pantalica",
    "name": "Parmesan Cheese",
    "imageUrl": "https://shop.coles.com.au/wcsstore/Coles-CAS/images/3/8/1/3816524-th.jpg",
    "categories": ["dairy-eggs-meals"],
    "tags": ["chese", "grated-chese"],
    "locations": {
      "vic": {
        "price": 4,
        "promoText": " ",
        "packageSize": "100g",
        "packagePrice": "$4.00 per 100G"
      }
    }
  },
  {
    "id": "perfect-italiano-cheese-perfect-bakes",
    "brand": "Perfect Italiano",
    "name": "Perfect Bakes Cheddar, Mozzarella & Parmesan Grated Cheese",
    "imageUrl": "https://shop.coles.com.au/wcsstore/Coles-CAS/images/1/4/3/1436737-th.jpg",
    "categories": ["dairy-eggs-meals"],
    "tags": ["chese", "grated-chese"],
    "locations": {
      "vic": {
        "price": 7.65,
        "promoText": " ",
        "packageSize": "450g",
        "packagePrice": "$1.70 per 100G"
      }
    }
  },
  {
    "id": "liddells-lactose-free-shredded-pizza-blend",
    "brand": "Liddells",
    "name": "Lactose Free Shredded Pizza Blend",
    "imageUrl": "https://shop.coles.com.au/wcsstore/Coles-CAS/images/3/5/6/3560828-th.jpg",
    "categories": ["dairy-eggs-meals"],
    "tags": ["chese", "grated-chese"],
    "locations": {
      "vic": {
        "price": 5.7,
        "promoText": " ",
        "packageSize": "225g",
        "packagePrice": "$25.33 per 1Kg"
      }
    }
  },
  {
    "id": "sheese-grated-hard-italian-style",
    "brand": "Sheese",
    "name": "Grated Hard Italian Style",
    "imageUrl": "https://shop.coles.com.au/wcsstore/Coles-CAS/images/3/5/6/3561365-th.jpg",
    "categories": ["dairy-eggs-meals"],
    "tags": ["chese", "grated-chese"],
    "locations": {
      "vic": {
        "price": 5.2,
        "promoText": "$1.10 ",
        "packageSize": "60g",
        "packagePrice": "$86.68 per 1Kg"
      }
    }
  },
  {
    "id": "la-casa-del-formaggio-cheese-bocconcini-cherry-8981415p",
    "brand": "La Casa Del Formaggio",
    "name": "Cherry Bocconcini",
    "imageUrl": "https://shop.coles.com.au/wcsstore/Coles-CAS/images/8/9/8/8981415-th.jpg",
    "categories": ["dairy-eggs-meals"],
    "tags": ["chese", "haloumi-bocconcini"],
    "locations": {
      "vic": {
        "price": 5,
        "promoText": " ",
        "packageSize": "220g",
        "packagePrice": "$22.73 per 1Kg"
      }
    }
  },
  {
    "id": "lemnos-cheese-paneer",
    "brand": "Lemnos",
    "name": "Paneer",
    "imageUrl": "https://shop.coles.com.au/wcsstore/Coles-CAS/images/9/3/3/9334672-th.jpg",
    "categories": ["dairy-eggs-meals"],
    "tags": ["chese", "haloumi-bocconcini"],
    "locations": {
      "vic": {
        "price": 6.9,
        "promoText": " ",
        "packageSize": "200g",
        "packagePrice": "$34.50 per 1Kg"
      }
    }
  },
  {
    "id": "la-casa-del-formaggio-cheese-bocconcini-8981404p",
    "brand": "La Casa Del Formaggio",
    "name": "Traditional Bocconcini",
    "imageUrl": "https://shop.coles.com.au/wcsstore/Coles-CAS/images/8/9/8/8981404-th.jpg",
    "categories": ["dairy-eggs-meals"],
    "tags": ["chese", "haloumi-bocconcini"],
    "locations": {
      "vic": {
        "price": 5,
        "promoText": " ",
        "packageSize": "220g",
        "packagePrice": "$22.73 per 1Kg"
      }
    }
  },
  {
    "id": "riverina-dairy-haloumi-basil",
    "brand": "Riverina Dairy",
    "name": "Haloumi Basil",
    "imageUrl": "https://shop.coles.com.au/wcsstore/Coles-CAS/images/3/7/5/3757425-th.jpg",
    "categories": ["dairy-eggs-meals"],
    "tags": ["chese", "haloumi-bocconcini"],
    "locations": {
      "vic": {
        "price": 6,
        "promoText": " ",
        "packageSize": "180g",
        "packagePrice": "$33.34 per 1Kg"
      }
    }
  },
  {
    "id": "riverina-dairy-haloumi",
    "brand": "Riverina Dairy",
    "name": "Haloumi",
    "imageUrl": "https://shop.coles.com.au/wcsstore/Coles-CAS/images/3/7/5/3757163-th.jpg",
    "categories": ["dairy-eggs-meals"],
    "tags": ["chese", "haloumi-bocconcini"],
    "locations": {
      "vic": {
        "price": 18,
        "promoText": " ",
        "packageSize": "900g",
        "packagePrice": "$20.00 per 1Kg"
      }
    }
  },
  {
    "id": "coles-cheese-slices-tasty-natural-24-pack",
    "brand": "Coles",
    "name": "Tasty Cheddar Cheese Slices 24 Pack",
    "imageUrl": "https://shop.coles.com.au/wcsstore/Coles-CAS/images/5/4/3/5433050-th.jpg",
    "categories": ["dairy-eggs-meals"],
    "tags": ["chese", "sliced-chese"],
    "locations": {
      "vic": {
        "price": 7,
        "promoText": " ",
        "packageSize": "500g",
        "packagePrice": "$1.40 per 100G"
      }
    }
  },
  {
    "id": "bega-cheese-slices-tasty-natural-36-pack",
    "brand": "Bega",
    "name": "Tasty Natural Cheese Slices 30 pack",
    "imageUrl": "https://shop.coles.com.au/wcsstore/Coles-CAS/images/6/7/0/6704811-th.jpg",
    "categories": ["dairy-eggs-meals"],
    "tags": ["chese", "sliced-chese"],
    "locations": {
      "vic": {
        "price": 9,
        "promoText": "Was $10.20 on Jan 2020 ",
        "packageSize": "500g",
        "packagePrice": "$18.00 per 1Kg"
      }
    }
  },
  {
    "id": "coon-cheese-slices-tasty-24-pack",
    "brand": "Coon",
    "name": "Tasty Cheese Slices 24 pack",
    "imageUrl": "https://shop.coles.com.au/wcsstore/Coles-CAS/images/8/5/7/8578-th.jpg",
    "categories": ["dairy-eggs-meals"],
    "tags": ["chese", "sliced-chese"],
    "locations": {
      "vic": {
        "price": 8.6,
        "promoText": " ",
        "packageSize": "500g",
        "packagePrice": "$17.20 per 1Kg"
      }
    }
  },
  {
    "id": "coon-cheese-slices-tasty-light-24-pack",
    "brand": "Coon",
    "name": "Light Tasty Cheese Slices 24 pack",
    "imageUrl": "https://shop.coles.com.au/wcsstore/Coles-CAS/images/5/2/9/5292118-th.jpg",
    "categories": ["dairy-eggs-meals"],
    "tags": ["chese", "sliced-chese"],
    "locations": {
      "vic": {
        "price": 8.6,
        "promoText": " ",
        "packageSize": "500g",
        "packagePrice": "$17.20 per 1Kg"
      }
    }
  },
  {
    "id": "coles-smart-buy-cheese-slices-individually-wrapped-24-pack",
    "brand": "Coles",
    "name": "Cheese Slices 24 Pack",
    "imageUrl": "https://shop.coles.com.au/wcsstore/Coles-CAS/images/2/4/4/244242-th.jpg",
    "categories": ["dairy-eggs-meals"],
    "tags": ["chese", "sliced-chese"],
    "locations": {
      "vic": {
        "price": 3.9,
        "promoText": " ",
        "packageSize": "500g",
        "packagePrice": "$7.80 per 1Kg"
      }
    }
  },
  {
    "id": "bega-cheese-slices-strong-bitey-vintage-36-pack",
    "brand": "Bega",
    "name": "Strong & Bitey Vintage Cheese Slices 30 Pack",
    "imageUrl": "https://shop.coles.com.au/wcsstore/Coles-CAS/images/4/4/1/4413658-th.jpg",
    "categories": ["dairy-eggs-meals"],
    "tags": ["chese", "sliced-chese"],
    "locations": {
      "vic": {
        "price": 9,
        "promoText": "Was $10.20 on Jan 2020 ",
        "packageSize": "500g",
        "packagePrice": "$18.00 per 1Kg"
      }
    }
  },
  {
    "id": "bega-cheese-slices-tasty-natural-12-pack",
    "brand": "Bega",
    "name": "Tasty Natural Cheese Slices 15 pack",
    "imageUrl": "https://shop.coles.com.au/wcsstore/Coles-CAS/images/6/7/0/6704323-th.jpg",
    "categories": ["dairy-eggs-meals"],
    "tags": ["chese", "sliced-chese"],
    "locations": {
      "vic": {
        "price": 6,
        "promoText": " ",
        "packageSize": "250g",
        "packagePrice": "$24.00 per 1Kg"
      }
    }
  },
  {
    "id": "coles-gouda-cheese-slices",
    "brand": "Coles",
    "name": "Gouda Cheese Slices",
    "imageUrl": "https://shop.coles.com.au/wcsstore/Coles-CAS/images/1/4/6/1462533-th.jpg",
    "categories": ["dairy-eggs-meals"],
    "tags": ["chese", "sliced-chese"],
    "locations": {
      "vic": {
        "price": 4,
        "promoText": " ",
        "packageSize": "200g",
        "packagePrice": "$20.00 per 1Kg"
      }
    }
  },
  {
    "id": "jarlsberg-cheese-slices-swiss-10-pack",
    "brand": "Jarlsberg",
    "name": "Original Cheese Slices",
    "imageUrl": "https://shop.coles.com.au/wcsstore/Coles-CAS/images/5/4/9/5498703-th.jpg",
    "categories": ["dairy-eggs-meals"],
    "tags": ["chese", "sliced-chese"],
    "locations": {
      "vic": {
        "price": 5,
        "promoText": "$1.95 ",
        "packageSize": "150g",
        "packagePrice": "$33.34 per 1Kg"
      }
    }
  },
  {
    "id": "coon-cheese-slices-tasty",
    "brand": "Coon",
    "name": "Tasty Cheese Slices",
    "imageUrl": "https://shop.coles.com.au/wcsstore/Coles-CAS/images/3/2/7/3274750-th.jpg",
    "categories": ["dairy-eggs-meals"],
    "tags": ["chese", "sliced-chese"],
    "locations": {
      "vic": {
        "price": 10.85,
        "promoText": " ",
        "packageSize": "750g",
        "packagePrice": "$14.47 per 1Kg"
      }
    }
  },
  {
    "id": "coles-swiss-cheese-slices",
    "brand": "Coles",
    "name": "Swiss Style Cheese Slices",
    "imageUrl": "https://shop.coles.com.au/wcsstore/Coles-CAS/images/1/4/6/1462544-th.jpg",
    "categories": ["dairy-eggs-meals"],
    "tags": ["chese", "sliced-chese"],
    "locations": {
      "vic": {
        "price": 4,
        "promoText": " ",
        "packageSize": "200g",
        "packagePrice": "$2.00 per 100G"
      }
    }
  },
  {
    "id": "cracker-barrel-cheese-slices-vintage-extra-sharp-12-pack",
    "brand": "Cracker Barrel",
    "name": "Vintage Cheddar Cheese Slices 12 pack",
    "imageUrl": "https://shop.coles.com.au/wcsstore/Coles-CAS/images/4/3/8/4389178-th.jpg",
    "categories": ["dairy-eggs-meals"],
    "tags": ["chese", "sliced-chese"],
    "locations": {
      "vic": {
        "price": 6.5,
        "promoText": " ",
        "packageSize": "250g",
        "packagePrice": "$26.00 per 1Kg"
      }
    }
  },
  {
    "id": "kraft-singles-cheese-slices-individually-wrapped-24-pack",
    "brand": "Dairylea",
    "name": "Original Cheese Slices 24 Pack",
    "imageUrl": "https://shop.coles.com.au/wcsstore/Coles-CAS/images/2/1/5/215131-th.jpg",
    "categories": ["dairy-eggs-meals"],
    "tags": ["chese", "sliced-chese"],
    "locations": {
      "vic": {
        "price": 5,
        "promoText": "Was $6.45 on Aug 2018 ",
        "packageSize": "432g",
        "packagePrice": "$11.57 per 1Kg"
      }
    }
  },
  {
    "id": "coles-edam-cheese-slices",
    "brand": "Coles",
    "name": "Edam Cheese Slices",
    "imageUrl": "https://shop.coles.com.au/wcsstore/Coles-CAS/images/1/4/6/1462511-th.jpg",
    "categories": ["dairy-eggs-meals"],
    "tags": ["chese", "sliced-chese"],
    "locations": {
      "vic": {
        "price": 4,
        "promoText": " ",
        "packageSize": "200g",
        "packagePrice": "$20.00 per 1Kg"
      }
    }
  },
  {
    "id": "bega-cheese-slices-strong-bitey-aged-vintage-12-pack",
    "brand": "Bega",
    "name": "Strong & Bitey Vintage Cheese Slices 15 pack",
    "imageUrl": "https://shop.coles.com.au/wcsstore/Coles-CAS/images/9/7/5/9759365-th.jpg",
    "categories": ["dairy-eggs-meals"],
    "tags": ["chese", "sliced-chese"],
    "locations": {
      "vic": {
        "price": 6,
        "promoText": " ",
        "packageSize": "250g",
        "packagePrice": "$24.00 per 1Kg"
      }
    }
  },
  {
    "id": "coles-cheese-slices-colby-12-pack",
    "brand": "Coles",
    "name": "Colby Cheese Slices 12 Pack",
    "imageUrl": "https://shop.coles.com.au/wcsstore/Coles-CAS/images/7/2/4/7247191-th.jpg",
    "categories": ["dairy-eggs-meals"],
    "tags": ["chese", "sliced-chese"],
    "locations": {
      "vic": {
        "price": 4.4,
        "promoText": " ",
        "packageSize": "250g",
        "packagePrice": "$17.60 per 1Kg"
      }
    }
  },
  {
    "id": "coles-cheese-slices-tasty-light-24-pack",
    "brand": "Coles",
    "name": "Tasty Light Cheddar Cheese Slices 24 Pack",
    "imageUrl": "https://shop.coles.com.au/wcsstore/Coles-CAS/images/5/4/3/5433027-th.jpg",
    "categories": ["dairy-eggs-meals"],
    "tags": ["chese", "sliced-chese"],
    "locations": {
      "vic": {
        "price": 7,
        "promoText": " ",
        "packageSize": "500g",
        "packagePrice": "$14.00 per 1Kg"
      }
    }
  },
  {
    "id": "coles-australian-smokey-cheese-individually-wrapped-slices-24-pack",
    "brand": "Coles",
    "name": "Smoke Flavoured Cheese Slices 12 Pack",
    "imageUrl": "https://shop.coles.com.au/wcsstore/Coles-CAS/images/1/9/8/1980491-th.jpg",
    "categories": ["dairy-eggs-meals"],
    "tags": ["chese", "sliced-chese"],
    "locations": {
      "vic": {
        "price": 2.9,
        "promoText": " ",
        "packageSize": "250g",
        "packagePrice": "$1.16 per 100G"
      }
    }
  },
  {
    "id": "coles-havarti-cheese-slices",
    "brand": "Coles",
    "name": "Havarti Cheese Slices",
    "imageUrl": "https://shop.coles.com.au/wcsstore/Coles-CAS/images/1/4/6/1462555-th.jpg",
    "categories": ["dairy-eggs-meals"],
    "tags": ["chese", "sliced-chese"],
    "locations": {
      "vic": {
        "price": 4,
        "promoText": " ",
        "packageSize": "200g",
        "packagePrice": "$20.00 per 1Kg"
      }
    }
  },
  {
    "id": "coon-cheese-slices-tasty-light-12-pack",
    "brand": "Coon",
    "name": "Light 'N Tasty Cheese Slices 12 pack",
    "imageUrl": "https://shop.coles.com.au/wcsstore/Coles-CAS/images/5/1/7/5174053-th.jpg",
    "categories": ["dairy-eggs-meals"],
    "tags": ["chese", "sliced-chese"],
    "locations": {
      "vic": {
        "price": 4.6,
        "promoText": "$1.40 ",
        "packageSize": "250g",
        "packagePrice": "$18.40 per 1Kg"
      }
    }
  },
  {
    "id": "coon-cheese-slices-mozzarella-12pk",
    "brand": "Coon",
    "name": "Classics Mozzarella Cheese Slices 12 Pack",
    "imageUrl": "https://shop.coles.com.au/wcsstore/Coles-CAS/images/3/5/6/3560894-th.jpg",
    "categories": ["dairy-eggs-meals"],
    "tags": ["chese", "sliced-chese"],
    "locations": {
      "vic": {
        "price": 4.6,
        "promoText": "$1.40 ",
        "packageSize": "250g",
        "packagePrice": "$1.84 per 100G"
      }
    }
  },
  {
    "id": "kraft-singles-cheese-slices-original-individually-wrapped-36-pack",
    "brand": "Dairylea",
    "name": "Regular Cheese Slices 36 Pack",
    "imageUrl": "https://shop.coles.com.au/wcsstore/Coles-CAS/images/5/1/8/5185821-th.jpg",
    "categories": ["dairy-eggs-meals"],
    "tags": ["chese", "sliced-chese"],
    "locations": {
      "vic": {
        "price": 7,
        "promoText": " ",
        "packageSize": "648g",
        "packagePrice": "$10.80 per 1Kg"
      }
    }
  },
  {
    "id": "jarlsberg-cheese-slices-lite-10-pack",
    "brand": "Jarlsberg",
    "name": "Lite Cheese Slices",
    "imageUrl": "https://shop.coles.com.au/wcsstore/Coles-CAS/images/8/3/8/8389680-th.jpg",
    "categories": ["dairy-eggs-meals"],
    "tags": ["chese", "sliced-chese"],
    "locations": {
      "vic": {
        "price": 5,
        "promoText": "$1.95 ",
        "packageSize": "150g",
        "packagePrice": "$33.34 per 1Kg"
      }
    }
  },
  {
    "id": "norco-natural-cheese-slices",
    "brand": "Norco",
    "name": "Natural Cheese Slices",
    "imageUrl": "https://shop.coles.com.au/wcsstore/Coles-CAS/images/7/1/1/7119409-th.jpg",
    "categories": ["dairy-eggs-meals"],
    "tags": ["chese", "sliced-chese"],
    "locations": {
      "vic": {
        "price": 6.5,
        "promoText": " ",
        "packageSize": "250g",
        "packagePrice": "$26.00 per 1Kg"
      }
    }
  },
  {
    "id": "coon-cheese-slices-extra-tasty",
    "brand": "Coon",
    "name": "Extra Tasty Cheese Slices",
    "imageUrl": "https://shop.coles.com.au/wcsstore/Coles-CAS/images/3/2/7/3277190-th.jpg",
    "categories": ["dairy-eggs-meals"],
    "tags": ["chese", "sliced-chese"],
    "locations": {
      "vic": {
        "price": 4.6,
        "promoText": "$1.40 ",
        "packageSize": "250g",
        "packagePrice": "$1.84 per 100G"
      }
    }
  },
  {
    "id": "bega-cheese-easy-melt-colby-slices",
    "brand": "Bega",
    "name": "Easy Melt Colby Cheese Slices 15 pack",
    "imageUrl": "https://shop.coles.com.au/wcsstore/Coles-CAS/images/1/4/4/1446286-th.jpg",
    "categories": ["dairy-eggs-meals"],
    "tags": ["chese", "sliced-chese"],
    "locations": {
      "vic": {
        "price": 6,
        "promoText": " ",
        "packageSize": "250g",
        "packagePrice": "$2.40 per 100G"
      }
    }
  },
  {
    "id": "coles-smart-buy-cheese-slices-lite-individually-wrapped-24-pack",
    "brand": "Coles",
    "name": "Light Cheese Slices 24 Pack",
    "imageUrl": "https://shop.coles.com.au/wcsstore/Coles-CAS/images/5/1/6/5164639-th.jpg",
    "categories": ["dairy-eggs-meals"],
    "tags": ["chese", "sliced-chese"],
    "locations": {
      "vic": {
        "price": 3.9,
        "promoText": " ",
        "packageSize": "500g",
        "packagePrice": "$7.80 per 1Kg"
      }
    }
  },
  {
    "id": "coon-cheese-slices-tasty-12-pack",
    "brand": "Coon",
    "name": "Tasty Cheese Slices 12 pack",
    "imageUrl": "https://shop.coles.com.au/wcsstore/Coles-CAS/images/2/1/7/217104-th.jpg",
    "categories": ["dairy-eggs-meals"],
    "tags": ["chese", "sliced-chese"],
    "locations": {
      "vic": {
        "price": 4.6,
        "promoText": "$1.40 ",
        "packageSize": "250g",
        "packagePrice": "$18.40 per 1Kg"
      }
    }
  },
  {
    "id": "coon-colby-cheese-slices-24-pack",
    "brand": "Coon",
    "name": "Colby Cheddar Cheese Slices 24 Pack",
    "imageUrl": "https://shop.coles.com.au/wcsstore/Coles-CAS/images/2/7/8/2781978-th.jpg",
    "categories": ["dairy-eggs-meals"],
    "tags": ["chese", "sliced-chese"],
    "locations": {
      "vic": {
        "price": 8.6,
        "promoText": " ",
        "packageSize": "500g",
        "packagePrice": "$17.20 per 1Kg"
      }
    }
  },
  {
    "id": "kraft-singles-cheese-slices-light-individually-wrapped-24-pack",
    "brand": "Dairylea",
    "name": "Less Fat Light Cheese Slices 24 Pack",
    "imageUrl": "https://shop.coles.com.au/wcsstore/Coles-CAS/images/6/6/7/6679678-th.jpg",
    "categories": ["dairy-eggs-meals"],
    "tags": ["chese", "sliced-chese"],
    "locations": {
      "vic": {
        "price": 5,
        "promoText": "Was $6.45 on Aug 2018 ",
        "packageSize": "432g",
        "packagePrice": "$11.57 per 1Kg"
      }
    }
  },
  {
    "id": "kraft-singles-cheese-slices-light-individually-wrapped-12-pack",
    "brand": "Dairylea",
    "name": "Light Cheese Slices 12 Pack",
    "imageUrl": "https://shop.coles.com.au/wcsstore/Coles-CAS/images/3/1/5/315464-th.jpg",
    "categories": ["dairy-eggs-meals"],
    "tags": ["chese", "sliced-chese"],
    "locations": {
      "vic": {
        "price": 3.45,
        "promoText": " ",
        "packageSize": "216g",
        "packagePrice": "$15.97 per 1Kg"
      }
    }
  },
  {
    "id": "bega-so-light--cheese-slices-tasty-36-pack",
    "brand": "Bega",
    "name": "Light & Tasty Natural Cheese Slices 30 pack",
    "imageUrl": "https://shop.coles.com.au/wcsstore/Coles-CAS/images/9/1/8/9184139-th.jpg",
    "categories": ["dairy-eggs-meals"],
    "tags": ["chese", "sliced-chese"],
    "locations": {
      "vic": {
        "price": 9,
        "promoText": "Was $10.20 on Jan 2020 ",
        "packageSize": "500g",
        "packagePrice": "$18.00 per 1Kg"
      }
    }
  },
  {
    "id": "kraft-singles-cheese-slices-original-individually-wrapped-12-pack",
    "brand": "Dairylea",
    "name": "Original Cheese Slices 12 pack",
    "imageUrl": "https://shop.coles.com.au/wcsstore/Coles-CAS/images/1/9/2/192546-th.jpg",
    "categories": ["dairy-eggs-meals"],
    "tags": ["chese", "sliced-chese"],
    "locations": {
      "vic": {
        "price": 3.45,
        "promoText": " ",
        "packageSize": "216g",
        "packagePrice": "$15.97 per 1Kg"
      }
    }
  },
  {
    "id": "dairylea-burger-cheese-slices",
    "brand": "Dairylea",
    "name": "Burger Cheese Slices 12 Pack",
    "imageUrl": "https://shop.coles.com.au/wcsstore/Coles-CAS/images/2/9/8/2984261-th.jpg",
    "categories": ["dairy-eggs-meals"],
    "tags": ["chese", "sliced-chese"],
    "locations": {
      "vic": {
        "price": 3.5,
        "promoText": " ",
        "packageSize": "250g",
        "packagePrice": "$14.00 per 1Kg"
      }
    }
  },
  {
    "id": "coles-cheese-slices-vintage-12-pack",
    "brand": "Coles",
    "name": "Vintage Cheddar Cheese Slices 12 Pack",
    "imageUrl": "https://shop.coles.com.au/wcsstore/Coles-CAS/images/5/7/2/5726058-th.jpg",
    "categories": ["dairy-eggs-meals"],
    "tags": ["chese", "sliced-chese"],
    "locations": {
      "vic": {
        "price": 4.4,
        "promoText": " ",
        "packageSize": "250g",
        "packagePrice": "$17.60 per 1Kg"
      }
    }
  },
  {
    "id": "coles-monterey-jack-cheese-slices",
    "brand": "Coles",
    "name": "Monterey Jack Cheese Slices",
    "imageUrl": "https://shop.coles.com.au/wcsstore/Coles-CAS/images/3/2/7/3273510-th.jpg",
    "categories": ["dairy-eggs-meals"],
    "tags": ["chese", "sliced-chese"],
    "locations": {
      "vic": {
        "price": 4,
        "promoText": " ",
        "packageSize": "200g",
        "packagePrice": "$20.00 per 1Kg"
      }
    }
  },
  {
    "id": "kraft-cheddar-sandwich-cheese-slices",
    "brand": "Dairylea",
    "name": "Cheddar Cheese Slices 12 Pack",
    "imageUrl": "https://shop.coles.com.au/wcsstore/Coles-CAS/images/1/9/2/192535-th.jpg",
    "categories": ["dairy-eggs-meals"],
    "tags": ["chese", "sliced-chese"],
    "locations": {
      "vic": {
        "price": 3.5,
        "promoText": " ",
        "packageSize": "250g",
        "packagePrice": "$14.00 per 1Kg"
      }
    }
  },
  {
    "id": "liddells-cheese-slices-colby",
    "brand": "Liddells",
    "name": "Lactose Free Colby Cheese Slices",
    "imageUrl": "https://shop.coles.com.au/wcsstore/Coles-CAS/images/3/2/4/3241626-th.jpg",
    "categories": ["dairy-eggs-meals"],
    "tags": ["chese", "sliced-chese"],
    "locations": {
      "vic": {
        "price": 6.5,
        "promoText": " ",
        "packageSize": "250g",
        "packagePrice": "$26.00 per 1Kg"
      }
    }
  },
  {
    "id": "bega-so-light-cheese-slices-tasty-extra-light-12-pack",
    "brand": "Bega",
    "name": "Light & Tasty Natural Cheese Slices 12 pack",
    "imageUrl": "https://shop.coles.com.au/wcsstore/Coles-CAS/images/9/4/0/9400960-th.jpg",
    "categories": ["dairy-eggs-meals"],
    "tags": ["chese", "sliced-chese"],
    "locations": {
      "vic": {
        "price": 6,
        "promoText": " ",
        "packageSize": "250g",
        "packagePrice": "$2.40 per 100G"
      }
    }
  },
  {
    "id": "coles-cheese-australian-tasty-light-slices",
    "brand": "Coles",
    "name": "Tasty Light Cheddar Cheese Slices 12 Pack",
    "imageUrl": "https://shop.coles.com.au/wcsstore/Coles-CAS/images/1/4/7/1472184-th.jpg",
    "categories": ["dairy-eggs-meals"],
    "tags": ["chese", "sliced-chese"],
    "locations": {
      "vic": {
        "price": 4.4,
        "promoText": " ",
        "packageSize": "250g",
        "packagePrice": "$1.76 per 100G"
      }
    }
  },
  {
    "id": "coles-wensleydale-cranberry-3331784p",
    "brand": "Coles",
    "name": "Wensleydale With Cranberries",
    "imageUrl": "https://shop.coles.com.au/wcsstore/Coles-CAS/images/3/3/3/3331784-th.jpg",
    "categories": ["dairy-eggs-meals"],
    "tags": ["chese", "sliced-chese"],
    "locations": {
      "vic": {
        "price": 0,
        "promoText": " ",
        "packageSize": "200g",
        "packagePrice": ""
      }
    }
  },
  {
    "id": "devondale-regular-cheese-slices",
    "brand": "Devondale",
    "name": "Sandwich Cheese Slices 36 Pack",
    "imageUrl": "https://shop.coles.com.au/wcsstore/Coles-CAS/images/2/7/9/2791814-th.jpg",
    "categories": ["dairy-eggs-meals"],
    "tags": ["chese", "sliced-chese"],
    "locations": {
      "vic": {
        "price": 6.9,
        "promoText": " ",
        "packageSize": "750g",
        "packagePrice": "$0.92 per 100G"
      }
    }
  },
  {
    "id": "sheese-mature-cheddar-style-slices",
    "brand": "Sheese",
    "name": "Mature Cheddar Style Slices",
    "imageUrl": "https://shop.coles.com.au/wcsstore/Coles-CAS/images/3/5/6/3561503-th.jpg",
    "categories": ["dairy-eggs-meals"],
    "tags": ["chese", "sliced-chese"],
    "locations": {
      "vic": {
        "price": 6.5,
        "promoText": " ",
        "packageSize": "200g",
        "packagePrice": "$32.50 per 1Kg"
      }
    }
  },
  {
    "id": "chobani-flip--strawberry-cheesecake-yoghurt",
    "brand": "Chobani",
    "name": "Flip Strawberry Shortcake Yoghurt",
    "imageUrl": "https://shop.coles.com.au/wcsstore/Coles-CAS/images/2/9/7/2974982-th.jpg",
    "categories": ["dairy-eggs-meals"],
    "tags": ["dairy", "yoghurt"],
    "locations": {
      "vic": {
        "price": 3,
        "promoText": " ",
        "packageSize": "140g",
        "packagePrice": "$2.14 per 100G"
      }
    }
  },
  {
    "id": "chobani--flip-almond-coco-loco-yoghurt",
    "brand": "Chobani",
    "name": "Flip Almond Coco Loco Yoghurt",
    "imageUrl": "https://shop.coles.com.au/wcsstore/Coles-CAS/images/2/9/7/2974891-th.jpg",
    "categories": ["dairy-eggs-meals"],
    "tags": ["dairy", "yoghurt"],
    "locations": {
      "vic": {
        "price": 3,
        "promoText": " ",
        "packageSize": "140g",
        "packagePrice": "$2.14 per 100G"
      }
    }
  },
  {
    "id": "chobani--flip-salted-caramel-crunch-yoghurt",
    "brand": "Chobani",
    "name": "Flip Salted Caramel Crunch Yoghurt",
    "imageUrl": "https://shop.coles.com.au/wcsstore/Coles-CAS/images/2/9/7/2974950-th.jpg",
    "categories": ["dairy-eggs-meals"],
    "tags": ["dairy", "yoghurt"],
    "locations": {
      "vic": {
        "price": 3,
        "promoText": " ",
        "packageSize": "140g",
        "packagePrice": "$2.14 per 100G"
      }
    }
  },
  {
    "id": "farmers-union-yoghurt-greek-style-natural-5266865p",
    "brand": "Farmers Union",
    "name": "Greek Style Natural Yoghurt",
    "imageUrl": "https://shop.coles.com.au/wcsstore/Coles-CAS/images/5/2/6/5266865-th.jpg",
    "categories": ["dairy-eggs-meals"],
    "tags": ["dairy", "yoghurt"],
    "locations": {
      "vic": {
        "price": 5.5,
        "promoText": " ",
        "packageSize": "1kg",
        "packagePrice": "$0.55 per 100G"
      }
    }
  },
  {
    "id": "jalna-yoghurt-greek-style-natural",
    "brand": "Jalna",
    "name": "Pot Set Greek Style Natural Yoghurt",
    "imageUrl": "https://shop.coles.com.au/wcsstore/Coles-CAS/images/7/2/5/7250935-th.jpg",
    "categories": ["dairy-eggs-meals"],
    "tags": ["dairy", "yoghurt"],
    "locations": {
      "vic": {
        "price": 7.5,
        "promoText": " ",
        "packageSize": "1kg",
        "packagePrice": "$0.75 per 100G"
      }
    }
  },
  {
    "id": "tamar-valley-kids-valley-strawberry-yoghurt-pouch",
    "brand": "Tamar Valley",
    "name": "Kids Greek Strawberry Yoghurt Pouch",
    "imageUrl": "https://shop.coles.com.au/wcsstore/Coles-CAS/images/2/7/4/2744359-th.jpg",
    "categories": ["dairy-eggs-meals"],
    "tags": ["dairy", "yoghurt"],
    "locations": {
      "vic": {
        "price": 1.7,
        "promoText": " ",
        "packageSize": "110g",
        "packagePrice": "$1.55 per 100G"
      }
    }
  },
  {
    "id": "farmers-union-yoghurt-greek-style-natural-5588963p",
    "brand": "Farmers Union",
    "name": "Greek Style Natural Yoghurt",
    "imageUrl": "https://shop.coles.com.au/wcsstore/Coles-CAS/images/5/5/8/5588963-th.jpg",
    "categories": ["dairy-eggs-meals"],
    "tags": ["dairy", "yoghurt"],
    "locations": {
      "vic": {
        "price": 4.3,
        "promoText": " ",
        "packageSize": "500g",
        "packagePrice": "$0.86 per 100G"
      }
    }
  },
  {
    "id": "vaalia-yoghurt-kids-pouch-strawberry",
    "brand": "Vaalia",
    "name": "Kids Strawberry Yoghurt Pouch",
    "imageUrl": "https://shop.coles.com.au/wcsstore/Coles-CAS/images/7/2/4/7246880-th.jpg",
    "categories": ["dairy-eggs-meals"],
    "tags": ["dairy", "yoghurt"],
    "locations": {
      "vic": {
        "price": 1.6,
        "promoText": " ",
        "packageSize": "140g",
        "packagePrice": "$1.14 per 100G"
      }
    }
  },
  {
    "id": "tamar-valley-kids-greek-tropical-yoghurt-pouch",
    "brand": "Tamar Valley",
    "name": "Kids Natural Greek Tropical Yoghurt Pouch",
    "imageUrl": "https://shop.coles.com.au/wcsstore/Coles-CAS/images/2/7/4/2744360-th.jpg",
    "categories": ["dairy-eggs-meals"],
    "tags": ["dairy", "yoghurt"],
    "locations": {
      "vic": {
        "price": 1.7,
        "promoText": " ",
        "packageSize": "110g",
        "packagePrice": "$1.55 per 100G"
      }
    }
  },
  {
    "id": "tamar-valley-kids-greek-pouch-yoghurt-raspberry",
    "brand": "Tamar Valley",
    "name": "Kids Greek Natural Raspberry Yoghurt Pouch",
    "imageUrl": "https://shop.coles.com.au/wcsstore/Coles-CAS/images/3/2/4/3245570-th.jpg",
    "categories": ["dairy-eggs-meals"],
    "tags": ["dairy", "yoghurt"],
    "locations": {
      "vic": {
        "price": 1.7,
        "promoText": " ",
        "packageSize": "110g",
        "packagePrice": "$1.55 per 100G"
      }
    }
  },
  {
    "id": "chobani-yoghurt-plain-1435100p",
    "brand": "Chobani",
    "name": "Low Fat Plain Yoghurt",
    "imageUrl": "https://shop.coles.com.au/wcsstore/Coles-CAS/images/1/4/3/1435100-th.jpg",
    "categories": ["dairy-eggs-meals"],
    "tags": ["dairy", "yoghurt"],
    "locations": {
      "vic": {
        "price": 5.5,
        "promoText": "$1.00 ",
        "packageSize": "907g",
        "packagePrice": "$0.61 per 100G"
      }
    }
  },
  {
    "id": "tamar-valley-greek-yoghurt",
    "brand": "Tamar Valley",
    "name": "Greek Yoghurt",
    "imageUrl": "https://shop.coles.com.au/wcsstore/Coles-CAS/images/2/1/3/2130299-th.jpg",
    "categories": ["dairy-eggs-meals"],
    "tags": ["dairy", "yoghurt"],
    "locations": {
      "vic": {
        "price": 6.2,
        "promoText": " ",
        "packageSize": "1kg",
        "packagePrice": "$0.62 per 100G"
      }
    }
  },
  {
    "id": "tamar-valley-kids-greek-vanilla-yoghurt-pouch",
    "brand": "Tamar Valley",
    "name": "Kids Greek Vanilla Yoghurt Pouch",
    "imageUrl": "https://shop.coles.com.au/wcsstore/Coles-CAS/images/2/7/4/2744348-th.jpg",
    "categories": ["dairy-eggs-meals"],
    "tags": ["dairy", "yoghurt"],
    "locations": {
      "vic": {
        "price": 1.7,
        "promoText": " ",
        "packageSize": "110g",
        "packagePrice": "$1.55 per 100G"
      }
    }
  },
  {
    "id": "farmers-union-regular-greek-yoghurt",
    "brand": "Farmers Union",
    "name": "Regular Greek Yoghurt 4 pack",
    "imageUrl": "https://shop.coles.com.au/wcsstore/Coles-CAS/images/1/8/7/1870573-th.jpg",
    "categories": ["dairy-eggs-meals"],
    "tags": ["dairy", "yoghurt"],
    "locations": {
      "vic": {
        "price": 4.2,
        "promoText": "$1.00 ",
        "packageSize": "640g",
        "packagePrice": "$0.66 per 100G"
      }
    }
  },
  {
    "id": "gippsland-dairy-yoghurt-smooth-creamy-twist",
    "brand": "Gippsland Dairy",
    "name": "Smooth & Creamy Yoghurt",
    "imageUrl": "https://shop.coles.com.au/wcsstore/Coles-CAS/images/6/5/6/6560008-th.jpg",
    "categories": ["dairy-eggs-meals"],
    "tags": ["dairy", "yoghurt"],
    "locations": {
      "vic": {
        "price": 7,
        "promoText": " ",
        "packageSize": "720g",
        "packagePrice": "$0.97 per 100G"
      }
    }
  },
  {
    "id": "chobani-yogurt-strawberry",
    "brand": "Chobani",
    "name": "Strawberry Yoghurt Pot",
    "imageUrl": "https://shop.coles.com.au/wcsstore/Coles-CAS/images/9/9/0/9907236-th.jpg",
    "categories": ["dairy-eggs-meals"],
    "tags": ["dairy", "yoghurt"],
    "locations": {
      "vic": {
        "price": 1.8,
        "promoText": "Was $2.00 on May 2020 ",
        "packageSize": "170g",
        "packagePrice": "$1.06 per 100G"
      }
    }
  },
  {
    "id": "five%3Aam-yoghurt-vanilla-bean",
    "brand": "Five:AM",
    "name": "Organic Vanilla Bean Yoghurt",
    "imageUrl": "https://shop.coles.com.au/wcsstore/Coles-CAS/images/1/4/3/1436125-th.jpg",
    "categories": ["dairy-eggs-meals", "healthy-living"],
    "tags": ["dairy", "yoghurt"],
    "locations": {
      "vic": {
        "price": 6,
        "promoText": "Was $7.00 on Jan 2017 ",
        "packageSize": "700g",
        "packagePrice": "$0.86 per 100G"
      }
    }
  },
  {
    "id": "coles-greek-style-yoghurt",
    "brand": "Coles",
    "name": "Greek Style Natural Yoghurt",
    "imageUrl": "https://shop.coles.com.au/wcsstore/Coles-CAS/images/2/2/7/2273478-th.jpg",
    "categories": ["dairy-eggs-meals"],
    "tags": ["dairy", "yoghurt"],
    "locations": {
      "vic": {
        "price": 3.9,
        "promoText": " ",
        "packageSize": "1kg",
        "packagePrice": "$0.39 per 100G"
      }
    }
  },
  {
    "id": "jalna-yoghurt-premium-creamy-vanilla",
    "brand": "Jalna",
    "name": "Pot Set Creamy Vanilla Yoghurt",
    "imageUrl": "https://shop.coles.com.au/wcsstore/Coles-CAS/images/8/7/2/8724423-th.jpg",
    "categories": ["dairy-eggs-meals"],
    "tags": ["dairy", "yoghurt"],
    "locations": {
      "vic": {
        "price": 7.5,
        "promoText": " ",
        "packageSize": "1kg",
        "packagePrice": "$0.75 per 100G"
      }
    }
  },
  {
    "id": "yoplait-yoghurt-squeezie-pouch-strawberry",
    "brand": "Yoplait",
    "name": "Petit Miam Squeezie Strawberry Yoghurt Pouch",
    "imageUrl": "https://shop.coles.com.au/wcsstore/Coles-CAS/images/6/5/6/6569239-th.jpg",
    "categories": ["dairy-eggs-meals"],
    "tags": ["dairy", "yoghurt"],
    "locations": {
      "vic": {
        "price": 0.9,
        "promoText": "Was $1.00 on Jun 2019 ",
        "packageSize": "70g",
        "packagePrice": "$1.29 per 100G"
      }
    }
  },
  {
    "id": "coles-yoghurt-squeezie-banana",
    "brand": "Coles",
    "name": "Banana Yoghurt Pouch",
    "imageUrl": "https://shop.coles.com.au/wcsstore/Coles-CAS/images/1/0/1/1013493-th.jpg",
    "categories": ["dairy-eggs-meals"],
    "tags": ["dairy", "yoghurt"],
    "locations": {
      "vic": {
        "price": 0.75,
        "promoText": " ",
        "packageSize": "70g",
        "packagePrice": "$1.07 per 100G"
      }
    }
  },
  {
    "id": "coles-yoghurt-squeezie-strawberry",
    "brand": "Coles",
    "name": "Strawberry Yoghurt Pouch",
    "imageUrl": "https://shop.coles.com.au/wcsstore/Coles-CAS/images/1/0/1/1013471-th.jpg",
    "categories": ["dairy-eggs-meals"],
    "tags": ["dairy", "yoghurt"],
    "locations": {
      "vic": {
        "price": 0.75,
        "promoText": " ",
        "packageSize": "70g",
        "packagePrice": "$1.07 per 100G"
      }
    }
  },
  {
    "id": "jalna-yoghurt-greek-style-natural-5763167p",
    "brand": "Jalna",
    "name": "Pot Set Greek Style Natural Yoghurt",
    "imageUrl": "https://shop.coles.com.au/wcsstore/Coles-CAS/images/5/7/6/5763167-th.jpg",
    "categories": ["dairy-eggs-meals"],
    "tags": ["dairy", "yoghurt"],
    "locations": {
      "vic": {
        "price": 11.95,
        "promoText": " ",
        "packageSize": "2kg",
        "packagePrice": "$0.60 per 100G"
      }
    }
  },
  {
    "id": "chobani-yoghurt-pouch-strawberry",
    "brand": "Chobani",
    "name": "Strawberry Yoghurt Pouch",
    "imageUrl": "https://shop.coles.com.au/wcsstore/Coles-CAS/images/1/4/3/1434684-th.jpg",
    "categories": ["dairy-eggs-meals"],
    "tags": ["dairy", "yoghurt"],
    "locations": {
      "vic": {
        "price": 2.25,
        "promoText": " ",
        "packageSize": "140g",
        "packagePrice": "$1.61 per 100G"
      }
    }
  },
  {
    "id": "tamar-valley-kids-greek-pouch-yoghurt-blueberry",
    "brand": "Tamar Valley",
    "name": "Kids Greek Blueberry Yoghurt Pouch",
    "imageUrl": "https://shop.coles.com.au/wcsstore/Coles-CAS/images/3/0/8/3089157-th.jpg",
    "categories": ["dairy-eggs-meals"],
    "tags": ["dairy", "yoghurt"],
    "locations": {
      "vic": {
        "price": 1.7,
        "promoText": " ",
        "packageSize": "110g",
        "packagePrice": "$1.55 per 100G"
      }
    }
  },
  {
    "id": "vaalia-yoghurt-kids-pouch-tropical",
    "brand": "Vaalia",
    "name": "Kids Tropical Yoghurt Pouch",
    "imageUrl": "https://shop.coles.com.au/wcsstore/Coles-CAS/images/7/2/4/7246870-th.jpg",
    "categories": ["dairy-eggs-meals"],
    "tags": ["dairy", "yoghurt"],
    "locations": {
      "vic": {
        "price": 1.6,
        "promoText": " ",
        "packageSize": "140g",
        "packagePrice": "$1.14 per 100G"
      }
    }
  },
  {
    "id": "chobani-yoghurt-plain",
    "brand": "Chobani",
    "name": "Plain Yoghurt Pot",
    "imageUrl": "https://shop.coles.com.au/wcsstore/Coles-CAS/images/9/9/0/9906970-th.jpg",
    "categories": ["dairy-eggs-meals"],
    "tags": ["dairy", "yoghurt"],
    "locations": {
      "vic": {
        "price": 1.8,
        "promoText": "Was $2.00 on May 2020 ",
        "packageSize": "170g",
        "packagePrice": "$1.06 per 100G"
      }
    }
  },
  {
    "id": "farmers-union-yoghurt-greek-style-natural",
    "brand": "Farmers Union",
    "name": "Greek Style Natural Yoghurt",
    "imageUrl": "https://shop.coles.com.au/wcsstore/Coles-CAS/images/5/7/3/5735558-th.jpg",
    "categories": ["dairy-eggs-meals"],
    "tags": ["dairy", "yoghurt"],
    "locations": {
      "vic": {
        "price": 2.3,
        "promoText": " ",
        "packageSize": "200g",
        "packagePrice": "$1.15 per 100G"
      }
    }
  },
  {
    "id": "five%3Aam-yoghurt-no-added-sugar-natural",
    "brand": "Five:AM",
    "name": "Organic Natural Yoghurt",
    "imageUrl": "https://shop.coles.com.au/wcsstore/Coles-CAS/images/1/4/3/1436114-th.jpg",
    "categories": ["dairy-eggs-meals", "healthy-living"],
    "tags": ["dairy", "yoghurt"],
    "locations": {
      "vic": {
        "price": 6,
        "promoText": "Was $7.00 on Jan 2017 ",
        "packageSize": "700g",
        "packagePrice": "$0.86 per 100G"
      }
    }
  },
  {
    "id": "chobani-yoghurt-mango",
    "brand": "Chobani",
    "name": "Mango Yoghurt Pot",
    "imageUrl": "https://shop.coles.com.au/wcsstore/Coles-CAS/images/9/9/0/9907010-th.jpg",
    "categories": ["dairy-eggs-meals"],
    "tags": ["dairy", "yoghurt"],
    "locations": {
      "vic": {
        "price": 1.8,
        "promoText": "Was $2.00 on May 2020 ",
        "packageSize": "170g",
        "packagePrice": "$1.06 per 100G"
      }
    }
  },
  {
    "id": "chobani-yoghurt-blueberry",
    "brand": "Chobani",
    "name": "Blueberry Yoghurt Pot",
    "imageUrl": "https://shop.coles.com.au/wcsstore/Coles-CAS/images/9/9/0/9907043-th.jpg",
    "categories": ["dairy-eggs-meals"],
    "tags": ["dairy", "yoghurt"],
    "locations": {
      "vic": {
        "price": 1.8,
        "promoText": "Was $2.00 on May 2020 ",
        "packageSize": "170g",
        "packagePrice": "$1.06 per 100G"
      }
    }
  },
  {
    "id": "chobani-yoghurt-passionfruit",
    "brand": "Chobani",
    "name": "Passion Fruit Yoghurt Pot",
    "imageUrl": "https://shop.coles.com.au/wcsstore/Coles-CAS/images/9/9/0/9907203-th.jpg",
    "categories": ["dairy-eggs-meals"],
    "tags": ["dairy", "yoghurt"],
    "locations": {
      "vic": {
        "price": 1.8,
        "promoText": "Was $2.00 on May 2020 ",
        "packageSize": "170g",
        "packagePrice": "$1.06 per 100G"
      }
    }
  },
  {
    "id": "vaalia-yoghurt-kids-pouch-vanilla",
    "brand": "Vaalia",
    "name": "Kids Vanilla Yoghurt Pouch",
    "imageUrl": "https://shop.coles.com.au/wcsstore/Coles-CAS/images/7/2/4/7246869-th.jpg",
    "categories": ["dairy-eggs-meals"],
    "tags": ["dairy", "yoghurt"],
    "locations": {
      "vic": {
        "price": 1.6,
        "promoText": " ",
        "packageSize": "140g",
        "packagePrice": "$1.14 per 100G"
      }
    }
  },
  {
    "id": "vaalia-yoghurt-kids-pouch-banana",
    "brand": "Vaalia",
    "name": "Probiotics Banana Kids Yoghurt Pouch",
    "imageUrl": "https://shop.coles.com.au/wcsstore/Coles-CAS/images/8/7/0/8704346-th.jpg",
    "categories": ["dairy-eggs-meals"],
    "tags": ["dairy", "yoghurt"],
    "locations": {
      "vic": {
        "price": 1.6,
        "promoText": " ",
        "packageSize": "140g",
        "packagePrice": "$1.14 per 100G"
      }
    }
  },
  {
    "id": "activia-yoghurt-berries-low-fat-4-pack",
    "brand": "Activia",
    "name": "Probiotic Berries Yoghurt 4 pack",
    "imageUrl": "https://shop.coles.com.au/wcsstore/Coles-CAS/images/8/1/6/8169435-th.jpg",
    "categories": ["dairy-eggs-meals"],
    "tags": ["dairy", "yoghurt"],
    "locations": {
      "vic": {
        "price": 4.5,
        "promoText": " ",
        "packageSize": "125g",
        "packagePrice": "$3.60 per 100G"
      }
    }
  },
  {
    "id": "chobani-strawberry-banana-yoghurt",
    "brand": "Chobani",
    "name": "Strawberry & Banana Yoghurt",
    "imageUrl": "https://shop.coles.com.au/wcsstore/Coles-CAS/images/2/3/6/2367221-th.jpg",
    "categories": ["dairy-eggs-meals"],
    "tags": ["dairy", "yoghurt"],
    "locations": {
      "vic": {
        "price": 1.8,
        "promoText": "Was $2.00 on May 2020 ",
        "packageSize": "170g",
        "packagePrice": "$1.06 per 100G"
      }
    }
  },
  {
    "id": "coles-squeezie-blueberry-yoghurt",
    "brand": "Coles",
    "name": "Blueberry Yoghurt Pouch",
    "imageUrl": "https://shop.coles.com.au/wcsstore/Coles-CAS/images/3/0/4/3049742-th.jpg",
    "categories": ["dairy-eggs-meals"],
    "tags": ["dairy", "yoghurt"],
    "locations": {
      "vic": {
        "price": 0.75,
        "promoText": " ",
        "packageSize": "70g",
        "packagePrice": "$1.07 per 100G"
      }
    }
  },
  {
    "id": "farmers-union-greek-style-vanilla-yogurt",
    "brand": "Farmers Union",
    "name": "Greek Style Vanilla Yoghurt",
    "imageUrl": "https://shop.coles.com.au/wcsstore/Coles-CAS/images/2/7/4/2744676-th.jpg",
    "categories": ["dairy-eggs-meals"],
    "tags": ["dairy", "yoghurt"],
    "locations": {
      "vic": {
        "price": 5.5,
        "promoText": " ",
        "packageSize": "950g",
        "packagePrice": "$0.58 per 100G"
      }
    }
  },
  {
    "id": "gippsland-dairy-yoghurt-twist-passionfruit",
    "brand": "Gippsland Dairy",
    "name": "Passionfruit Twist Yoghurt",
    "imageUrl": "https://shop.coles.com.au/wcsstore/Coles-CAS/images/9/9/0/9907994-th.jpg",
    "categories": ["dairy-eggs-meals"],
    "tags": ["dairy", "yoghurt"],
    "locations": {
      "vic": {
        "price": 1.5,
        "promoText": " ",
        "packageSize": "160g",
        "packagePrice": "$0.94 per 100G"
      }
    }
  },
  {
    "id": "tamar-valley-yoghurt-greek-style-170g",
    "brand": "Tamar Valley",
    "name": "Greek Style Natural Yoghurt",
    "imageUrl": "https://shop.coles.com.au/wcsstore/Coles-CAS/images/3/5/5/3558258-th.jpg",
    "categories": ["dairy-eggs-meals"],
    "tags": ["dairy", "yoghurt"],
    "locations": {
      "vic": {
        "price": 1.5,
        "promoText": "$0.75 ",
        "packageSize": "170g",
        "packagePrice": "$0.88 per 100G"
      }
    }
  },
  {
    "id": "yoplait-squeezie-vanilla-yoghurt-pouch",
    "brand": "Yoplait",
    "name": "Petit Miam Vanilla Yoghurt Pouch",
    "imageUrl": "https://shop.coles.com.au/wcsstore/Coles-CAS/images/2/7/4/2744734-th.jpg",
    "categories": ["dairy-eggs-meals"],
    "tags": ["dairy", "yoghurt"],
    "locations": {
      "vic": {
        "price": 0.9,
        "promoText": "Was $1.00 on Jun 2019 ",
        "packageSize": "70g",
        "packagePrice": "$1.29 per 100G"
      }
    }
  },
  {
    "id": "coles-yoghurt-strawberry",
    "brand": "Coles",
    "name": "Strawberry Yoghurt",
    "imageUrl": "https://shop.coles.com.au/wcsstore/Coles-CAS/images/9/5/5/9554497-th.jpg",
    "categories": ["dairy-eggs-meals"],
    "tags": ["dairy", "yoghurt"],
    "locations": {
      "vic": {
        "price": 3.5,
        "promoText": " ",
        "packageSize": "1kg",
        "packagePrice": "$3.50 per 1Kg"
      }
    }
  },
  {
    "id": "coles-yoghurt-squeezie-vanilla",
    "brand": "Coles",
    "name": "Vanilla Yoghurt Pouch",
    "imageUrl": "https://shop.coles.com.au/wcsstore/Coles-CAS/images/1/0/1/1013675-th.jpg",
    "categories": ["dairy-eggs-meals"],
    "tags": ["dairy", "yoghurt"],
    "locations": {
      "vic": {
        "price": 0.75,
        "promoText": " ",
        "packageSize": "70g",
        "packagePrice": "$1.07 per 100G"
      }
    }
  },
  {
    "id": "jalna-yoghurt-biodynamic-organic-whole-milk",
    "brand": "Jalna",
    "name": "Pot Set Organic Bio Dynamic Whole Milk Yoghurt",
    "imageUrl": "https://shop.coles.com.au/wcsstore/Coles-CAS/images/9/0/5/9056707-th.jpg",
    "categories": ["dairy-eggs-meals", "healthy-living"],
    "tags": ["dairy", "yoghurt"],
    "locations": {
      "vic": {
        "price": 7.95,
        "promoText": " ",
        "packageSize": "1kg",
        "packagePrice": "$7.95 per 1Kg"
      }
    }
  },
  {
    "id": "yoplait-yoghurt-squeezie-pouch-blueberry",
    "brand": "Yoplait",
    "name": "Petit Miam Blueberry Yoghurt Squeezie Pouch",
    "imageUrl": "https://shop.coles.com.au/wcsstore/Coles-CAS/images/8/1/2/8126057-th.jpg",
    "categories": ["dairy-eggs-meals"],
    "tags": ["dairy", "yoghurt"],
    "locations": {
      "vic": {
        "price": 0.9,
        "promoText": "Was $1.00 on Jun 2019 ",
        "packageSize": "70g",
        "packagePrice": "$1.29 per 100G"
      }
    }
  },
  {
    "id": "chobani-yoghurt-pouch-blueberry",
    "brand": "Chobani",
    "name": "Blueberry Yoghurt Pouch",
    "imageUrl": "https://shop.coles.com.au/wcsstore/Coles-CAS/images/1/4/3/1434720-th.jpg",
    "categories": ["dairy-eggs-meals"],
    "tags": ["dairy", "yoghurt"],
    "locations": {
      "vic": {
        "price": 2.25,
        "promoText": " ",
        "packageSize": "140g",
        "packagePrice": "$1.61 per 100G"
      }
    }
  },
  {
    "id": "chobani-raspberry-yoghurt-pouch",
    "brand": "Chobani",
    "name": "Raspberry Yoghurt Pouch",
    "imageUrl": "https://shop.coles.com.au/wcsstore/Coles-CAS/images/1/8/7/1872885-th.jpg",
    "categories": ["dairy-eggs-meals"],
    "tags": ["dairy", "yoghurt"],
    "locations": {
      "vic": {
        "price": 2.25,
        "promoText": " ",
        "packageSize": "140g",
        "packagePrice": "$1.61 per 100G"
      }
    }
  },
  {
    "id": "gippsland-twist-toffee-honeycomb-yoghurt",
    "brand": "Gippsland Dairy",
    "name": "Toffee & Honeycomb Twist Yoghurt",
    "imageUrl": "https://shop.coles.com.au/wcsstore/Coles-CAS/images/1/8/7/1872900-th.jpg",
    "categories": ["dairy-eggs-meals"],
    "tags": ["dairy", "yoghurt"],
    "locations": {
      "vic": {
        "price": 7,
        "promoText": " ",
        "packageSize": "720g",
        "packagePrice": "$0.97 per 100G"
      }
    }
  },
  {
    "id": "jalna-yoghurt-natural-fat-free",
    "brand": "Jalna",
    "name": "Pot Set Fat Free Natural Yoghurt",
    "imageUrl": "https://shop.coles.com.au/wcsstore/Coles-CAS/images/4/5/5/455827-th.jpg",
    "categories": ["dairy-eggs-meals"],
    "tags": ["dairy", "yoghurt"],
    "locations": {
      "vic": {
        "price": 7.5,
        "promoText": " ",
        "packageSize": "1kg",
        "packagePrice": "$0.75 per 100G"
      }
    }
  },
  {
    "id": "jalna-yoghurt-greek-style-sweet-creamy",
    "brand": "Jalna",
    "name": "Greek Style Sweet & Creamy Yoghurt",
    "imageUrl": "https://shop.coles.com.au/wcsstore/Coles-CAS/images/1/4/3/1438540-th.jpg",
    "categories": ["dairy-eggs-meals"],
    "tags": ["dairy", "yoghurt"],
    "locations": {
      "vic": {
        "price": 7.5,
        "promoText": " ",
        "packageSize": "1kg",
        "packagePrice": "$0.75 per 100G"
      }
    }
  },
  {
    "id": "yoplait-yoghurt-mango",
    "brand": "Yoplait",
    "name": "Mango Yoghurt",
    "imageUrl": "https://shop.coles.com.au/wcsstore/Coles-CAS/images/5/8/9/5892512-th.jpg",
    "categories": ["dairy-eggs-meals"],
    "tags": ["dairy", "yoghurt"],
    "locations": {
      "vic": {
        "price": 4,
        "promoText": " ",
        "packageSize": "1kg",
        "packagePrice": "$0.40 per 100G"
      }
    }
  },
  {
    "id": "coyo-organic-yoghurt-vanilla-bean",
    "brand": "Coyo",
    "name": "Organic Coconut With Vanilla Bean Yoghurt",
    "imageUrl": "https://shop.coles.com.au/wcsstore/Coles-CAS/images/2/9/9/2993466-th.jpg",
    "categories": ["dairy-eggs-meals"],
    "tags": ["dairy", "yoghurt"],
    "locations": {
      "vic": {
        "price": 10,
        "promoText": " ",
        "packageSize": "500g",
        "packagePrice": "$2.00 per 100G"
      }
    }
  },
  {
    "id": "df-thick-creamy-apricot-vanilla-yoghurt",
    "brand": "Dairy Farmers",
    "name": "Thick & Creamy Apricot Vanilla Yoghurt",
    "imageUrl": "https://shop.coles.com.au/wcsstore/Coles-CAS/images/3/2/4/3242786-th.jpg",
    "categories": ["dairy-eggs-meals"],
    "tags": ["dairy", "yoghurt"],
    "locations": {
      "vic": {
        "price": 2.2,
        "promoText": " ",
        "packageSize": "150g",
        "packagePrice": "$1.47 per 100G"
      }
    }
  },
  {
    "id": "farmers-union-greek-yoghurt-strawberry-pouch",
    "brand": "Farmers Union",
    "name": "Greek Style Strawberry Yoghurt Pouch",
    "imageUrl": "https://shop.coles.com.au/wcsstore/Coles-CAS/images/3/2/5/3251415-th.jpg",
    "categories": ["dairy-eggs-meals"],
    "tags": ["dairy", "yoghurt"],
    "locations": {
      "vic": {
        "price": 1.5,
        "promoText": "Was $2.25 on Sep 2019 ",
        "packageSize": "130g",
        "packagePrice": "$1.15 per 100G"
      }
    }
  },
  {
    "id": "gippsland-dairy-yoghurt-twist-blueberry",
    "brand": "Gippsland Dairy",
    "name": "Blueberry Twist Yoghurt",
    "imageUrl": "https://shop.coles.com.au/wcsstore/Coles-CAS/images/6/9/4/6941577-th.jpg",
    "categories": ["dairy-eggs-meals"],
    "tags": ["dairy", "yoghurt"],
    "locations": {
      "vic": {
        "price": 7,
        "promoText": " ",
        "packageSize": "720g",
        "packagePrice": "$0.97 per 100G"
      }
    }
  },
  {
    "id": "yoplait-yoghurt-strawberry",
    "brand": "Yoplait",
    "name": "Strawberry Yoghurt",
    "imageUrl": "https://shop.coles.com.au/wcsstore/Coles-CAS/images/5/5/8/5586017-th.jpg",
    "categories": ["dairy-eggs-meals"],
    "tags": ["dairy", "yoghurt"],
    "locations": {
      "vic": {
        "price": 4,
        "promoText": " ",
        "packageSize": "1kg",
        "packagePrice": "$0.40 per 100G"
      }
    }
  },
  {
    "id": "yoplait-yoghurt-vanilla",
    "brand": "Yoplait",
    "name": "Vanilla Yoghurt",
    "imageUrl": "https://shop.coles.com.au/wcsstore/Coles-CAS/images/8/7/1/8716913-th.jpg",
    "categories": ["dairy-eggs-meals"],
    "tags": ["dairy", "yoghurt"],
    "locations": {
      "vic": {
        "price": 4,
        "promoText": " ",
        "packageSize": "1kg",
        "packagePrice": "$4.00 per 1L"
      }
    }
  },
  {
    "id": "yoplait-yoghurt-squeezie-pouch-banana",
    "brand": "Yoplait",
    "name": "Petit Miam Squeezie Banana Yoghurt Pouch",
    "imageUrl": "https://shop.coles.com.au/wcsstore/Coles-CAS/images/6/5/6/6569240-th.jpg",
    "categories": ["dairy-eggs-meals"],
    "tags": ["dairy", "yoghurt"],
    "locations": {
      "vic": {
        "price": 0.9,
        "promoText": "Was $1.00 on Jun 2019 ",
        "packageSize": "70g",
        "packagePrice": "$1.29 per 100G"
      }
    }
  },
  {
    "id": "chobani-yoghurt-raspberry",
    "brand": "Chobani",
    "name": "Raspberry Yoghurt",
    "imageUrl": "https://shop.coles.com.au/wcsstore/Coles-CAS/images/1/1/9/1198297-th.jpg",
    "categories": ["dairy-eggs-meals"],
    "tags": ["dairy", "yoghurt"],
    "locations": {
      "vic": {
        "price": 1.8,
        "promoText": "Was $2.00 on May 2020 ",
        "packageSize": "170g",
        "packagePrice": "$1.06 per 100G"
      }
    }
  },
  {
    "id": "chobani-greek-whole-milk-4-yoghurt",
    "brand": "Chobani",
    "name": "Whole Milk Plain Yoghurt",
    "imageUrl": "https://shop.coles.com.au/wcsstore/Coles-CAS/images/2/7/4/2745340-th.jpg",
    "categories": ["dairy-eggs-meals"],
    "tags": ["dairy", "yoghurt"],
    "locations": {
      "vic": {
        "price": 5.5,
        "promoText": "$1.00 ",
        "packageSize": "907g",
        "packagePrice": "$0.61 per 100G"
      }
    }
  },
  {
    "id": "chobani-yoghurt-vanilla-pouch",
    "brand": "Chobani",
    "name": "Vanilla Yoghurt Pouch",
    "imageUrl": "https://shop.coles.com.au/wcsstore/Coles-CAS/images/3/0/8/3088110-th.jpg",
    "categories": ["dairy-eggs-meals"],
    "tags": ["dairy", "yoghurt"],
    "locations": {
      "vic": {
        "price": 2.25,
        "promoText": " ",
        "packageSize": "140g",
        "packagePrice": "$1.61 per 100G"
      }
    }
  },
  {
    "id": "coles-yoghurt-vanilla-98%25-fat-free",
    "brand": "Coles",
    "name": "Vanilla Yoghurt",
    "imageUrl": "https://shop.coles.com.au/wcsstore/Coles-CAS/images/9/5/5/9554500-th.jpg",
    "categories": ["dairy-eggs-meals"],
    "tags": ["dairy", "yoghurt"],
    "locations": {
      "vic": {
        "price": 3.5,
        "promoText": " ",
        "packageSize": "1kg",
        "packagePrice": "$3.50 per 1Kg"
      }
    }
  },
  {
    "id": "coles-light-greek-style-yoghurt",
    "brand": "Coles",
    "name": "Light Greek Style Yoghurt",
    "imageUrl": "https://shop.coles.com.au/wcsstore/Coles-CAS/images/2/2/7/2273489-th.jpg",
    "categories": ["dairy-eggs-meals"],
    "tags": ["dairy", "yoghurt"],
    "locations": {
      "vic": {
        "price": 3.9,
        "promoText": " ",
        "packageSize": "1kg",
        "packagePrice": "$0.39 per 100G"
      }
    }
  },
  {
    "id": "dairy-farmers-yoghurt-thick-creamy-strawberry-1198468p",
    "brand": "Dairy Farmers",
    "name": "Thick N Creamy Strawberry Yoghurt",
    "imageUrl": "https://shop.coles.com.au/wcsstore/Coles-CAS/images/1/1/9/1198468-th.jpg",
    "categories": ["dairy-eggs-meals"],
    "tags": ["dairy", "yoghurt"],
    "locations": {
      "vic": {
        "price": 2.2,
        "promoText": " ",
        "packageSize": "150g",
        "packagePrice": "$1.47 per 100G"
      }
    }
  },
  {
    "id": "dairy-farmers-yoghurt-thick-creamy-mango-passionfruit-1198435p",
    "brand": "Dairy Farmers",
    "name": "Thick N Creamy Mango Passionfruit Yoghurt",
    "imageUrl": "https://shop.coles.com.au/wcsstore/Coles-CAS/images/1/1/9/1198435-th.jpg",
    "categories": ["dairy-eggs-meals"],
    "tags": ["dairy", "yoghurt"],
    "locations": {
      "vic": {
        "price": 4,
        "promoText": " ",
        "packageSize": "600g",
        "packagePrice": "$0.67 per 100G"
      }
    }
  },
  {
    "id": "vaalia-yoghurt-pouch-kids-strawberry-lactose-free",
    "brand": "Vaalia",
    "name": "Kids Lactose Free Strawberry Yoghurt",
    "imageUrl": "https://shop.coles.com.au/wcsstore/Coles-CAS/images/1/4/9/1495259-th.jpg",
    "categories": ["dairy-eggs-meals"],
    "tags": ["dairy", "yoghurt"],
    "locations": {
      "vic": {
        "price": 1.6,
        "promoText": " ",
        "packageSize": "140g",
        "packagePrice": "$1.14 per 100G"
      }
    }
  },
  {
    "id": "yoplait-petit-miam-mango-70g",
    "brand": "Yoplait",
    "name": "Petit Miam Mango Yoghurt Pouch",
    "imageUrl": "https://shop.coles.com.au/wcsstore/Coles-CAS/images/3/5/3/3536368-th.jpg",
    "categories": ["dairy-eggs-meals"],
    "tags": ["dairy", "yoghurt"],
    "locations": {
      "vic": {
        "price": 0.9,
        "promoText": "Was $1.00 on Sep 2019 ",
        "packageSize": "70g",
        "packagePrice": "$1.29 per 100G"
      }
    }
  },
  {
    "id": "cocobella-coconut-yoghurt-vanilla",
    "brand": "Cocobella",
    "name": "Dairy Free Vanilla Coconut Yoghurt",
    "imageUrl": "https://shop.coles.com.au/wcsstore/Coles-CAS/images/3/2/4/3246415-th.jpg",
    "categories": ["dairy-eggs-meals"],
    "tags": ["dairy", "yoghurt"],
    "locations": {
      "vic": {
        "price": 6,
        "promoText": "Was $6.50 on Oct 2018 ",
        "packageSize": "500g",
        "packagePrice": "$1.20 per 100G"
      }
    }
  },
  {
    "id": "dairy-farmers-yoghurt-thick-creamy-caramelised-fig",
    "brand": "Dairy Farmers",
    "name": "Thick & Creamy Caramelised Fig Yoghurt",
    "imageUrl": "https://shop.coles.com.au/wcsstore/Coles-CAS/images/1/1/9/1198118-th.jpg",
    "categories": ["dairy-eggs-meals"],
    "tags": ["dairy", "yoghurt"],
    "locations": {
      "vic": {
        "price": 2.2,
        "promoText": " ",
        "packageSize": "150g",
        "packagePrice": "$1.47 per 100G"
      }
    }
  },
  {
    "id": "danone-ultimate-greek-yoghurt-4pk-vanilla",
    "brand": "Danone",
    "name": "Ultimate Limited Edition Creamy Salted Caramel Yoghurt",
    "imageUrl": "https://shop.coles.com.au/wcsstore/Coles-CAS/images/3/3/1/3310161-th.jpg",
    "categories": ["dairy-eggs-meals"],
    "tags": ["dairy", "yoghurt"],
    "locations": {
      "vic": {
        "price": 4.5,
        "promoText": " ",
        "packageSize": "4 pack",
        "packagePrice": "$0.98 per 100G"
      }
    }
  },
  {
    "id": "farmers-union-yoghurt-greek-style-natural-light",
    "brand": "Farmers Union",
    "name": "Light Greek Style Natural Yoghurt",
    "imageUrl": "https://shop.coles.com.au/wcsstore/Coles-CAS/images/6/5/6/6567776-th.jpg",
    "categories": ["dairy-eggs-meals"],
    "tags": ["dairy", "yoghurt"],
    "locations": {
      "vic": {
        "price": 5.5,
        "promoText": " ",
        "packageSize": "1kg",
        "packagePrice": "$0.55 per 100G"
      }
    }
  },
  {
    "id": "jalna-sweet-creamy-greek-yoghurt-with-coconut",
    "brand": "Jalna",
    "name": "Pot Set Coconut Yoghurt",
    "imageUrl": "https://shop.coles.com.au/wcsstore/Coles-CAS/images/2/2/3/2235480-th.jpg",
    "categories": ["dairy-eggs-meals"],
    "tags": ["dairy", "yoghurt"],
    "locations": {
      "vic": {
        "price": 7.5,
        "promoText": " ",
        "packageSize": "1kg",
        "packagePrice": "$0.75 per 100G"
      }
    }
  },
  {
    "id": "yoplait-6x160g-yoghurt-berry-punnet",
    "brand": "Yoplait",
    "name": "Berry Punnet Yoghurt 160g",
    "imageUrl": "https://shop.coles.com.au/wcsstore/Coles-CAS/images/3/6/1/3619567-th.jpg",
    "categories": ["dairy-eggs-meals"],
    "tags": ["dairy", "yoghurt"],
    "locations": {
      "vic": {
        "price": 5,
        "promoText": " ",
        "packageSize": "6 Pack",
        "packagePrice": "$0.52 per 100G"
      }
    }
  },
  {
    "id": "chobani-low-fat-lemon-yoghurt",
    "brand": "Chobani",
    "name": "Low Fat Lemon Yoghurt",
    "imageUrl": "https://shop.coles.com.au/wcsstore/Coles-CAS/images/1/4/3/1434629-th.jpg",
    "categories": ["dairy-eggs-meals"],
    "tags": ["dairy", "yoghurt"],
    "locations": {
      "vic": {
        "price": 1.8,
        "promoText": "Was $2.00 on May 2020 ",
        "packageSize": "170g",
        "packagePrice": "$1.06 per 100G"
      }
    }
  },
  {
    "id": "farmers-union-greek-yoghurt-pouch-3087060p",
    "brand": "Farmers Union",
    "name": "Greek Style Vanilla Bean Yoghurt",
    "imageUrl": "https://shop.coles.com.au/wcsstore/Coles-CAS/images/3/0/8/3087060-th.jpg",
    "categories": ["dairy-eggs-meals"],
    "tags": ["dairy", "yoghurt"],
    "locations": {
      "vic": {
        "price": 1.5,
        "promoText": "Was $2.25 on Sep 2019 ",
        "packageSize": "130g",
        "packagePrice": "$1.15 per 100G"
      }
    }
  },
  {
    "id": "pauls-custard-vanilla-1199234p",
    "brand": "Pauls",
    "name": "Milky Max Vanilla Custard",
    "imageUrl": "https://shop.coles.com.au/wcsstore/Coles-CAS/images/1/1/9/1199234-th.jpg",
    "categories": ["dairy-eggs-meals"],
    "tags": ["dairy", "yoghurt"],
    "locations": {
      "vic": {
        "price": 1.5,
        "promoText": " ",
        "packageSize": "70g",
        "packagePrice": "$2.14 per 100G"
      }
    }
  },
  {
    "id": "cocobella-coconut-yoghurt-toppers-passionfruit",
    "brand": "Cocobella",
    "name": "Passionfruit Coconut Yoghurt",
    "imageUrl": "https://shop.coles.com.au/wcsstore/Coles-CAS/images/3/2/4/3246460-th.jpg",
    "categories": ["dairy-eggs-meals"],
    "tags": ["dairy", "yoghurt"],
    "locations": {
      "vic": {
        "price": 3.5,
        "promoText": " ",
        "packageSize": "150g",
        "packagePrice": "$2.33 per 100G"
      }
    }
  },
  {
    "id": "danone-ultimate-greek-yoghurt-4pk-strawberry",
    "brand": "Danone",
    "name": "The Ultimate Succulent Strawberry Yoghurt 4x115g",
    "imageUrl": "https://shop.coles.com.au/wcsstore/Coles-CAS/images/3/3/1/3310140-th.jpg",
    "categories": ["dairy-eggs-meals"],
    "tags": ["dairy", "yoghurt"],
    "locations": {
      "vic": {
        "price": 4.5,
        "promoText": " ",
        "packageSize": "4 pack",
        "packagePrice": "$1.13 per 1Ea"
      }
    }
  },
  {
    "id": "gippsland-dairy-yoghurt-twist-blueberry-9907917p",
    "brand": "Gippsland Dairy",
    "name": "Blueberry Twist Yoghurt",
    "imageUrl": "https://shop.coles.com.au/wcsstore/Coles-CAS/images/9/9/0/9907917-th.jpg",
    "categories": ["dairy-eggs-meals"],
    "tags": ["dairy", "yoghurt"],
    "locations": {
      "vic": {
        "price": 1.5,
        "promoText": " ",
        "packageSize": "160g",
        "packagePrice": "$0.94 per 100G"
      }
    }
  },
  {
    "id": "gippsland-dairy-yoghurt-twist-mango-blood-orange-8871723p",
    "brand": "Gippsland Dairy",
    "name": "Mango & Blood Orange Twist Yoghurt",
    "imageUrl": "https://shop.coles.com.au/wcsstore/Coles-CAS/images/8/8/7/8871723-th.jpg",
    "categories": ["dairy-eggs-meals"],
    "tags": ["dairy", "yoghurt"],
    "locations": {
      "vic": {
        "price": 7,
        "promoText": " ",
        "packageSize": "720g",
        "packagePrice": "$0.97 per 100G"
      }
    }
  },
  {
    "id": "jalna-lactose-free-natural-yoghurt",
    "brand": "Jalna",
    "name": "Lactose Free Whole Milk Natural Yoghurt",
    "imageUrl": "https://shop.coles.com.au/wcsstore/Coles-CAS/images/3/2/4/3242968-th.jpg",
    "categories": ["dairy-eggs-meals"],
    "tags": ["dairy", "yoghurt"],
    "locations": {
      "vic": {
        "price": 6.5,
        "promoText": "$1.45 ",
        "packageSize": "1kg",
        "packagePrice": "$6.50 per 1KG"
      }
    }
  },
  {
    "id": "jalna-pouch-of-purity-organic-yoghurt-strawbery",
    "brand": "Jalna",
    "name": "Pouch Of Purity Organic Strawberry Yoghurt",
    "imageUrl": "https://shop.coles.com.au/wcsstore/Coles-CAS/images/3/5/3/3536583-th.jpg",
    "categories": ["dairy-eggs-meals"],
    "tags": ["dairy", "yoghurt"],
    "locations": {
      "vic": {
        "price": 1.7,
        "promoText": " ",
        "packageSize": "100g",
        "packagePrice": "$1.70 per 100G"
      }
    }
  },
  {
    "id": "vaalia-yoghurt-low-fat-french-vanilla-7181195p",
    "brand": "Vaalia",
    "name": "French Vanilla Low Fat Yoghurt",
    "imageUrl": "https://shop.coles.com.au/wcsstore/Coles-CAS/images/7/1/8/7181195-th.jpg",
    "categories": ["dairy-eggs-meals"],
    "tags": ["dairy", "yoghurt"],
    "locations": {
      "vic": {
        "price": 4,
        "promoText": " ",
        "packageSize": "900g",
        "packagePrice": "$0.44 per 100G"
      }
    }
  },
  {
    "id": "yoplait-yoghurt-forme-french-vanilla-no-fat",
    "brand": "Yoplait",
    "name": "Forme French No Fat Vanilla Yoghurt",
    "imageUrl": "https://shop.coles.com.au/wcsstore/Coles-CAS/images/9/0/5/9058101-th.jpg",
    "categories": ["dairy-eggs-meals"],
    "tags": ["dairy", "yoghurt"],
    "locations": {
      "vic": {
        "price": 4,
        "promoText": " ",
        "packageSize": "1kg",
        "packagePrice": "$4.00 per 1Kg"
      }
    }
  },
  {
    "id": "yoplait-6x160g-forme-classics-yoghurt",
    "brand": "Yoplait",
    "name": "Forme Classics Yoghurt 160g",
    "imageUrl": "https://shop.coles.com.au/wcsstore/Coles-CAS/images/3/6/1/3619476-th.jpg",
    "categories": ["dairy-eggs-meals"],
    "tags": ["dairy", "yoghurt"],
    "locations": {
      "vic": {
        "price": 5,
        "promoText": " ",
        "packageSize": "6 Pack",
        "packagePrice": "$0.52 per 100G"
      }
    }
  },
  {
    "id": "chobani-fit-yogurt-vanilla",
    "brand": "Chobani",
    "name": "Fit Vanilla Yoghurt Pot",
    "imageUrl": "https://shop.coles.com.au/wcsstore/Coles-CAS/images/3/2/4/3246787-th.jpg",
    "categories": ["dairy-eggs-meals"],
    "tags": ["dairy", "yoghurt"],
    "locations": {
      "vic": {
        "price": 2.25,
        "promoText": " ",
        "packageSize": "170g",
        "packagePrice": "$1.32 per 100G"
      }
    }
  },
  {
    "id": "chobani-yoghurt-flip-cookies-cream-3246700p",
    "brand": "Chobani",
    "name": "Flip Cookies & Cream Crunch Yoghurt",
    "imageUrl": "https://shop.coles.com.au/wcsstore/Coles-CAS/images/3/2/4/3246700-th.jpg",
    "categories": ["dairy-eggs-meals"],
    "tags": ["dairy", "yoghurt"],
    "locations": {
      "vic": {
        "price": 3,
        "promoText": " ",
        "packageSize": "140g",
        "packagePrice": "$2.14 per 100G"
      }
    }
  },
  {
    "id": "chobani-fit-yogurt-pouch-blueberry",
    "brand": "Chobani",
    "name": "Fit Blueberry Yoghurt Pouch",
    "imageUrl": "https://shop.coles.com.au/wcsstore/Coles-CAS/images/3/2/4/3246834-th.jpg",
    "categories": ["dairy-eggs-meals"],
    "tags": ["dairy", "yoghurt"],
    "locations": {
      "vic": {
        "price": 1.5,
        "promoText": "$0.75 ",
        "packageSize": "140g",
        "packagePrice": "$1.07 per 100G"
      }
    }
  },
  {
    "id": "cocobella-coconut-yoghurt-mango",
    "brand": "Cocobella",
    "name": "Dairy Free Mango Coconut Yoghurt",
    "imageUrl": "https://shop.coles.com.au/wcsstore/Coles-CAS/images/3/2/4/3246437-th.jpg",
    "categories": ["dairy-eggs-meals"],
    "tags": ["dairy", "yoghurt"],
    "locations": {
      "vic": {
        "price": 6,
        "promoText": "Was $6.50 on Oct 2018 ",
        "packageSize": "500g",
        "packagePrice": "$1.20 per 100G"
      }
    }
  },
  {
    "id": "dariy-farmers-yoghurt-thick-creamy-original",
    "brand": "Dairy Farmers",
    "name": "Thick & Creamy Classic Vanilla Yoghurt",
    "imageUrl": "https://shop.coles.com.au/wcsstore/Coles-CAS/images/1/1/9/1198480-th.jpg",
    "categories": ["dairy-eggs-meals"],
    "tags": ["dairy", "yoghurt"],
    "locations": {
      "vic": {
        "price": 4,
        "promoText": " ",
        "packageSize": "600g",
        "packagePrice": "$0.67 per 100G"
      }
    }
  },
  {
    "id": "dairy-farmers-yoghurt-thick-creamy-lemon-cream",
    "brand": "Dairy Farmers",
    "name": "Thick & Creamy Lemon Cream Yoghurt",
    "imageUrl": "https://shop.coles.com.au/wcsstore/Coles-CAS/images/1/1/9/1198537-th.jpg",
    "categories": ["dairy-eggs-meals"],
    "tags": ["dairy", "yoghurt"],
    "locations": {
      "vic": {
        "price": 2.2,
        "promoText": " ",
        "packageSize": "150g",
        "packagePrice": "$1.47 per 100G"
      }
    }
  },
  {
    "id": "farmers-union-greek-yoghurt-pouch",
    "brand": "Farmers Union",
    "name": "Greek Style Yoghurt",
    "imageUrl": "https://shop.coles.com.au/wcsstore/Coles-CAS/images/3/0/8/3087071-th.jpg",
    "categories": ["dairy-eggs-meals"],
    "tags": ["dairy", "yoghurt"],
    "locations": {
      "vic": {
        "price": 1.5,
        "promoText": "Was $2.25 on Sep 2019 ",
        "packageSize": "130g",
        "packagePrice": "$1.15 per 100G"
      }
    }
  },
  {
    "id": "gippsland-dairy-yoghurt-twist-watermelon-strawberry",
    "brand": "Gippsland Dairy",
    "name": "Watermelon & Strawberry Twist Yoghurt",
    "imageUrl": "https://shop.coles.com.au/wcsstore/Coles-CAS/images/1/4/3/1436431-th.jpg",
    "categories": ["dairy-eggs-meals"],
    "tags": ["dairy", "yoghurt"],
    "locations": {
      "vic": {
        "price": 1.5,
        "promoText": " ",
        "packageSize": "160g",
        "packagePrice": "$0.94 per 100G"
      }
    }
  },
  {
    "id": "jalna-greek-sweet-creamy-strawberry-yoghurt",
    "brand": "Jalna",
    "name": "Pot Set Greek Style Sweet & Creamy Strawberry Yoghurt",
    "imageUrl": "https://shop.coles.com.au/wcsstore/Coles-CAS/images/2/7/4/2744701-th.jpg",
    "categories": ["dairy-eggs-meals"],
    "tags": ["dairy", "yoghurt"],
    "locations": {
      "vic": {
        "price": 7.5,
        "promoText": " ",
        "packageSize": "1kg",
        "packagePrice": "$7.50 per 1Kg"
      }
    }
  },
  {
    "id": "pauls-custard-chocolate",
    "brand": "Pauls",
    "name": "Milky Max Chocolate Custard",
    "imageUrl": "https://shop.coles.com.au/wcsstore/Coles-CAS/images/1/1/9/1199223-th.jpg",
    "categories": ["dairy-eggs-meals"],
    "tags": ["dairy", "yoghurt"],
    "locations": {
      "vic": {
        "price": 1.5,
        "promoText": " ",
        "packageSize": "70g",
        "packagePrice": "$2.14 per 100G"
      }
    }
  },
  {
    "id": "tamar-valley-yoghurt-passionfruit-no-added-sugar-9914399p",
    "brand": "Tamar Valley",
    "name": "No Added Sugar Low Fat Passionfruit Greek Style Yoghurt",
    "imageUrl": "https://shop.coles.com.au/wcsstore/Coles-CAS/images/9/9/1/9914399-th.jpg",
    "categories": ["dairy-eggs-meals"],
    "tags": ["dairy", "yoghurt"],
    "locations": {
      "vic": {
        "price": 6.2,
        "promoText": " ",
        "packageSize": "700g",
        "packagePrice": "$0.89 per 100G"
      }
    }
  },
  {
    "id": "tamar-valley-no-fat-natural-yoghurt",
    "brand": "Tamar Valley",
    "name": "Natural 99.85% Fat Free Yoghurt",
    "imageUrl": "https://shop.coles.com.au/wcsstore/Coles-CAS/images/2/1/3/2130313-th.jpg",
    "categories": ["dairy-eggs-meals"],
    "tags": ["dairy", "yoghurt"],
    "locations": {
      "vic": {
        "price": 6.2,
        "promoText": " ",
        "packageSize": "1kg",
        "packagePrice": "$0.62 per 100G"
      }
    }
  },
  {
    "id": "yoplait-yoghurt-classic-12-pack",
    "brand": "Yoplait",
    "name": "Multi Flavoured Classic Yoghurt 12 x100g",
    "imageUrl": "https://shop.coles.com.au/wcsstore/Coles-CAS/images/8/8/7/8877173-th.jpg",
    "categories": ["dairy-eggs-meals"],
    "tags": ["dairy", "yoghurt"],
    "locations": {
      "vic": {
        "price": 7,
        "promoText": "Was $7.99 on Jul 2019 ",
        "packageSize": "12 Pack",
        "packagePrice": "$0.58 per 1Ea"
      }
    }
  },
  {
    "id": "yoplait-yoghurt-forme-strawberry-no-fat",
    "brand": "Yoplait",
    "name": "Forme No Fat Strawberry Yoghurt",
    "imageUrl": "https://shop.coles.com.au/wcsstore/Coles-CAS/images/9/0/5/9058087-th.jpg",
    "categories": ["dairy-eggs-meals"],
    "tags": ["dairy", "yoghurt"],
    "locations": {
      "vic": {
        "price": 4,
        "promoText": " ",
        "packageSize": "1kg",
        "packagePrice": "$4.00 per 1Kg"
      }
    }
  },
  {
    "id": "activia-yoghurt-vanilla-4-pack",
    "brand": "Activia",
    "name": "Probiotic Vanilla Yoghurt 4 pack",
    "imageUrl": "https://shop.coles.com.au/wcsstore/Coles-CAS/images/8/1/6/8169355-th.jpg",
    "categories": ["dairy-eggs-meals"],
    "tags": ["dairy", "yoghurt"],
    "locations": {
      "vic": {
        "price": 4.5,
        "promoText": " ",
        "packageSize": "125g",
        "packagePrice": "$3.60 per 100G"
      }
    }
  },
  {
    "id": "chobani-fit-yogurt-raspberry",
    "brand": "Chobani",
    "name": "Fit Raspberry Yoghurt",
    "imageUrl": "https://shop.coles.com.au/wcsstore/Coles-CAS/images/3/2/4/3246765-th.jpg",
    "categories": ["dairy-eggs-meals"],
    "tags": ["dairy", "yoghurt"],
    "locations": {
      "vic": {
        "price": 2.25,
        "promoText": " ",
        "packageSize": "170g",
        "packagePrice": "$1.32 per 100G"
      }
    }
  },
  {
    "id": "chobani-fit-yogurt-passionfruit",
    "brand": "Chobani",
    "name": "Fit Passionfruit Yoghurt",
    "imageUrl": "https://shop.coles.com.au/wcsstore/Coles-CAS/images/3/2/4/3246732-th.jpg",
    "categories": ["dairy-eggs-meals"],
    "tags": ["dairy", "yoghurt"],
    "locations": {
      "vic": {
        "price": 2.25,
        "promoText": " ",
        "packageSize": "170g",
        "packagePrice": "$1.32 per 100G"
      }
    }
  },
  {
    "id": "cocobella-coconut-yoghurt-natural",
    "brand": "Cocobella",
    "name": "Dairy Free Natural Coconut Yoghurt",
    "imageUrl": "https://shop.coles.com.au/wcsstore/Coles-CAS/images/3/2/4/3246404-th.jpg",
    "categories": ["dairy-eggs-meals"],
    "tags": ["dairy", "yoghurt"],
    "locations": {
      "vic": {
        "price": 6,
        "promoText": "Was $6.50 on Oct 2018 ",
        "packageSize": "500g",
        "packagePrice": "$1.20 per 100G"
      }
    }
  },
  {
    "id": "dairy-farmers-yoghurt-thick-creamy-strawberry-1198479p",
    "brand": "Dairy Farmers",
    "name": "Thick & Creamy Strawberry Yoghurt",
    "imageUrl": "https://shop.coles.com.au/wcsstore/Coles-CAS/images/1/1/9/1198479-th.jpg",
    "categories": ["dairy-eggs-meals"],
    "tags": ["dairy", "yoghurt"],
    "locations": {
      "vic": {
        "price": 4,
        "promoText": " ",
        "packageSize": "600g",
        "packagePrice": "$0.67 per 100G"
      }
    }
  },
  {
    "id": "danone-yopro-strawberry-yogurt",
    "brand": "Danone",
    "name": "YoPro Strawberry Yoghurt",
    "imageUrl": "https://shop.coles.com.au/wcsstore/Coles-CAS/images/2/9/9/2991880-th.jpg",
    "categories": ["dairy-eggs-meals"],
    "tags": ["dairy", "yoghurt"],
    "locations": {
      "vic": {
        "price": 1.7,
        "promoText": "$0.70 ",
        "packageSize": "160g",
        "packagePrice": "$1.06 per 100G"
      }
    }
  },
  {
    "id": "activia-yoghurt-vanilla-700g",
    "brand": "Danone",
    "name": "Activia Probiotic Vanilla Yoghurt",
    "imageUrl": "https://shop.coles.com.au/wcsstore/Coles-CAS/images/3/5/3/3539060-th.jpg",
    "categories": ["dairy-eggs-meals"],
    "tags": ["dairy", "yoghurt"],
    "locations": {
      "vic": {
        "price": 5,
        "promoText": " ",
        "packageSize": "700g",
        "packagePrice": "$0.71 per 100G"
      }
    }
  },
  {
    "id": "farmers-union-pouch-greek-yoghurt-blueberry",
    "brand": "Farmers Union",
    "name": "Greek Style Blueberry Yoghurt Pouch",
    "imageUrl": "https://shop.coles.com.au/wcsstore/Coles-CAS/images/3/5/3/3536448-th.jpg",
    "categories": ["dairy-eggs-meals"],
    "tags": ["dairy", "yoghurt"],
    "locations": {
      "vic": {
        "price": 1.5,
        "promoText": "Was $2.25 on Sep 2019 ",
        "packageSize": "130g",
        "packagePrice": "$1.15 per 100G"
      }
    }
  },
  {
    "id": "five-am-organic-yoghurt-strawberry",
    "brand": "Five:Am",
    "name": "Organic Strawberry Fields Yoghurt",
    "imageUrl": "https://shop.coles.com.au/wcsstore/Coles-CAS/images/3/2/4/3244759-th.jpg",
    "categories": ["dairy-eggs-meals", "healthy-living"],
    "tags": ["dairy", "yoghurt"],
    "locations": {
      "vic": {
        "price": 6,
        "promoText": "Was $7.00 on Jan 2017 ",
        "packageSize": "700g",
        "packagePrice": "$0.86 per 100G"
      }
    }
  },
  {
    "id": "jalna-sweet-creamy-greek-yoghourt",
    "brand": "Jalna",
    "name": "Pot Set Sweet & Creamy Greek Yoghurt",
    "imageUrl": "https://shop.coles.com.au/wcsstore/Coles-CAS/images/2/3/7/2376288-th.jpg",
    "categories": ["dairy-eggs-meals"],
    "tags": ["dairy", "yoghurt"],
    "locations": {
      "vic": {
        "price": 11.95,
        "promoText": " ",
        "packageSize": "2kg",
        "packagePrice": "$5.98 per 1L"
      }
    }
  },
  {
    "id": "nakula-yoghurt-coconut-vanilla",
    "brand": "Nakula",
    "name": "Vanilla Coconut Yoghurt",
    "imageUrl": "https://shop.coles.com.au/wcsstore/Coles-CAS/images/3/5/3/3535558-th.jpg",
    "categories": ["dairy-eggs-meals"],
    "tags": ["dairy", "yoghurt"],
    "locations": {
      "vic": {
        "price": 6,
        "promoText": " ",
        "packageSize": "500g",
        "packagePrice": "$1.20 per 100G"
      }
    }
  },
  {
    "id": "tamar-valley-strawberry-blueberry-greek-yoghurt",
    "brand": "Tamar Valley",
    "name": "Strawberry & Blueberry Greek Yoghurt",
    "imageUrl": "https://shop.coles.com.au/wcsstore/Coles-CAS/images/2/3/6/2369136-th.jpg",
    "categories": ["dairy-eggs-meals"],
    "tags": ["dairy", "yoghurt"],
    "locations": {
      "vic": {
        "price": 6.2,
        "promoText": " ",
        "packageSize": "700g",
        "packagePrice": "$0.89 per 100G"
      }
    }
  },
  {
    "id": "vaalia-yoghurt-pouch-kids-lactose-free-vanilla",
    "brand": "Vaalia",
    "name": "Kids Lactose Free Vanilla Yoghurt Pouch",
    "imageUrl": "https://shop.coles.com.au/wcsstore/Coles-CAS/images/1/1/9/1199245-th.jpg",
    "categories": ["dairy-eggs-meals"],
    "tags": ["dairy", "yoghurt"],
    "locations": {
      "vic": {
        "price": 1.6,
        "promoText": " ",
        "packageSize": "140g",
        "packagePrice": "$1.14 per 100G"
      }
    }
  },
  {
    "id": "yoplait-6x160g-yoghurt-classic",
    "brand": "Yoplait",
    "name": "Classics Yoghurt 160g",
    "imageUrl": "https://shop.coles.com.au/wcsstore/Coles-CAS/images/3/6/1/3619501-th.jpg",
    "categories": ["dairy-eggs-meals"],
    "tags": ["dairy", "yoghurt"],
    "locations": {
      "vic": {
        "price": 5,
        "promoText": " ",
        "packageSize": "6 Pack",
        "packagePrice": "$0.52 per 100G"
      }
    }
  },
  {
    "id": "yoplait-6x160g-yoghurt-forme-berry-harvest",
    "brand": "Yoplait",
    "name": "Forme Berry Harvest Yoghurt 160g",
    "imageUrl": "https://shop.coles.com.au/wcsstore/Coles-CAS/images/3/6/1/3619487-th.jpg",
    "categories": ["dairy-eggs-meals"],
    "tags": ["dairy", "yoghurt"],
    "locations": {
      "vic": {
        "price": 5,
        "promoText": " ",
        "packageSize": "6 Pack",
        "packagePrice": "$0.52 per 100G"
      }
    }
  },
  {
    "id": "chia-pod-coconut-2756074p",
    "brand": "Chia Pod",
    "name": "Coconut",
    "imageUrl": "https://shop.coles.com.au/wcsstore/Coles-CAS/images/2/7/5/2756074-th.jpg",
    "categories": ["dairy-eggs-meals", "healthy-living"],
    "tags": ["dairy", "yoghurt"],
    "locations": {
      "vic": {
        "price": 3,
        "promoText": "Was $3.29 on Oct 2019 ",
        "packageSize": "170g",
        "packagePrice": "$1.76 per 100G"
      }
    }
  },
  {
    "id": "chobani-vanilla-yogurt-tub",
    "brand": "Chobani",
    "name": "Vanilla Yoghurt",
    "imageUrl": "https://shop.coles.com.au/wcsstore/Coles-CAS/images/3/2/4/3246583-th.jpg",
    "categories": ["dairy-eggs-meals"],
    "tags": ["dairy", "yoghurt"],
    "locations": {
      "vic": {
        "price": 5.5,
        "promoText": "$1.00 ",
        "packageSize": "907g",
        "packagePrice": "$0.61 per 100G"
      }
    }
  },
  {
    "id": "chobani-yoghurt-tub-vanilla",
    "brand": "Chobani",
    "name": "Vanilla Yoghurt Pot",
    "imageUrl": "https://shop.coles.com.au/wcsstore/Coles-CAS/images/3/2/4/3246550-th.jpg",
    "categories": ["dairy-eggs-meals"],
    "tags": ["dairy", "yoghurt"],
    "locations": {
      "vic": {
        "price": 1.8,
        "promoText": "Was $2.00 on May 2020 ",
        "packageSize": "170g",
        "packagePrice": "$1.06 per 100G"
      }
    }
  },
  {
    "id": "chobani-fit-yogurt-pouch-vanilla",
    "brand": "Chobani",
    "name": "Fit Vanilla Yoghurt Pouch",
    "imageUrl": "https://shop.coles.com.au/wcsstore/Coles-CAS/images/3/2/4/3246812-th.jpg",
    "categories": ["dairy-eggs-meals"],
    "tags": ["dairy", "yoghurt"],
    "locations": {
      "vic": {
        "price": 1.5,
        "promoText": "$0.75 ",
        "packageSize": "140g",
        "packagePrice": "$1.07 per 100G"
      }
    }
  },
  {
    "id": "cocobella-pouch-coconut-yoghurt-strawby",
    "brand": "Cocobella",
    "name": "Active Strawberry Coconut Yoghurt Pouch",
    "imageUrl": "https://shop.coles.com.au/wcsstore/Coles-CAS/images/3/5/4/3540354-th.jpg",
    "categories": ["dairy-eggs-meals"],
    "tags": ["dairy", "yoghurt"],
    "locations": {
      "vic": {
        "price": 1.5,
        "promoText": "$0.50 ",
        "packageSize": "110g",
        "packagePrice": "$1.36 per 100G"
      }
    }
  },
  {
    "id": "coles-yoghurt-kids-mega-12-pack",
    "brand": "Coles",
    "name": "Variety Flavoured Yoghurt 12 pack",
    "imageUrl": "https://shop.coles.com.au/wcsstore/Coles-CAS/images/7/1/3/7132451-th.jpg",
    "categories": ["dairy-eggs-meals"],
    "tags": ["dairy", "yoghurt"],
    "locations": {
      "vic": {
        "price": 4.8,
        "promoText": " ",
        "packageSize": "1.14kg",
        "packagePrice": "$4.21 per 1Kg"
      }
    }
  },
  {
    "id": "coles-natural-pot-set-yoghurt",
    "brand": "Coles",
    "name": "Natural Pot Set Yoghurt",
    "imageUrl": "https://shop.coles.com.au/wcsstore/Coles-CAS/images/2/2/7/2273467-th.jpg",
    "categories": ["dairy-eggs-meals"],
    "tags": ["dairy", "yoghurt"],
    "locations": {
      "vic": {
        "price": 3.9,
        "promoText": " ",
        "packageSize": "1kg",
        "packagePrice": "$0.39 per 100G"
      }
    }
  },
  {
    "id": "coles-dairy-free-coconut-yoghurt-3251619p",
    "brand": "Coles",
    "name": "Dairy Free Coconut Yoghurt",
    "imageUrl": "https://shop.coles.com.au/wcsstore/Coles-CAS/images/3/2/5/3251619-th.jpg",
    "categories": ["dairy-eggs-meals"],
    "tags": ["dairy", "yoghurt"],
    "locations": {
      "vic": {
        "price": 5.4,
        "promoText": " ",
        "packageSize": "500g",
        "packagePrice": "$1.08 per 100G"
      }
    }
  },
  {
    "id": "dairy-farmers-yoghurt-thick-creamy-original",
    "brand": "Dairy Farmers",
    "name": "Thick & Creamy Classic Vanilla Yoghurt",
    "imageUrl": "https://shop.coles.com.au/wcsstore/Coles-CAS/images/1/1/9/1198548-th.jpg",
    "categories": ["dairy-eggs-meals"],
    "tags": ["dairy", "yoghurt"],
    "locations": {
      "vic": {
        "price": 2.2,
        "promoText": " ",
        "packageSize": "150g",
        "packagePrice": "$1.47 per 100G"
      }
    }
  },
  {
    "id": "df-thick-creamy-aust-edition-150g",
    "brand": "Dairy Farmers",
    "name": "Thick & Creamy Mangoes With Lemon Myrtle Yoghurt",
    "imageUrl": "https://shop.coles.com.au/wcsstore/Coles-CAS/images/3/5/3/3536506-th.jpg",
    "categories": ["dairy-eggs-meals"],
    "tags": ["dairy", "yoghurt"],
    "locations": {
      "vic": {
        "price": 2.2,
        "promoText": " ",
        "packageSize": "150g",
        "packagePrice": "$1.47 per 100G"
      }
    }
  },
  {
    "id": "danone-yopro-vanilla-yogurt",
    "brand": "Danone",
    "name": "YoPro Vanilla Yoghurt",
    "imageUrl": "https://shop.coles.com.au/wcsstore/Coles-CAS/images/2/9/9/2991948-th.jpg",
    "categories": ["dairy-eggs-meals"],
    "tags": ["dairy", "yoghurt"],
    "locations": {
      "vic": {
        "price": 1.7,
        "promoText": "$0.70 ",
        "packageSize": "160g",
        "packagePrice": "$1.06 per 100G"
      }
    }
  },
  {
    "id": "farmers-union-yoghurt-european-natural",
    "brand": "Farmers Union",
    "name": "Pot Set Natural Yoghurt",
    "imageUrl": "https://shop.coles.com.au/wcsstore/Coles-CAS/images/5/1/6/5161313-th.jpg",
    "categories": ["dairy-eggs-meals"],
    "tags": ["dairy", "yoghurt"],
    "locations": {
      "vic": {
        "price": 2.3,
        "promoText": " ",
        "packageSize": "200g",
        "packagePrice": "$1.15 per 100G"
      }
    }
  },
  {
    "id": "farmers-union-yoghurt-pouch-passionfruit",
    "brand": "Farmers Union",
    "name": "Greek Style Passionfruit Yoghurt Pouch",
    "imageUrl": "https://shop.coles.com.au/wcsstore/Coles-CAS/images/3/3/0/3306765-th.jpg",
    "categories": ["dairy-eggs-meals"],
    "tags": ["dairy", "yoghurt"],
    "locations": {
      "vic": {
        "price": 1.5,
        "promoText": "Was $2.25 on Sep 2019 ",
        "packageSize": "130g",
        "packagePrice": "$1.15 per 100G"
      }
    }
  },
  {
    "id": "gippsland-passionfruit-twist-yoghurt",
    "brand": "Gippsland Dairy",
    "name": "Passionfruit Twist Yoghurt",
    "imageUrl": "https://shop.coles.com.au/wcsstore/Coles-CAS/images/7/4/7/7470487-th.jpg",
    "categories": ["dairy-eggs-meals"],
    "tags": ["dairy", "yoghurt"],
    "locations": {
      "vic": {
        "price": 7,
        "promoText": " ",
        "packageSize": "720g",
        "packagePrice": "$0.97 per 100G"
      }
    }
  },
  {
    "id": "jalna-pouch-of-purity-organic-yoghurt-blueberry",
    "brand": "Jalna",
    "name": "Pouch Of Purity Organic Blueberry Yoghurt",
    "imageUrl": "https://shop.coles.com.au/wcsstore/Coles-CAS/images/3/5/3/3536561-th.jpg",
    "categories": ["dairy-eggs-meals"],
    "tags": ["dairy", "yoghurt"],
    "locations": {
      "vic": {
        "price": 1.7,
        "promoText": " ",
        "packageSize": "100g",
        "packagePrice": "$1.70 per 100G"
      }
    }
  },
  {
    "id": "jalna-pouch-of-purity-organic-yoghurt-banana",
    "brand": "Jalna",
    "name": "Pouch Of Purity Organic Banana Yoghurt",
    "imageUrl": "https://shop.coles.com.au/wcsstore/Coles-CAS/images/3/5/3/3536550-th.jpg",
    "categories": ["dairy-eggs-meals"],
    "tags": ["dairy", "yoghurt"],
    "locations": {
      "vic": {
        "price": 1.7,
        "promoText": " ",
        "packageSize": "100g",
        "packagePrice": "$1.70 per 100G"
      }
    }
  },
  {
    "id": "chobani-fit-yogurt-blueberry",
    "brand": "Chobani",
    "name": "Fit Blueberry Yoghurt Pot",
    "imageUrl": "https://shop.coles.com.au/wcsstore/Coles-CAS/images/3/2/4/3246776-th.jpg",
    "categories": ["dairy-eggs-meals"],
    "tags": ["dairy", "yoghurt"],
    "locations": {
      "vic": {
        "price": 2.25,
        "promoText": " ",
        "packageSize": "170g",
        "packagePrice": "$1.32 per 100G"
      }
    }
  },
  {
    "id": "chobani-fit-yogurt-strawberry",
    "brand": "Chobani",
    "name": "Fit Strawberry Yoghurt Pot",
    "imageUrl": "https://shop.coles.com.au/wcsstore/Coles-CAS/images/3/2/4/3246743-th.jpg",
    "categories": ["dairy-eggs-meals"],
    "tags": ["dairy", "yoghurt"],
    "locations": {
      "vic": {
        "price": 2.25,
        "promoText": " ",
        "packageSize": "170g",
        "packagePrice": "$1.32 per 100G"
      }
    }
  },
  {
    "id": "chobani-fit-yogurt-mango",
    "brand": "Chobani",
    "name": "Fit Mango Yoghurt",
    "imageUrl": "https://shop.coles.com.au/wcsstore/Coles-CAS/images/3/2/4/3246754-th.jpg",
    "categories": ["dairy-eggs-meals"],
    "tags": ["dairy", "yoghurt"],
    "locations": {
      "vic": {
        "price": 2.25,
        "promoText": " ",
        "packageSize": "170g",
        "packagePrice": "$1.32 per 100G"
      }
    }
  },
  {
    "id": "chobani-fit-x-fit-x-banana-peanut-punch",
    "brand": "Chobani",
    "name": "Fit X Banana Peanut Punch Yoghurt",
    "imageUrl": "https://shop.coles.com.au/wcsstore/Coles-CAS/images/3/5/3/3539708-th.jpg",
    "categories": ["dairy-eggs-meals"],
    "tags": ["dairy", "yoghurt"],
    "locations": {
      "vic": {
        "price": 3.5,
        "promoText": " ",
        "packageSize": "140g",
        "packagePrice": "$2.50 per 100G"
      }
    }
  },
  {
    "id": "cocobella-coconut-yoghurt-vanilla-3540412p",
    "brand": "Cocobella",
    "name": "Vanilla Coconut Yoghurt",
    "imageUrl": "https://shop.coles.com.au/wcsstore/Coles-CAS/images/3/5/4/3540412-th.jpg",
    "categories": ["dairy-eggs-meals"],
    "tags": ["dairy", "yoghurt"],
    "locations": {
      "vic": {
        "price": 2,
        "promoText": "$0.50 ",
        "packageSize": "150g",
        "packagePrice": "$1.33 per 100G"
      }
    }
  },
  {
    "id": "five%3Aam-simply-yoghurt-mango",
    "brand": "Five:AM",
    "name": "Simply Mango Milk Yoghurt",
    "imageUrl": "https://shop.coles.com.au/wcsstore/Coles-CAS/images/3/4/7/3475627-th.jpg",
    "categories": ["dairy-eggs-meals"],
    "tags": ["dairy", "yoghurt"],
    "locations": {
      "vic": {
        "price": 5,
        "promoText": " ",
        "packageSize": "550g",
        "packagePrice": "$0.91 per 100G"
      }
    }
  },
  {
    "id": "gippsland-dairy-yoghurt-twist-mango-blood-orange",
    "brand": "Gippsland Dairy",
    "name": "Mango & Blood Orange Twist Yoghurt",
    "imageUrl": "https://shop.coles.com.au/wcsstore/Coles-CAS/images/9/9/0/9907940-th.jpg",
    "categories": ["dairy-eggs-meals"],
    "tags": ["dairy", "yoghurt"],
    "locations": {
      "vic": {
        "price": 1.5,
        "promoText": "$1.00 ",
        "packageSize": "160g",
        "packagePrice": "$0.94 per 100G"
      }
    }
  },
  {
    "id": "gippsland-twist-yoghurt-strawberry-cream",
    "brand": "Gippsland Dairy",
    "name": "Twist Yoghurt Limited Edition",
    "imageUrl": "https://shop.coles.com.au/wcsstore/Coles-CAS/images/3/4/7/3477815-th.jpg",
    "categories": ["dairy-eggs-meals"],
    "tags": ["dairy", "yoghurt"],
    "locations": {
      "vic": {
        "price": 1.5,
        "promoText": "$1.00 ",
        "packageSize": "160g",
        "packagePrice": "$0.94 per 100G"
      }
    }
  },
  {
    "id": "liddells-yoghurt-plain-lactose-free",
    "brand": "Liddells",
    "name": "Lactose Free Plain Yoghurt 4 pack",
    "imageUrl": "https://shop.coles.com.au/wcsstore/Coles-CAS/images/1/2/0/1200107-th.jpg",
    "categories": ["dairy-eggs-meals"],
    "tags": ["dairy", "yoghurt"],
    "locations": {
      "vic": {
        "price": 5.35,
        "promoText": " ",
        "packageSize": "140g",
        "packagePrice": "$0.96 per 100G"
      }
    }
  },
  {
    "id": "nudie-chilled-natural-coconut-yoghurt",
    "brand": "Nudie",
    "name": "Dairy Free Natural Coconut Yoghurt",
    "imageUrl": "https://shop.coles.com.au/wcsstore/Coles-CAS/images/2/7/4/2744392-th.jpg",
    "categories": ["dairy-eggs-meals"],
    "tags": ["dairy", "yoghurt"],
    "locations": {
      "vic": {
        "price": 6,
        "promoText": " ",
        "packageSize": "500g",
        "packagePrice": "$1.20 per 100G"
      }
    }
  },
  {
    "id": "tamar-valley-yoghurt-greek-style-no-added-sugar-6-pack",
    "brand": "Tamar Valley",
    "name": "Low Fat Greek Style Yoghurt Tubs 6 pack",
    "imageUrl": "https://shop.coles.com.au/wcsstore/Coles-CAS/images/8/7/1/8714474-th.jpg",
    "categories": ["dairy-eggs-meals"],
    "tags": ["dairy", "yoghurt"],
    "locations": {
      "vic": {
        "price": 6.9,
        "promoText": " ",
        "packageSize": "750g",
        "packagePrice": "$0.92 per 100G"
      }
    }
  },
  {
    "id": "vaalia-yoghurt-low-fat-french-vanilla-4-pack",
    "brand": "Vaalia",
    "name": "Low Fat French Vanilla Yoghurt 4x150g",
    "imageUrl": "https://shop.coles.com.au/wcsstore/Coles-CAS/images/7/0/2/7021450-th.jpg",
    "categories": ["dairy-eggs-meals"],
    "tags": ["dairy", "yoghurt"],
    "locations": {
      "vic": {
        "price": 4,
        "promoText": "Was $5.30 on Aug 2017 ",
        "packageSize": "4 pack",
        "packagePrice": "$1.00 per 1Ea"
      }
    }
  },
  {
    "id": "yoplait-6x160g-yoghurt-vanilla",
    "brand": "Yoplait",
    "name": "Vanilla Yoghurt 160g",
    "imageUrl": "https://shop.coles.com.au/wcsstore/Coles-CAS/images/3/6/1/3619534-th.jpg",
    "categories": ["dairy-eggs-meals"],
    "tags": ["dairy", "yoghurt"],
    "locations": {
      "vic": {
        "price": 5,
        "promoText": " ",
        "packageSize": "6 Pack",
        "packagePrice": "$0.52 per 100G"
      }
    }
  },
  {
    "id": "chobani-limited-batch-kiwifruit-yoghurt",
    "brand": "Chobani",
    "name": "Limited Edition Yoghurt",
    "imageUrl": "https://shop.coles.com.au/wcsstore/Coles-CAS/images/2/9/7/2974825-th.jpg",
    "categories": ["dairy-eggs-meals"],
    "tags": ["dairy", "yoghurt"],
    "locations": {
      "vic": {
        "price": 1.8,
        "promoText": "Was $2.00 on May 2020 ",
        "packageSize": "170g",
        "packagePrice": "$1.06 per 100G"
      }
    }
  },
  {
    "id": "chobani-flip-yoghurt-choc-cherry-delight",
    "brand": "Chobani",
    "name": "Caramel Sunshine Flip Yoghurt",
    "imageUrl": "https://shop.coles.com.au/wcsstore/Coles-CAS/images/3/4/7/3477826-th.jpg",
    "categories": ["dairy-eggs-meals"],
    "tags": ["dairy", "yoghurt"],
    "locations": {
      "vic": {
        "price": 3,
        "promoText": " ",
        "packageSize": "140g",
        "packagePrice": "$2.14 per 100G"
      }
    }
  },
  {
    "id": "chobani-fit-yogurt-pouch-strawberry",
    "brand": "Chobani",
    "name": "Fit Strawberry Yoghurt Pouch",
    "imageUrl": "https://shop.coles.com.au/wcsstore/Coles-CAS/images/3/2/4/3246801-th.jpg",
    "categories": ["dairy-eggs-meals"],
    "tags": ["dairy", "yoghurt"],
    "locations": {
      "vic": {
        "price": 1.5,
        "promoText": "$0.75 ",
        "packageSize": "140g",
        "packagePrice": "$1.07 per 100G"
      }
    }
  },
  {
    "id": "chobani-fit-yogurt-pouch-banana",
    "brand": "Chobani",
    "name": "Fit Banana Yoghurt Pouch",
    "imageUrl": "https://shop.coles.com.au/wcsstore/Coles-CAS/images/3/7/2/3721654-th.jpg",
    "categories": ["dairy-eggs-meals"],
    "tags": ["dairy", "yoghurt"],
    "locations": {
      "vic": {
        "price": 1.5,
        "promoText": "$0.75 ",
        "packageSize": "140g",
        "packagePrice": "$1.07 per 100G"
      }
    }
  },
  {
    "id": "chobani-fit-yogurt-pouch-coconut",
    "brand": "Chobani",
    "name": "Fit Yoghurt Pouch Coconut",
    "imageUrl": "https://shop.coles.com.au/wcsstore/Coles-CAS/images/3/7/2/3721676-th.jpg",
    "categories": ["dairy-eggs-meals"],
    "tags": ["dairy", "yoghurt"],
    "locations": {
      "vic": {
        "price": 1.5,
        "promoText": "$0.75 ",
        "packageSize": "140g",
        "packagePrice": "$1.07 per 100G"
      }
    }
  },
  {
    "id": "cocobella-coconut-yoghurt-natural-3540398p",
    "brand": "Cocobella",
    "name": "Natural Coconut Yoghurt",
    "imageUrl": "https://shop.coles.com.au/wcsstore/Coles-CAS/images/3/5/4/3540398-th.jpg",
    "categories": ["dairy-eggs-meals"],
    "tags": ["dairy", "yoghurt"],
    "locations": {
      "vic": {
        "price": 2,
        "promoText": "$0.50 ",
        "packageSize": "150g",
        "packagePrice": "$1.33 per 100G"
      }
    }
  },
  {
    "id": "danone-yopro-passionfruit",
    "brand": "Danone",
    "name": "YoPro Passionfruit Yoghurt",
    "imageUrl": "https://shop.coles.com.au/wcsstore/Coles-CAS/images/3/0/2/3025041-th.jpg",
    "categories": ["dairy-eggs-meals"],
    "tags": ["dairy", "yoghurt"],
    "locations": {
      "vic": {
        "price": 1.7,
        "promoText": "$0.70 ",
        "packageSize": "160g",
        "packagePrice": "$1.06 per 100G"
      }
    }
  },
  {
    "id": "danone-ultimate-greek-yoghurt-4pk-mango",
    "brand": "Danone",
    "name": "The Ultimate Tropical Mango Yoghurt 4x115g",
    "imageUrl": "https://shop.coles.com.au/wcsstore/Coles-CAS/images/3/3/1/3310194-th.jpg",
    "categories": ["dairy-eggs-meals"],
    "tags": ["dairy", "yoghurt"],
    "locations": {
      "vic": {
        "price": 4.5,
        "promoText": " ",
        "packageSize": "4 pack",
        "packagePrice": "$1.13 per 1Ea"
      }
    }
  },
  {
    "id": "danone-yopro-yoghurt-mango",
    "brand": "Danone",
    "name": "Yopro Mango Yoghurt",
    "imageUrl": "https://shop.coles.com.au/wcsstore/Coles-CAS/images/3/2/4/3246856-th.jpg",
    "categories": ["dairy-eggs-meals"],
    "tags": ["dairy", "yoghurt"],
    "locations": {
      "vic": {
        "price": 1.7,
        "promoText": "$0.70 ",
        "packageSize": "160g",
        "packagePrice": "$1.06 per 100G"
      }
    }
  },
  {
    "id": "gippsland-twist-boysenberry-yoghurt",
    "brand": "Gippsland Dairy",
    "name": "Boysenberry Twist Yoghurt",
    "imageUrl": "https://shop.coles.com.au/wcsstore/Coles-CAS/images/2/7/4/2745395-th.jpg",
    "categories": ["dairy-eggs-meals"],
    "tags": ["dairy", "yoghurt"],
    "locations": {
      "vic": {
        "price": 1.5,
        "promoText": " ",
        "packageSize": "160g",
        "packagePrice": "$0.94 per 100G"
      }
    }
  },
  {
    "id": "liberte-yoghurt-blackberry",
    "brand": "Liberte",
    "name": "Blackberry Yoghurt Tub",
    "imageUrl": "https://shop.coles.com.au/wcsstore/Coles-CAS/images/3/5/3/3536630-th.jpg",
    "categories": ["dairy-eggs-meals"],
    "tags": ["dairy", "yoghurt"],
    "locations": {
      "vic": {
        "price": 5,
        "promoText": "Was $6.00 on Feb 2020 ",
        "packageSize": "500g",
        "packagePrice": "$1.00 per 100G"
      }
    }
  },
  {
    "id": "liddells-lactose-free-pouch-vanilla",
    "brand": "Liddells",
    "name": "Lactose Free Vanilla Bean Yoghurt Pouch",
    "imageUrl": "https://shop.coles.com.au/wcsstore/Coles-CAS/images/3/5/3/3539344-th.jpg",
    "categories": ["dairy-eggs-meals"],
    "tags": ["dairy", "yoghurt"],
    "locations": {
      "vic": {
        "price": 1.7,
        "promoText": " ",
        "packageSize": "140g",
        "packagePrice": "$1.21 per 100G"
      }
    }
  },
  {
    "id": "nudie-chilled-vanilla-coconut-yoghurt",
    "brand": "Nudie",
    "name": "Dairy Free Vanilla Coconut Yoghurt",
    "imageUrl": "https://shop.coles.com.au/wcsstore/Coles-CAS/images/2/7/4/2744406-th.jpg",
    "categories": ["dairy-eggs-meals"],
    "tags": ["dairy", "yoghurt"],
    "locations": {
      "vic": {
        "price": 6,
        "promoText": " ",
        "packageSize": "500g",
        "packagePrice": "$1.20 per 100G"
      }
    }
  },
  {
    "id": "vaalia-yoghurt-low-fat-plain",
    "brand": "Vaalia",
    "name": "Plain Yoghurt Low Fat",
    "imageUrl": "https://shop.coles.com.au/wcsstore/Coles-CAS/images/7/0/1/7019460-th.jpg",
    "categories": ["dairy-eggs-meals"],
    "tags": ["dairy", "yoghurt"],
    "locations": {
      "vic": {
        "price": 4,
        "promoText": " ",
        "packageSize": "900g",
        "packagePrice": "$0.44 per 100G"
      }
    }
  },
  {
    "id": "chia-pod-vanilla-bean-cinnamon",
    "brand": "Chia Pod",
    "name": "Vanilla Bean & Cinnamon",
    "imageUrl": "https://shop.coles.com.au/wcsstore/Coles-CAS/images/1/8/7/1873232-th.jpg",
    "categories": ["dairy-eggs-meals", "healthy-living"],
    "tags": ["dairy", "yoghurt"],
    "locations": {
      "vic": {
        "price": 3,
        "promoText": "Was $3.29 on Oct 2019 ",
        "packageSize": "170g",
        "packagePrice": "$1.76 per 100G"
      }
    }
  },
  {
    "id": "chobani-gimmies-choc-chunk-cookie-dunk-yogurt",
    "brand": "Chobani",
    "name": "Gimmies Choc Chunk Cookie Dunk Yoghurt",
    "imageUrl": "https://shop.coles.com.au/wcsstore/Coles-CAS/images/3/4/7/3475263-th.jpg",
    "categories": ["dairy-eggs-meals"],
    "tags": ["dairy", "yoghurt"],
    "locations": {
      "vic": {
        "price": 3,
        "promoText": " ",
        "packageSize": "140g",
        "packagePrice": "$2.14 per 100G"
      }
    }
  },
  {
    "id": "chobani-fit-yogurt-pouch-raspebrry",
    "brand": "Chobani",
    "name": "Fit Raspberry Yoghurt Pouch",
    "imageUrl": "https://shop.coles.com.au/wcsstore/Coles-CAS/images/3/2/4/3246823-th.jpg",
    "categories": ["dairy-eggs-meals"],
    "tags": ["dairy", "yoghurt"],
    "locations": {
      "vic": {
        "price": 1.5,
        "promoText": "$0.75 ",
        "packageSize": "140g",
        "packagePrice": "$1.07 per 100G"
      }
    }
  },
  {
    "id": "chobani-fit-x-fit-x-tropical-fruit-sma",
    "brand": "Chobani",
    "name": "Fit X Tropical Fruit Smash Yoghurt",
    "imageUrl": "https://shop.coles.com.au/wcsstore/Coles-CAS/images/3/5/3/3539694-th.jpg",
    "categories": ["dairy-eggs-meals"],
    "tags": ["dairy", "yoghurt"],
    "locations": {
      "vic": {
        "price": 3.5,
        "promoText": " ",
        "packageSize": "140g",
        "packagePrice": "$2.50 per 100G"
      }
    }
  },
  {
    "id": "danone-ultimate-greek-yoghurt-4pk-black-cherry",
    "brand": "Danone",
    "name": "The Ultimate Black Cherry Yoghurt 4x115g",
    "imageUrl": "https://shop.coles.com.au/wcsstore/Coles-CAS/images/3/3/1/3310183-th.jpg",
    "categories": ["dairy-eggs-meals"],
    "tags": ["dairy", "yoghurt"],
    "locations": {
      "vic": {
        "price": 4.5,
        "promoText": " ",
        "packageSize": "4 pack",
        "packagePrice": "$1.13 per 1Ea"
      }
    }
  },
  {
    "id": "danone-yopro-banana-yoghurt",
    "brand": "Danone",
    "name": "Yopro Banana Yoghurt",
    "imageUrl": "https://shop.coles.com.au/wcsstore/Coles-CAS/images/3/2/4/3246889-th.jpg",
    "categories": ["dairy-eggs-meals"],
    "tags": ["dairy", "yoghurt"],
    "locations": {
      "vic": {
        "price": 1.7,
        "promoText": "$0.70 ",
        "packageSize": "160g",
        "packagePrice": "$1.06 per 100G"
      }
    }
  },
  {
    "id": "five%3Aam-yoghurt-vanilla-bean-1196360p",
    "brand": "Five:AM",
    "name": "Organic Vanilla Bean Yoghurt",
    "imageUrl": "https://shop.coles.com.au/wcsstore/Coles-CAS/images/1/1/9/1196360-th.jpg",
    "categories": ["dairy-eggs-meals", "healthy-living"],
    "tags": ["dairy", "yoghurt"],
    "locations": {
      "vic": {
        "price": 2.6,
        "promoText": " ",
        "packageSize": "170g",
        "packagePrice": "$1.53 per 100G"
      }
    }
  },
  {
    "id": "five%3Aam-simply-yoghurt-strawberry",
    "brand": "Five:AM",
    "name": "Simply Strawberries Whole Milk Yoghurt Tub",
    "imageUrl": "https://shop.coles.com.au/wcsstore/Coles-CAS/images/3/5/9/3593973-th.jpg",
    "categories": ["dairy-eggs-meals"],
    "tags": ["dairy", "yoghurt"],
    "locations": {
      "vic": {
        "price": 5,
        "promoText": " ",
        "packageSize": "550g",
        "packagePrice": "$0.91 per 100G"
      }
    }
  },
  {
    "id": "five-am-organic-yoghurt-cacao",
    "brand": "Five:Am",
    "name": "Organic Cacao Yoghurt",
    "imageUrl": "https://shop.coles.com.au/wcsstore/Coles-CAS/images/3/2/4/3244748-th.jpg",
    "categories": ["dairy-eggs-meals", "healthy-living"],
    "tags": ["dairy", "yoghurt"],
    "locations": {
      "vic": {
        "price": 2.6,
        "promoText": " ",
        "packageSize": "170g",
        "packagePrice": "$1.53 per 100G"
      }
    }
  },
  {
    "id": "jalna-pouch-of-purity-organic-yoghurt-vanilla",
    "brand": "Jalna",
    "name": "Pouch Of Purity Organic Vanilla Yoghurt",
    "imageUrl": "https://shop.coles.com.au/wcsstore/Coles-CAS/images/3/5/3/3536572-th.jpg",
    "categories": ["dairy-eggs-meals"],
    "tags": ["dairy", "yoghurt"],
    "locations": {
      "vic": {
        "price": 1.7,
        "promoText": " ",
        "packageSize": "100g",
        "packagePrice": "$1.70 per 100G"
      }
    }
  },
  {
    "id": "liddells-yoghurt-strawberry",
    "brand": "Liddells",
    "name": "Strawberry Yoghurt 140 grams",
    "imageUrl": "https://shop.coles.com.au/wcsstore/Coles-CAS/images/1/2/0/1200118-th.jpg",
    "categories": ["dairy-eggs-meals"],
    "tags": ["dairy", "yoghurt"],
    "locations": {
      "vic": {
        "price": 5.35,
        "promoText": " ",
        "packageSize": "4 Pack",
        "packagePrice": "$0.96 per 100G"
      }
    }
  },
  {
    "id": "nakula-yoghurt-coconut-rasperry",
    "brand": "Nakula",
    "name": "Raspberry Coconut Yoghurt",
    "imageUrl": "https://shop.coles.com.au/wcsstore/Coles-CAS/images/3/5/3/3535547-th.jpg",
    "categories": ["dairy-eggs-meals"],
    "tags": ["dairy", "yoghurt"],
    "locations": {
      "vic": {
        "price": 6,
        "promoText": " ",
        "packageSize": "500g",
        "packagePrice": "$1.20 per 100G"
      }
    }
  },
  {
    "id": "yoplait-yoghurt-squeezie-pouch-fruit-frenzy",
    "brand": "Yoplait",
    "name": "Petit Miam Squeezie Fruit Salad Yoghurt Pouch",
    "imageUrl": "https://shop.coles.com.au/wcsstore/Coles-CAS/images/6/5/6/6569217-th.jpg",
    "categories": ["dairy-eggs-meals"],
    "tags": ["dairy", "yoghurt"],
    "locations": {
      "vic": {
        "price": 0.9,
        "promoText": "Was $1.00 on Jun 2019 ",
        "packageSize": "70g",
        "packagePrice": "$1.29 per 100G"
      }
    }
  },
  {
    "id": "yoplait-smoothie-mixed-berry-3476812p",
    "brand": "Yoplait",
    "name": "Mixed Berry Yoghurt Smoothie",
    "imageUrl": "https://shop.coles.com.au/wcsstore/Coles-CAS/images/3/4/7/3476812-th.jpg",
    "categories": ["dairy-eggs-meals"],
    "tags": ["dairy", "yoghurt"],
    "locations": {
      "vic": {
        "price": 3,
        "promoText": " ",
        "packageSize": "300g",
        "packagePrice": "$1.00 per 100G"
      }
    }
  },
  {
    "id": "yoplait-smoothie-strawberry-vanilla",
    "brand": "Yoplait",
    "name": "Strawberry &  Vanilla Yoghurt Smoothie",
    "imageUrl": "https://shop.coles.com.au/wcsstore/Coles-CAS/images/3/5/4/3542994-th.jpg",
    "categories": ["dairy-eggs-meals"],
    "tags": ["dairy", "yoghurt"],
    "locations": {
      "vic": {
        "price": 3,
        "promoText": " ",
        "packageSize": "300g",
        "packagePrice": "$1.00 per 100G"
      }
    }
  },
  {
    "id": "alpro-yoghurt-almond-mango",
    "brand": "Alpro",
    "name": "Almond Mango Yoghurt",
    "imageUrl": "https://shop.coles.com.au/wcsstore/Coles-CAS/images/3/5/3/3539209-th.jpg",
    "categories": ["dairy-eggs-meals"],
    "tags": ["dairy", "yoghurt"],
    "locations": {
      "vic": {
        "price": 3.5,
        "promoText": " ",
        "packageSize": "150g",
        "packagePrice": "$2.33 per 100G"
      }
    }
  },
  {
    "id": "alpro-yoghurt-almond-strawberry",
    "brand": "Alpro",
    "name": "Almond & Strawberry Yoghurt",
    "imageUrl": "https://shop.coles.com.au/wcsstore/Coles-CAS/images/3/5/3/3539210-th.jpg",
    "categories": ["dairy-eggs-meals"],
    "tags": ["dairy", "yoghurt"],
    "locations": {
      "vic": {
        "price": 3.5,
        "promoText": " ",
        "packageSize": "150g",
        "packagePrice": "$2.33 per 100G"
      }
    }
  },
  {
    "id": "chobani-pouch-yoghurt-tropical",
    "brand": "Chobani",
    "name": "Tropical Yoghurt Pouch",
    "imageUrl": "https://shop.coles.com.au/wcsstore/Coles-CAS/images/3/5/3/3539774-th.jpg",
    "categories": ["dairy-eggs-meals"],
    "tags": ["dairy", "yoghurt"],
    "locations": {
      "vic": {
        "price": 2.25,
        "promoText": " ",
        "packageSize": "140g",
        "packagePrice": "$1.61 per 100G"
      }
    }
  },
  {
    "id": "cocobella-pouch-coconut-yoghurt-vanilla",
    "brand": "Cocobella",
    "name": "Vanilla Coconut Yoghurt Pouch",
    "imageUrl": "https://shop.coles.com.au/wcsstore/Coles-CAS/images/3/5/4/3540365-th.jpg",
    "categories": ["dairy-eggs-meals"],
    "tags": ["dairy", "yoghurt"],
    "locations": {
      "vic": {
        "price": 1.5,
        "promoText": "$0.50 ",
        "packageSize": "110g",
        "packagePrice": "$1.36 per 100G"
      }
    }
  },
  {
    "id": "coyo-organic-blueberry-coconut-milk-yoghurt-tub",
    "brand": "Coyo",
    "name": "Organic Blueberry Coconut Milk Yoghurt Tub",
    "imageUrl": "https://shop.coles.com.au/wcsstore/Coles-CAS/images/3/5/3/3535128-th.jpg",
    "categories": ["dairy-eggs-meals", "healthy-living"],
    "tags": ["dairy", "yoghurt"],
    "locations": {
      "vic": {
        "price": 7,
        "promoText": " ",
        "packageSize": "300g",
        "packagePrice": "$2.33 per 100G"
      }
    }
  },
  {
    "id": "easiyo-yoghurt-reduced-sugar-vanilla",
    "brand": "Easiyo",
    "name": "Yoghurt Reduced Sugar Vanilla",
    "imageUrl": "https://shop.coles.com.au/wcsstore/Coles-CAS/images/3/7/3/3730258-th.jpg",
    "categories": ["dairy-eggs-meals"],
    "tags": ["dairy", "yoghurt"],
    "locations": {
      "vic": {
        "price": 3.75,
        "promoText": "$0.45 ",
        "packageSize": "176g",
        "packagePrice": "$2.13 per 100G"
      }
    }
  },
  {
    "id": "gippsland-twist-yoghurt-strawberry-cream-3721847p",
    "brand": "Gippsland Dairy",
    "name": "Strawberry Cream Twist Yoghurt",
    "imageUrl": "https://shop.coles.com.au/wcsstore/Coles-CAS/images/3/7/2/3721847-th.jpg",
    "categories": ["dairy-eggs-meals"],
    "tags": ["dairy", "yoghurt"],
    "locations": {
      "vic": {
        "price": 1.5,
        "promoText": "$1.00 ",
        "packageSize": "160g",
        "packagePrice": "$0.94 per 100G"
      }
    }
  },
  {
    "id": "liberte-yoghurt-blackberry-150g",
    "brand": "Liberte",
    "name": "Blackberry Yoghurt Tub",
    "imageUrl": "https://shop.coles.com.au/wcsstore/Coles-CAS/images/3/5/3/3536710-th.jpg",
    "categories": ["dairy-eggs-meals"],
    "tags": ["dairy", "yoghurt"],
    "locations": {
      "vic": {
        "price": 2.5,
        "promoText": " ",
        "packageSize": "150g",
        "packagePrice": "$1.67 per 100G"
      }
    }
  },
  {
    "id": "chobani-yogurt-limited-edition-pouch",
    "brand": "Chobani",
    "name": "Limited Edition Watermelon Flavour Greek Yoghurt Pouch",
    "imageUrl": "https://shop.coles.com.au/wcsstore/Coles-CAS/images/3/2/4/3246572-th.jpg",
    "categories": ["dairy-eggs-meals"],
    "tags": ["dairy", "yoghurt"],
    "locations": {
      "vic": {
        "price": 2.25,
        "promoText": " ",
        "packageSize": "140g",
        "packagePrice": "$1.61 per 100G"
      }
    }
  },
  {
    "id": "danone-yopro-yoghurt-vanilla",
    "brand": "Danone",
    "name": "Yopro Vanilla Yoghurt",
    "imageUrl": "https://shop.coles.com.au/wcsstore/Coles-CAS/images/3/2/4/3246914-th.jpg",
    "categories": ["dairy-eggs-meals"],
    "tags": ["dairy", "yoghurt"],
    "locations": {
      "vic": {
        "price": 6,
        "promoText": " ",
        "packageSize": "700g",
        "packagePrice": "$0.86 per 100G"
      }
    }
  },
  {
    "id": "danone-yopro-yoghurt-drink-strawberry",
    "brand": "Danone",
    "name": "Yopro Strawberry Yoghurt Drink",
    "imageUrl": "https://shop.coles.com.au/wcsstore/Coles-CAS/images/3/4/7/3476197-th.jpg",
    "categories": ["dairy-eggs-meals"],
    "tags": ["dairy", "yoghurt"],
    "locations": {
      "vic": {
        "price": 3.8,
        "promoText": " ",
        "packageSize": "260mL",
        "packagePrice": "$1.46 per 100mL"
      }
    }
  },
  {
    "id": "danone-yopro-yoghurt-drink-vanilla",
    "brand": "Danone",
    "name": "Yopro Vanilla Yoghurt Drink Chilled",
    "imageUrl": "https://shop.coles.com.au/wcsstore/Coles-CAS/images/3/4/7/3476200-th.jpg",
    "categories": ["dairy-eggs-meals"],
    "tags": ["dairy", "yoghurt"],
    "locations": {
      "vic": {
        "price": 3.8,
        "promoText": " ",
        "packageSize": "260mL",
        "packagePrice": "$1.46 per 100mL"
      }
    }
  },
  {
    "id": "danone-yopro-yoghurt-drink-coffee",
    "brand": "Danone",
    "name": "Yopro Coffee Yoghurt Drink",
    "imageUrl": "https://shop.coles.com.au/wcsstore/Coles-CAS/images/3/4/7/3476244-th.jpg",
    "categories": ["dairy-eggs-meals"],
    "tags": ["dairy", "yoghurt"],
    "locations": {
      "vic": {
        "price": 0,
        "promoText": " ",
        "packageSize": "260mL",
        "packagePrice": ""
      }
    }
  },
  {
    "id": "danone-yopro-yoghurt-drink-passionfruit",
    "brand": "Danone",
    "name": "Yopro Mango Passion Yoghurt Drink",
    "imageUrl": "https://shop.coles.com.au/wcsstore/Coles-CAS/images/3/4/7/3476222-th.jpg",
    "categories": ["dairy-eggs-meals"],
    "tags": ["dairy", "yoghurt"],
    "locations": {
      "vic": {
        "price": 3.8,
        "promoText": " ",
        "packageSize": "260mL",
        "packagePrice": "$1.46 per 100mL"
      }
    }
  },
  {
    "id": "danone-yopro-yoghurt-drink-banana",
    "brand": "Danone",
    "name": "Yopro Banana Yoghurt Drink",
    "imageUrl": "https://shop.coles.com.au/wcsstore/Coles-CAS/images/3/4/7/3476211-th.jpg",
    "categories": ["dairy-eggs-meals"],
    "tags": ["dairy", "yoghurt"],
    "locations": {
      "vic": {
        "price": 3.8,
        "promoText": " ",
        "packageSize": "260mL",
        "packagePrice": "$1.46 per 100mL"
      }
    }
  },
  {
    "id": "easiyo-low-fat-greek-yoghurt",
    "brand": "Easiyo",
    "name": "Greek Style Unsweetened Yoghurt",
    "imageUrl": "https://shop.coles.com.au/wcsstore/Coles-CAS/images/2/7/4/2745985-th.jpg",
    "categories": ["dairy-eggs-meals"],
    "tags": ["dairy", "yoghurt"],
    "locations": {
      "vic": {
        "price": 3.75,
        "promoText": "$0.45 ",
        "packageSize": "170g",
        "packagePrice": "$2.21 per 100G"
      }
    }
  },
  {
    "id": "easyio-vanilla-yoghurt",
    "brand": "Easiyo",
    "name": "Vanilla Flavour Yoghurt",
    "imageUrl": "https://shop.coles.com.au/wcsstore/Coles-CAS/images/2/7/4/2745963-th.jpg",
    "categories": ["dairy-eggs-meals"],
    "tags": ["dairy", "yoghurt"],
    "locations": {
      "vic": {
        "price": 4.5,
        "promoText": " ",
        "packageSize": "230g",
        "packagePrice": "$1.96 per 100G"
      }
    }
  },
  {
    "id": "easiyo-greek-yoghurt",
    "brand": "Easiyo",
    "name": "Greek Style Unsweetened Yoghurt",
    "imageUrl": "https://shop.coles.com.au/wcsstore/Coles-CAS/images/2/7/4/2745974-th.jpg",
    "categories": ["dairy-eggs-meals"],
    "tags": ["dairy", "yoghurt"],
    "locations": {
      "vic": {
        "price": 3.75,
        "promoText": "$0.45 ",
        "packageSize": "170g",
        "packagePrice": "$2.21 per 100G"
      }
    }
  },
  {
    "id": "easyio-strawberry-yoghurt",
    "brand": "Easiyo",
    "name": "Strawberry Yoghurt",
    "imageUrl": "https://shop.coles.com.au/wcsstore/Coles-CAS/images/2/7/4/2745952-th.jpg",
    "categories": ["dairy-eggs-meals"],
    "tags": ["dairy", "yoghurt"],
    "locations": {
      "vic": {
        "price": 4.5,
        "promoText": " ",
        "packageSize": "230g",
        "packagePrice": "$1.96 per 100G"
      }
    }
  },
  {
    "id": "easiyo-greek-honey-yoghurt",
    "brand": "Easiyo",
    "name": "Greek Style Honey Yoghurt",
    "imageUrl": "https://shop.coles.com.au/wcsstore/Coles-CAS/images/2/7/4/2745792-th.jpg",
    "categories": ["dairy-eggs-meals"],
    "tags": ["dairy", "yoghurt"],
    "locations": {
      "vic": {
        "price": 4.5,
        "promoText": " ",
        "packageSize": "210g",
        "packagePrice": "$2.14 per 100G"
      }
    }
  },
  {
    "id": "easiyo-red-yoghurt-maker",
    "brand": "Easiyo",
    "name": "Red Yoghurt Maker",
    "imageUrl": "https://shop.coles.com.au/wcsstore/Coles-CAS/images/2/7/4/2745748-th.jpg",
    "categories": ["dairy-eggs-meals"],
    "tags": ["dairy", "yoghurt"],
    "locations": {
      "vic": {
        "price": 22,
        "promoText": " ",
        "packageSize": "",
        "packagePrice": "$22.00 per 1Ea"
      }
    }
  },
  {
    "id": "easiyo-greek-coconut-yoghurt",
    "brand": "Easiyo",
    "name": "Greek Style Coconut Yoghurt",
    "imageUrl": "https://shop.coles.com.au/wcsstore/Coles-CAS/images/2/7/4/2745293-th.jpg",
    "categories": ["dairy-eggs-meals"],
    "tags": ["dairy", "yoghurt"],
    "locations": {
      "vic": {
        "price": 4.5,
        "promoText": " ",
        "packageSize": "240g",
        "packagePrice": "$1.88 per 100G"
      }
    }
  },
  {
    "id": "easyio-natural-yoghurt",
    "brand": "Easiyo",
    "name": "Natural Unsweetened Yoghurt",
    "imageUrl": "https://shop.coles.com.au/wcsstore/Coles-CAS/images/2/7/4/2745249-th.jpg",
    "categories": ["dairy-eggs-meals"],
    "tags": ["dairy", "yoghurt"],
    "locations": {
      "vic": {
        "price": 3.75,
        "promoText": "$0.45 ",
        "packageSize": "140g",
        "packagePrice": "$2.68 per 100G"
      }
    }
  },
  {
    "id": "easiyo-mixed-berries-yoghurt",
    "brand": "Easiyo",
    "name": "Greek Style Mixed Berries Yoghurt",
    "imageUrl": "https://shop.coles.com.au/wcsstore/Coles-CAS/images/2/7/4/2745544-th.jpg",
    "categories": ["dairy-eggs-meals"],
    "tags": ["dairy", "yoghurt"],
    "locations": {
      "vic": {
        "price": 0,
        "promoText": " ",
        "packageSize": "240g",
        "packagePrice": ""
      }
    }
  },
  {
    "id": "easiyo-yoghurt-reduced-sugar-strawberry",
    "brand": "Easiyo",
    "name": "Yoghurt Reduced Sugar Strawberry",
    "imageUrl": "https://shop.coles.com.au/wcsstore/Coles-CAS/images/3/7/3/3730247-th.jpg",
    "categories": ["dairy-eggs-meals"],
    "tags": ["dairy", "yoghurt"],
    "locations": {
      "vic": {
        "price": 3.75,
        "promoText": "$0.45 ",
        "packageSize": "176g",
        "packagePrice": "$2.13 per 100G"
      }
    }
  },
  {
    "id": "five%3Aam-simply-yoghurt-mango-3475580p",
    "brand": "Five:AM",
    "name": "Mango Whole Milk Yoghurt",
    "imageUrl": "https://shop.coles.com.au/wcsstore/Coles-CAS/images/3/4/7/3475580-th.jpg",
    "categories": ["dairy-eggs-meals"],
    "tags": ["dairy", "yoghurt"],
    "locations": {
      "vic": {
        "price": 2.6,
        "promoText": " ",
        "packageSize": "170g",
        "packagePrice": "$1.53 per 100G"
      }
    }
  },
  {
    "id": "impressed-almond-yoghurt-vanilla",
    "brand": "Impressed",
    "name": "Dairy Free Vanilla Almond Milk Yoghurt",
    "imageUrl": "https://shop.coles.com.au/wcsstore/Coles-CAS/images/3/2/4/3246539-th.jpg",
    "categories": ["dairy-eggs-meals"],
    "tags": ["dairy", "yoghurt"],
    "locations": {
      "vic": {
        "price": 0,
        "promoText": " ",
        "packageSize": "150g",
        "packagePrice": ""
      }
    }
  },
  {
    "id": "yoplait-smoothie-passionfruit-mango-3476845p",
    "brand": "Yoplait",
    "name": "Passionfruit & Mango Yoghurt Smoothie",
    "imageUrl": "https://shop.coles.com.au/wcsstore/Coles-CAS/images/3/4/7/3476845-th.jpg",
    "categories": ["dairy-eggs-meals"],
    "tags": ["dairy", "yoghurt"],
    "locations": {
      "vic": {
        "price": 3,
        "promoText": " ",
        "packageSize": "300g",
        "packagePrice": "$1.00 per 100G"
      }
    }
  },
  {
    "id": "yoplait-smoothie-mango-peach-3476801p",
    "brand": "Yoplait",
    "name": "Mango & Peach Yoghurt Smoothie",
    "imageUrl": "https://shop.coles.com.au/wcsstore/Coles-CAS/images/3/4/7/3476801-th.jpg",
    "categories": ["dairy-eggs-meals"],
    "tags": ["dairy", "yoghurt"],
    "locations": {
      "vic": {
        "price": 3,
        "promoText": " ",
        "packageSize": "300g",
        "packagePrice": "$1.00 per 100G"
      }
    }
  },
  {
    "id": "flora-spread-margarine-sunflower-original-tub",
    "brand": "Flora",
    "name": "Original Margarine Spread",
    "imageUrl": "https://shop.coles.com.au/wcsstore/Coles-CAS/images/1/8/9/189406-th.jpg",
    "categories": ["dairy-eggs-meals"],
    "tags": ["dairy", "butter-margarine"],
    "locations": {
      "vic": {
        "price": 3,
        "promoText": " ",
        "packageSize": "500g",
        "packagePrice": "$0.60 per 100G"
      }
    }
  },
  {
    "id": "flora-spread-margarine-pro-activ-original-tub",
    "brand": "Flora",
    "name": "Pro Activ Dairy Margarine",
    "imageUrl": "https://shop.coles.com.au/wcsstore/Coles-CAS/images/8/8/4/8840843-th.jpg",
    "categories": ["dairy-eggs-meals"],
    "tags": ["dairy", "butter-margarine"],
    "locations": {
      "vic": {
        "price": 8,
        "promoText": " ",
        "packageSize": "500g",
        "packagePrice": "$1.60 per 100G"
      }
    }
  },
  {
    "id": "flora-with-butter-sea-salt",
    "brand": "Flora",
    "name": "With Butter Sea Salt",
    "imageUrl": "https://shop.coles.com.au/wcsstore/Coles-CAS/images/2/6/5/2653854-th.jpg",
    "categories": ["dairy-eggs-meals"],
    "tags": ["dairy", "butter-margarine"],
    "locations": {
      "vic": {
        "price": 3.8,
        "promoText": "Was $4.30 on May 2019 ",
        "packageSize": "400g",
        "packagePrice": "$0.95 per 100G"
      }
    }
  },
  {
    "id": "meadow-lea-spread-margarine-tub-138074p",
    "brand": "Meadow Lea",
    "name": "Original Margarine Spread",
    "imageUrl": "https://shop.coles.com.au/wcsstore/Coles-CAS/images/1/3/8/138074-th.jpg",
    "categories": ["dairy-eggs-meals"],
    "tags": ["dairy", "butter-margarine"],
    "locations": {
      "vic": {
        "price": 2,
        "promoText": "$1.30 ",
        "packageSize": "500g",
        "packagePrice": "$0.40 per 100G"
      }
    }
  },
  {
    "id": "olive-grove-spread-margarine-olive-oil-mild-tasting-tub",
    "brand": "Olive Grove",
    "name": "Classic Olive Oil Margarine Tub",
    "imageUrl": "https://shop.coles.com.au/wcsstore/Coles-CAS/images/5/4/4/5448589-th.jpg",
    "categories": ["dairy-eggs-meals"],
    "tags": ["dairy", "butter-margarine"],
    "locations": {
      "vic": {
        "price": 3.5,
        "promoText": "Was $4.00 on Sep 2018 ",
        "packageSize": "500g",
        "packagePrice": "$0.70 per 100G"
      }
    }
  },
  {
    "id": "olive-grove-spread-margarine-olive-oil-lite-tub",
    "brand": "Olive Grove",
    "name": "Olive Oil Margarine Lite Tub",
    "imageUrl": "https://shop.coles.com.au/wcsstore/Coles-CAS/images/8/1/3/8139252-th.jpg",
    "categories": ["dairy-eggs-meals"],
    "tags": ["dairy", "butter-margarine"],
    "locations": {
      "vic": {
        "price": 3.5,
        "promoText": "Was $4.00 on Sep 2018 ",
        "packageSize": "500g",
        "packagePrice": "$0.70 per 100G"
      }
    }
  },
  {
    "id": "western-star-butter-blend-spreadable-traditional-tub-7716500p",
    "brand": "Western Star",
    "name": "Traditional Spreadable Butter Blend",
    "imageUrl": "https://shop.coles.com.au/wcsstore/Coles-CAS/images/7/7/1/7716500-th.jpg",
    "categories": ["dairy-eggs-meals"],
    "tags": ["dairy", "butter-margarine"],
    "locations": {
      "vic": {
        "price": 6,
        "promoText": " ",
        "packageSize": "500g",
        "packagePrice": "$1.20 per 100G"
      }
    }
  },
  {
    "id": "lurpak-butter-blend-spreadable-slightly-salted-tub",
    "brand": "Lurpak",
    "name": "Slightly Salted Spreadable Butter",
    "imageUrl": "https://shop.coles.com.au/wcsstore/Coles-CAS/images/5/3/9/5393910-th.jpg",
    "categories": ["dairy-eggs-meals"],
    "tags": ["dairy", "butter-margarine"],
    "locations": {
      "vic": {
        "price": 5,
        "promoText": "Was $6.00 on Apr 2018 ",
        "packageSize": "250g",
        "packagePrice": "$2.00 per 100G"
      }
    }
  },
  {
    "id": "western-star-butter-original-pat-210590p",
    "brand": "Western Star",
    "name": "Original Salted Butter",
    "imageUrl": "https://shop.coles.com.au/wcsstore/Coles-CAS/images/2/1/0/210590-th.jpg",
    "categories": ["dairy-eggs-meals"],
    "tags": ["dairy", "butter-margarine"],
    "locations": {
      "vic": {
        "price": 4,
        "promoText": " ",
        "packageSize": "250g",
        "packagePrice": "$1.60 per 100G"
      }
    }
  },
  {
    "id": "western-star-butter-blend-spreadable-supersoft-tub",
    "brand": "Western Star",
    "name": "Supersoft Spreadable Butter Blend",
    "imageUrl": "https://shop.coles.com.au/wcsstore/Coles-CAS/images/9/6/1/9615296-th.jpg",
    "categories": ["dairy-eggs-meals"],
    "tags": ["dairy", "butter-margarine"],
    "locations": {
      "vic": {
        "price": 6,
        "promoText": " ",
        "packageSize": "500g",
        "packagePrice": "$1.20 per 100G"
      }
    }
  },
  {
    "id": "butter-unsalted",
    "brand": "Coles",
    "name": "Unsalted Butter",
    "imageUrl": "https://shop.coles.com.au/wcsstore/Coles-CAS/images/3/1/6/3169879-th.jpg",
    "categories": ["dairy-eggs-meals"],
    "tags": ["dairy", "butter-margarine"],
    "locations": {
      "vic": {
        "price": 2.8,
        "promoText": " ",
        "packageSize": "250g",
        "packagePrice": "$1.12 per 100G"
      }
    }
  },
  {
    "id": "nuttelex-spread-margarine-original-tub",
    "brand": "Nuttelex",
    "name": "Original Spread",
    "imageUrl": "https://shop.coles.com.au/wcsstore/Coles-CAS/images/2/0/9/209161-th.jpg",
    "categories": ["dairy-eggs-meals"],
    "tags": ["dairy", "butter-margarine"],
    "locations": {
      "vic": {
        "price": 2.75,
        "promoText": "$0.75 ",
        "packageSize": "500g",
        "packagePrice": "$0.55 per 100G"
      }
    }
  },
  {
    "id": "coles-dairy-butter",
    "brand": "Coles",
    "name": "Butter",
    "imageUrl": "https://shop.coles.com.au/wcsstore/Coles-CAS/images/3/1/3/313505-th.jpg",
    "categories": ["dairy-eggs-meals"],
    "tags": ["dairy", "butter-margarine"],
    "locations": {
      "vic": {
        "price": 3.25,
        "promoText": " ",
        "packageSize": "250g",
        "packagePrice": "$1.30 per 100G"
      }
    }
  },
  {
    "id": "mainland-butter-soft-tub",
    "brand": "Mainland",
    "name": "Butter Soft Salted Spreadable Butter",
    "imageUrl": "https://shop.coles.com.au/wcsstore/Coles-CAS/images/6/8/5/6854734-th.jpg",
    "categories": ["dairy-eggs-meals"],
    "tags": ["dairy", "butter-margarine"],
    "locations": {
      "vic": {
        "price": 6.7,
        "promoText": " ",
        "packageSize": "375g",
        "packagePrice": "$1.79 per 100G"
      }
    }
  },
  {
    "id": "western-star-butter-original-pat",
    "brand": "Western Star",
    "name": "Original Salted Butter Pat",
    "imageUrl": "https://shop.coles.com.au/wcsstore/Coles-CAS/images/2/1/0/210604-th.jpg",
    "categories": ["dairy-eggs-meals"],
    "tags": ["dairy", "butter-margarine"],
    "locations": {
      "vic": {
        "price": 7,
        "promoText": " ",
        "packageSize": "500g",
        "packagePrice": "$14.00 per 1kg"
      }
    }
  },
  {
    "id": "coles-dairy-butter-pat",
    "brand": "Coles",
    "name": "Butter Pat",
    "imageUrl": "https://shop.coles.com.au/wcsstore/Coles-CAS/images/2/1/0/210160-th.jpg",
    "categories": ["dairy-eggs-meals"],
    "tags": ["dairy", "butter-margarine"],
    "locations": {
      "vic": {
        "price": 5.6,
        "promoText": " ",
        "packageSize": "500g",
        "packagePrice": "$1.12 per 100G"
      }
    }
  },
  {
    "id": "butter-salted",
    "brand": "Coles",
    "name": "Salted Butter",
    "imageUrl": "https://shop.coles.com.au/wcsstore/Coles-CAS/images/3/1/6/3169880-th.jpg",
    "categories": ["dairy-eggs-meals"],
    "tags": ["dairy", "butter-margarine"],
    "locations": {
      "vic": {
        "price": 5,
        "promoText": " ",
        "packageSize": "500g",
        "packagePrice": "$1.00 per 100G"
      }
    }
  },
  {
    "id": "western-star-butter-blend-spreadable-traditional-tub",
    "brand": "Western Star",
    "name": "Original Soft Spreadable Butter",
    "imageUrl": "https://shop.coles.com.au/wcsstore/Coles-CAS/images/7/7/1/7716850-th.jpg",
    "categories": ["dairy-eggs-meals"],
    "tags": ["dairy", "butter-margarine"],
    "locations": {
      "vic": {
        "price": 5,
        "promoText": " ",
        "packageSize": "375g",
        "packagePrice": "$1.33 per 100G"
      }
    }
  },
  {
    "id": "coles-salted-butter",
    "brand": "Coles",
    "name": "Salted Butter",
    "imageUrl": "https://shop.coles.com.au/wcsstore/Coles-CAS/images/3/1/6/3169835-th.jpg",
    "categories": ["dairy-eggs-meals"],
    "tags": ["dairy", "butter-margarine"],
    "locations": {
      "vic": {
        "price": 2.8,
        "promoText": " ",
        "packageSize": "250g",
        "packagePrice": "$1.12 per 100G"
      }
    }
  },
  {
    "id": "coles-spread-margarine-olive-oil-tub",
    "brand": "Coles",
    "name": "Olive Oil Spread",
    "imageUrl": "https://shop.coles.com.au/wcsstore/Coles-CAS/images/9/6/4/9641809-th.jpg",
    "categories": ["dairy-eggs-meals"],
    "tags": ["dairy", "butter-margarine"],
    "locations": {
      "vic": {
        "price": 2,
        "promoText": " ",
        "packageSize": "500g",
        "packagePrice": "$0.40 per 100G"
      }
    }
  },
  {
    "id": "western-star-butter-unsalted-pat",
    "brand": "Western Star",
    "name": "Unsalted Butter",
    "imageUrl": "https://shop.coles.com.au/wcsstore/Coles-CAS/images/7/7/3/7739731-th.jpg",
    "categories": ["dairy-eggs-meals"],
    "tags": ["dairy", "butter-margarine"],
    "locations": {
      "vic": {
        "price": 4,
        "promoText": " ",
        "packageSize": "250g",
        "packagePrice": "$1.60 per 100G"
      }
    }
  },
  {
    "id": "devondale-regular-butter",
    "brand": "Devondale",
    "name": "Salted Butter",
    "imageUrl": "https://shop.coles.com.au/wcsstore/Coles-CAS/images/1/7/7/1778617-th.jpg",
    "categories": ["dairy-eggs-meals"],
    "tags": ["dairy", "butter-margarine"],
    "locations": {
      "vic": {
        "price": 4.3,
        "promoText": " ",
        "packageSize": "250g",
        "packagePrice": "$1.72 per 100G"
      }
    }
  },
  {
    "id": "mainland-butter-soft-less-salt-tub",
    "brand": "Mainland",
    "name": "Butter Soft Salt Reduced Spreadable Butter",
    "imageUrl": "https://shop.coles.com.au/wcsstore/Coles-CAS/images/6/8/5/6854745-th.jpg",
    "categories": ["dairy-eggs-meals"],
    "tags": ["dairy", "butter-margarine"],
    "locations": {
      "vic": {
        "price": 6.7,
        "promoText": " ",
        "packageSize": "375g",
        "packagePrice": "$1.79 per 100G"
      }
    }
  },
  {
    "id": "coles-dairy-butter-unsalted-pat",
    "brand": "Coles",
    "name": "Unsalted Butter",
    "imageUrl": "https://shop.coles.com.au/wcsstore/Coles-CAS/images/4/6/8/46883-th.jpg",
    "categories": ["dairy-eggs-meals"],
    "tags": ["dairy", "butter-margarine"],
    "locations": {
      "vic": {
        "price": 3.25,
        "promoText": " ",
        "packageSize": "250g",
        "packagePrice": "$1.30 per 100G"
      }
    }
  },
  {
    "id": "nuttelex-spread-buttery",
    "brand": "Nuttelex",
    "name": "Buttery Spread",
    "imageUrl": "https://shop.coles.com.au/wcsstore/Coles-CAS/images/3/0/5/3056920-th.jpg",
    "categories": ["dairy-eggs-meals"],
    "tags": ["dairy", "butter-margarine"],
    "locations": {
      "vic": {
        "price": 2.75,
        "promoText": "$0.75 ",
        "packageSize": "500g",
        "packagePrice": "$0.55 per 100G"
      }
    }
  },
  {
    "id": "devondale-butter-blend-soft-tub",
    "brand": "Devondale",
    "name": "Regular Butter",
    "imageUrl": "https://shop.coles.com.au/wcsstore/Coles-CAS/images/5/0/1/5017500-th.jpg",
    "categories": ["dairy-eggs-meals"],
    "tags": ["dairy", "butter-margarine"],
    "locations": {
      "vic": {
        "price": 5.7,
        "promoText": " ",
        "packageSize": "500g",
        "packagePrice": "$1.14 per 100G"
      }
    }
  },
  {
    "id": "lurpak-butter-blend-spreadable-light-tub",
    "brand": "Lurpak",
    "name": "Spreadable Light Butter",
    "imageUrl": "https://shop.coles.com.au/wcsstore/Coles-CAS/images/7/1/7/7175363-th.jpg",
    "categories": ["dairy-eggs-meals"],
    "tags": ["dairy", "butter-margarine"],
    "locations": {
      "vic": {
        "price": 5,
        "promoText": "Was $6.00 on Apr 2018 ",
        "packageSize": "250g",
        "packagePrice": "$2.00 per 100G"
      }
    }
  },
  {
    "id": "western-star-butter-unsalted-continental-pat",
    "brand": "Western Star",
    "name": "Chef's Choice Unsalted Cultured Butter Pat",
    "imageUrl": "https://shop.coles.com.au/wcsstore/Coles-CAS/images/1/9/0/190100-th.jpg",
    "categories": ["dairy-eggs-meals"],
    "tags": ["dairy", "butter-margarine"],
    "locations": {
      "vic": {
        "price": 4,
        "promoText": " ",
        "packageSize": "250g",
        "packagePrice": "$1.60 per 100G"
      }
    }
  },
  {
    "id": "devondale-unsalted-pat-butter",
    "brand": "Devondale",
    "name": "Unsalted Pat Butter",
    "imageUrl": "https://shop.coles.com.au/wcsstore/Coles-CAS/images/1/9/8/1985917-th.jpg",
    "categories": ["dairy-eggs-meals"],
    "tags": ["dairy", "butter-margarine"],
    "locations": {
      "vic": {
        "price": 4.3,
        "promoText": " ",
        "packageSize": "250g",
        "packagePrice": "$1.72 per 100G"
      }
    }
  },
  {
    "id": "lurpak-butter-unsalted-danish-pat",
    "brand": "Lurpak",
    "name": "Unsalted Danish Butter",
    "imageUrl": "https://shop.coles.com.au/wcsstore/Coles-CAS/images/7/1/7/7174906-th.jpg",
    "categories": ["dairy-eggs-meals"],
    "tags": ["dairy", "butter-margarine"],
    "locations": {
      "vic": {
        "price": 5,
        "promoText": "Was $6.00 on Apr 2018 ",
        "packageSize": "250g",
        "packagePrice": "$2.00 per 100G"
      }
    }
  },
  {
    "id": "coles-organic-salted-butter",
    "brand": "Coles",
    "name": "Organic Salted Butter",
    "imageUrl": "https://shop.coles.com.au/wcsstore/Coles-CAS/images/3/5/1/3519416-th.jpg",
    "categories": ["dairy-eggs-meals", "healthy-living"],
    "tags": ["dairy", "butter-margarine"],
    "locations": {
      "vic": {
        "price": 3.7,
        "promoText": " ",
        "packageSize": "250g",
        "packagePrice": "$1.48 per 100G"
      }
    }
  },
  {
    "id": "mainland-organic-butter",
    "brand": "Mainland",
    "name": "Organic Salted Butter",
    "imageUrl": "https://shop.coles.com.au/wcsstore/Coles-CAS/images/1/7/0/1708076-th.jpg",
    "categories": ["dairy-eggs-meals", "healthy-living"],
    "tags": ["dairy", "butter-margarine"],
    "locations": {
      "vic": {
        "price": 5.4,
        "promoText": " ",
        "packageSize": "250g",
        "packagePrice": "$2.16 per 100G"
      }
    }
  },
  {
    "id": "lurpak-butter-slightly-salted-pat",
    "brand": "Lurpak",
    "name": "Slightly Salted Danish Butter",
    "imageUrl": "https://shop.coles.com.au/wcsstore/Coles-CAS/images/5/3/9/5394129-th.jpg",
    "categories": ["dairy-eggs-meals"],
    "tags": ["dairy", "butter-margarine"],
    "locations": {
      "vic": {
        "price": 5,
        "promoText": "Was $6.00 on Apr 2018 ",
        "packageSize": "250g",
        "packagePrice": "$2.00 per 100G"
      }
    }
  },
  {
    "id": "true-blue-butter-garlic-tub",
    "brand": "Tru-Blue",
    "name": "Garlic Butter Spread",
    "imageUrl": "https://shop.coles.com.au/wcsstore/Coles-CAS/images/6/8/0/6801964-th.jpg",
    "categories": ["dairy-eggs-meals"],
    "tags": ["dairy", "butter-margarine"],
    "locations": {
      "vic": {
        "price": 3,
        "promoText": " ",
        "packageSize": "150g",
        "packagePrice": "$2.00 per 100G"
      }
    }
  },
  {
    "id": "western-star-butter-chefs-choice-unsalted",
    "brand": "Western Star",
    "name": "Chef's Choice Unsalted Cultured Butter",
    "imageUrl": "https://shop.coles.com.au/wcsstore/Coles-CAS/images/9/3/7/93760-th.jpg",
    "categories": ["dairy-eggs-meals"],
    "tags": ["dairy", "butter-margarine"],
    "locations": {
      "vic": {
        "price": 7,
        "promoText": " ",
        "packageSize": "500g",
        "packagePrice": "$1.40 per 100G"
      }
    }
  },
  {
    "id": "western-star-salt-reduced-spreadable-butter-blend",
    "brand": "Western Star",
    "name": "Reduced Salt Spreadable Butter Blend",
    "imageUrl": "https://shop.coles.com.au/wcsstore/Coles-CAS/images/7/7/1/7716113-th.jpg",
    "categories": ["dairy-eggs-meals"],
    "tags": ["dairy", "butter-margarine"],
    "locations": {
      "vic": {
        "price": 6,
        "promoText": " ",
        "packageSize": "500g",
        "packagePrice": "$1.20 per 100G"
      }
    }
  },
  {
    "id": "farmers-table-butter-unsalted",
    "brand": "Farmer's Table",
    "name": "Unsalted Butter",
    "imageUrl": "https://shop.coles.com.au/wcsstore/Coles-CAS/images/3/5/1/3515404-th.jpg",
    "categories": ["dairy-eggs-meals"],
    "tags": ["dairy", "butter-margarine"],
    "locations": {
      "vic": {
        "price": 3.85,
        "promoText": " ",
        "packageSize": "250g",
        "packagePrice": "$1.54 per 100G"
      }
    }
  },
  {
    "id": "farmers-table-butter-salted",
    "brand": "Farmer's Table",
    "name": "Salted Butter",
    "imageUrl": "https://shop.coles.com.au/wcsstore/Coles-CAS/images/3/5/1/3515379-th.jpg",
    "categories": ["dairy-eggs-meals"],
    "tags": ["dairy", "butter-margarine"],
    "locations": {
      "vic": {
        "price": 3.85,
        "promoText": " ",
        "packageSize": "250g",
        "packagePrice": "$1.54 per 100G"
      }
    }
  },
  {
    "id": "bertolli-with-butter-sea-salt",
    "brand": "Bertolli",
    "name": "Sea Salt Butter",
    "imageUrl": "https://shop.coles.com.au/wcsstore/Coles-CAS/images/2/6/5/2653843-th.jpg",
    "categories": ["dairy-eggs-meals"],
    "tags": ["dairy", "butter-margarine"],
    "locations": {
      "vic": {
        "price": 4.5,
        "promoText": "Was $5.00 on Apr 2019 ",
        "packageSize": "400g",
        "packagePrice": "$1.13 per 100G"
      }
    }
  },
  {
    "id": "coles-smart-buy-margarine-spread",
    "brand": "Coles",
    "name": "Regular Spread",
    "imageUrl": "https://shop.coles.com.au/wcsstore/Coles-CAS/images/5/4/2/5428639-th.jpg",
    "categories": ["dairy-eggs-meals"],
    "tags": ["dairy", "butter-margarine"],
    "locations": {
      "vic": {
        "price": 1.6,
        "promoText": " ",
        "packageSize": "1kg",
        "packagePrice": "$1.60 per 1KG"
      }
    }
  },
  {
    "id": "mainland-pure-butter-pats-salted",
    "brand": "Mainland",
    "name": "Salted Pure Butter",
    "imageUrl": "https://shop.coles.com.au/wcsstore/Coles-CAS/images/3/0/6/3060767-th.jpg",
    "categories": ["dairy-eggs-meals"],
    "tags": ["dairy", "butter-margarine"],
    "locations": {
      "vic": {
        "price": 4.5,
        "promoText": "Was $5.00 on Apr 2019 ",
        "packageSize": "250g",
        "packagePrice": "$1.80 per 100G"
      }
    }
  },
  {
    "id": "mainland-organic-spreadable",
    "brand": "Mainland",
    "name": "Organic Salted Spreadable Butter",
    "imageUrl": "https://shop.coles.com.au/wcsstore/Coles-CAS/images/2/4/5/2458600-th.jpg",
    "categories": ["dairy-eggs-meals", "healthy-living"],
    "tags": ["dairy", "butter-margarine"],
    "locations": {
      "vic": {
        "price": 5.8,
        "promoText": " ",
        "packageSize": "250g",
        "packagePrice": "$2.32 per 100G"
      }
    }
  },
  {
    "id": "flora-spread-margarine-original-tub",
    "brand": "Flora",
    "name": "Dairy Margarine",
    "imageUrl": "https://shop.coles.com.au/wcsstore/Coles-CAS/images/2/2/2/222363-th.jpg",
    "categories": ["dairy-eggs-meals"],
    "tags": ["dairy", "butter-margarine"],
    "locations": {
      "vic": {
        "price": 4.5,
        "promoText": "Was $5.00 on Jun 2017 ",
        "packageSize": "1kg",
        "packagePrice": "$4.50 per 1KG"
      }
    }
  },
  {
    "id": "flora-spread-margarine-sunflower-light-tub",
    "brand": "Flora",
    "name": "Margarine Light Dairy",
    "imageUrl": "https://shop.coles.com.au/wcsstore/Coles-CAS/images/8/7/6/87643-th.jpg",
    "categories": ["dairy-eggs-meals"],
    "tags": ["dairy", "butter-margarine"],
    "locations": {
      "vic": {
        "price": 3,
        "promoText": " ",
        "packageSize": "500g",
        "packagePrice": "$0.60 per 100G"
      }
    }
  },
  {
    "id": "lurpak-spreadable-slightly-salted",
    "brand": "Lurpak",
    "name": "Slightly Salted Spreadable",
    "imageUrl": "https://shop.coles.com.au/wcsstore/Coles-CAS/images/3/7/8/3780358-th.jpg",
    "categories": ["dairy-eggs-meals"],
    "tags": ["dairy", "butter-margarine"],
    "locations": {
      "vic": {
        "price": 8.2,
        "promoText": " ",
        "packageSize": "500g",
        "packagePrice": "$1.64 per 100G"
      }
    }
  },
  {
    "id": "nuttelex-spread-margarine-olive-oil-tub",
    "brand": "Nuttelex",
    "name": "Olive Spread",
    "imageUrl": "https://shop.coles.com.au/wcsstore/Coles-CAS/images/5/3/8/5384679-th.jpg",
    "categories": ["dairy-eggs-meals"],
    "tags": ["dairy", "butter-margarine"],
    "locations": {
      "vic": {
        "price": 3.7,
        "promoText": " ",
        "packageSize": "500g",
        "packagePrice": "$0.74 per 100G"
      }
    }
  },
  {
    "id": "devondale-butter-blend-extra-soft-tub-5047613p",
    "brand": "Devondale",
    "name": "Regular Butter Blend",
    "imageUrl": "https://shop.coles.com.au/wcsstore/Coles-CAS/images/5/0/4/5047613-th.jpg",
    "categories": ["dairy-eggs-meals"],
    "tags": ["dairy", "butter-margarine"],
    "locations": {
      "vic": {
        "price": 5.7,
        "promoText": " ",
        "packageSize": "500g",
        "packagePrice": "$1.14 per 100G"
      }
    }
  },
  {
    "id": "lurpak-butter-blend-spreadable-unsalted-tub",
    "brand": "Lurpak",
    "name": "Unsalted Spreadable Butter",
    "imageUrl": "https://shop.coles.com.au/wcsstore/Coles-CAS/images/7/1/7/7175374-th.jpg",
    "categories": ["dairy-eggs-meals"],
    "tags": ["dairy", "butter-margarine"],
    "locations": {
      "vic": {
        "price": 5,
        "promoText": "Was $6.00 on Apr 2018 ",
        "packageSize": "250g",
        "packagePrice": "$2.00 per 100G"
      }
    }
  },
  {
    "id": "western-star-spreadable-blend-supersoft",
    "brand": "Western Star",
    "name": "Spreadable Butter Blend",
    "imageUrl": "https://shop.coles.com.au/wcsstore/Coles-CAS/images/9/6/1/9615263-th.jpg",
    "categories": ["dairy-eggs-meals"],
    "tags": ["dairy", "butter-margarine"],
    "locations": {
      "vic": {
        "price": 5,
        "promoText": " ",
        "packageSize": "375g",
        "packagePrice": "$1.33 per 100G"
      }
    }
  },
  {
    "id": "coles-butter-blend-original-tub",
    "brand": "Coles",
    "name": "Original Butter Blend",
    "imageUrl": "https://shop.coles.com.au/wcsstore/Coles-CAS/images/5/4/6/5469035-th.jpg",
    "categories": ["dairy-eggs-meals"],
    "tags": ["dairy", "butter-margarine"],
    "locations": {
      "vic": {
        "price": 3.8,
        "promoText": " ",
        "packageSize": "500g",
        "packagePrice": "$0.76 per 100G"
      }
    }
  },
  {
    "id": "coles-dairy-butter-red-salt",
    "brand": "Coles",
    "name": "Salt Reduced Butter",
    "imageUrl": "https://shop.coles.com.au/wcsstore/Coles-CAS/images/5/0/7/5079234-th.jpg",
    "categories": ["dairy-eggs-meals"],
    "tags": ["dairy", "butter-margarine"],
    "locations": {
      "vic": {
        "price": 3.25,
        "promoText": " ",
        "packageSize": "250g",
        "packagePrice": "$1.30 per 100G"
      }
    }
  },
  {
    "id": "devondale-butter-blend-soft-reduced-salt-tub",
    "brand": "Devondale",
    "name": "Salt Reduced Butter",
    "imageUrl": "https://shop.coles.com.au/wcsstore/Coles-CAS/images/5/0/1/5017496-th.jpg",
    "categories": ["dairy-eggs-meals"],
    "tags": ["dairy", "butter-margarine"],
    "locations": {
      "vic": {
        "price": 5.7,
        "promoText": " ",
        "packageSize": "500g",
        "packagePrice": "$1.14 per 100G"
      }
    }
  },
  {
    "id": "devondale-extra-soft",
    "brand": "Devondale",
    "name": "Extra Soft Butter Less Fat",
    "imageUrl": "https://shop.coles.com.au/wcsstore/Coles-CAS/images/3/5/1/3512053-th.jpg",
    "categories": ["dairy-eggs-meals"],
    "tags": ["dairy", "butter-margarine"],
    "locations": {
      "vic": {
        "price": 7.5,
        "promoText": " ",
        "packageSize": "750g",
        "packagePrice": "$1.00 per 100G"
      }
    }
  },
  {
    "id": "flora-spread-margarine-pro-activ-buttery-tub",
    "brand": "Flora",
    "name": "Pro Activ Dairy Margarine",
    "imageUrl": "https://shop.coles.com.au/wcsstore/Coles-CAS/images/8/0/8/8085029-th.jpg",
    "categories": ["dairy-eggs-meals"],
    "tags": ["dairy", "butter-margarine"],
    "locations": {
      "vic": {
        "price": 8,
        "promoText": " ",
        "packageSize": "500g",
        "packagePrice": "$1.60 per 100G"
      }
    }
  },
  {
    "id": "flora-spread-margarine-sunflower-reduced-salt-tub",
    "brand": "Flora",
    "name": "Margarine Dairy Sunflower",
    "imageUrl": "https://shop.coles.com.au/wcsstore/Coles-CAS/images/4/2/1/421494-th.jpg",
    "categories": ["dairy-eggs-meals"],
    "tags": ["dairy", "butter-margarine"],
    "locations": {
      "vic": {
        "price": 3,
        "promoText": " ",
        "packageSize": "500g",
        "packagePrice": "$0.60 per 100G"
      }
    }
  },
  {
    "id": "flora-pro-activ-dairy-spread-original",
    "brand": "Flora",
    "name": "Pro Activ Spread",
    "imageUrl": "https://shop.coles.com.au/wcsstore/Coles-CAS/images/1/9/9/1991953-th.jpg",
    "categories": ["dairy-eggs-meals"],
    "tags": ["dairy", "butter-margarine"],
    "locations": {
      "vic": {
        "price": 10,
        "promoText": " ",
        "packageSize": "750g",
        "packagePrice": "$1.33 per 100G"
      }
    }
  },
  {
    "id": "great-ocean-road-pat-butter-sea-salt-250g",
    "brand": "Great Ocean Road",
    "name": "Butter With Sea Salt",
    "imageUrl": "https://shop.coles.com.au/wcsstore/Coles-CAS/images/3/7/8/3783764-th.jpg",
    "categories": ["dairy-eggs-meals"],
    "tags": ["dairy", "butter-margarine"],
    "locations": {
      "vic": {
        "price": 4.5,
        "promoText": " ",
        "packageSize": "250g",
        "packagePrice": "$1.80 per 100G"
      }
    }
  },
  {
    "id": "devondale-butter-blend-extra-soft-tub",
    "brand": "Devondale",
    "name": "Extra Soft  Butter Blend",
    "imageUrl": "https://shop.coles.com.au/wcsstore/Coles-CAS/images/5/0/4/5047602-th.jpg",
    "categories": ["dairy-eggs-meals"],
    "tags": ["dairy", "butter-margarine"],
    "locations": {
      "vic": {
        "price": 4.5,
        "promoText": " ",
        "packageSize": "375g",
        "packagePrice": "$1.20 per 100G"
      }
    }
  },
  {
    "id": "flora-spread-margarine-pro-activ-tub",
    "brand": "Flora",
    "name": "Pro Activ Dairy Margarine",
    "imageUrl": "https://shop.coles.com.au/wcsstore/Coles-CAS/images/8/1/4/8146940-th.jpg",
    "categories": ["dairy-eggs-meals"],
    "tags": ["dairy", "butter-margarine"],
    "locations": {
      "vic": {
        "price": 4.5,
        "promoText": " ",
        "packageSize": "250g",
        "packagePrice": "$1.80 per 100G"
      }
    }
  },
  {
    "id": "flora-spread-margarine-pro-activ-light-tub",
    "brand": "Flora",
    "name": "Pro Activ Dairy Margarine",
    "imageUrl": "https://shop.coles.com.au/wcsstore/Coles-CAS/images/9/4/1/9410760-th.jpg",
    "categories": ["dairy-eggs-meals"],
    "tags": ["dairy", "butter-margarine"],
    "locations": {
      "vic": {
        "price": 8,
        "promoText": " ",
        "packageSize": "500g",
        "packagePrice": "$1.60 per 100G"
      }
    }
  },
  {
    "id": "mailnland-organic-blend-unsalted",
    "brand": "Mainland",
    "name": "Organic Blend Unsalted",
    "imageUrl": "https://shop.coles.com.au/wcsstore/Coles-CAS/images/3/1/9/3198866-th.jpg",
    "categories": ["dairy-eggs-meals", "healthy-living"],
    "tags": ["dairy", "butter-margarine"],
    "locations": {
      "vic": {
        "price": 5.8,
        "promoText": " ",
        "packageSize": "250g",
        "packagePrice": "$2.32 per 100G"
      }
    }
  },
  {
    "id": "western-star-butter-reduced-salt-pat",
    "brand": "Western Star",
    "name": "Salt Reduced Butter",
    "imageUrl": "https://shop.coles.com.au/wcsstore/Coles-CAS/images/2/6/6/266121-th.jpg",
    "categories": ["dairy-eggs-meals"],
    "tags": ["dairy", "butter-margarine"],
    "locations": {
      "vic": {
        "price": 4,
        "promoText": " ",
        "packageSize": "250g",
        "packagePrice": "$1.60 per 100G"
      }
    }
  },
  {
    "id": "copha-oil-solid-cooking",
    "brand": "Copha",
    "name": "Vegetable Cooking Oil Solid",
    "imageUrl": "https://shop.coles.com.au/wcsstore/Coles-CAS/images/1/8/9/189483-th.jpg",
    "categories": ["dairy-eggs-meals"],
    "tags": ["dairy", "butter-margarine"],
    "locations": {
      "vic": {
        "price": 2.8,
        "promoText": " ",
        "packageSize": "250g",
        "packagePrice": "$1.12 per 100G"
      }
    }
  },
  {
    "id": "flora-pro-activ-chilled-buttery-with-real-buttermilk",
    "brand": "Flora",
    "name": "Pro Activ Buttery",
    "imageUrl": "https://shop.coles.com.au/wcsstore/Coles-CAS/images/2/9/4/2941156-th.jpg",
    "categories": ["dairy-eggs-meals"],
    "tags": ["dairy", "butter-margarine"],
    "locations": {
      "vic": {
        "price": 4.5,
        "promoText": " ",
        "packageSize": "250g",
        "packagePrice": "$1.80 per 100G"
      }
    }
  },
  {
    "id": "mainland-dairy-butter-soft",
    "brand": "Mainland",
    "name": "Butter Soft Salted",
    "imageUrl": "https://shop.coles.com.au/wcsstore/Coles-CAS/images/6/8/5/6855500-th.jpg",
    "categories": ["dairy-eggs-meals"],
    "tags": ["dairy", "butter-margarine"],
    "locations": {
      "vic": {
        "price": 5.5,
        "promoText": " ",
        "packageSize": "250g",
        "packagePrice": "$2.20 per 100G"
      }
    }
  },
  {
    "id": "mainland-pure-butter-pat-unsalted",
    "brand": "Mainland",
    "name": "Pure Butter Unsalted",
    "imageUrl": "https://shop.coles.com.au/wcsstore/Coles-CAS/images/3/0/6/3060756-th.jpg",
    "categories": ["dairy-eggs-meals"],
    "tags": ["dairy", "butter-margarine"],
    "locations": {
      "vic": {
        "price": 5,
        "promoText": " ",
        "packageSize": "250g",
        "packagePrice": "$2.00 per 100G"
      }
    }
  },
  {
    "id": "flora-pro-activ-spread-buttery",
    "brand": "Flora",
    "name": "Pro Activ Spread",
    "imageUrl": "https://shop.coles.com.au/wcsstore/Coles-CAS/images/1/9/7/1977078-th.jpg",
    "categories": ["dairy-eggs-meals"],
    "tags": ["dairy", "butter-margarine"],
    "locations": {
      "vic": {
        "price": 10,
        "promoText": " ",
        "packageSize": "750g",
        "packagePrice": "$1.33 per 100G"
      }
    }
  },
  {
    "id": "flora-plant-based-butter-salted",
    "brand": "Flora",
    "name": "Plant Based Butter Salted",
    "imageUrl": "https://shop.coles.com.au/wcsstore/Coles-CAS/images/3/5/1/3512756-th.jpg",
    "categories": ["dairy-eggs-meals"],
    "tags": ["dairy", "butter-margarine"],
    "locations": {
      "vic": {
        "price": 2,
        "promoText": "$1.00 ",
        "packageSize": "250g",
        "packagePrice": "$0.80 per 100G"
      }
    }
  },
  {
    "id": "flora-plant-base-butter-lightly-salted",
    "brand": "Flora",
    "name": "Plant Based Butter Lightly Salted",
    "imageUrl": "https://shop.coles.com.au/wcsstore/Coles-CAS/images/3/5/1/3512767-th.jpg",
    "categories": ["dairy-eggs-meals"],
    "tags": ["dairy", "butter-margarine"],
    "locations": {
      "vic": {
        "price": 2,
        "promoText": "$1.00 ",
        "packageSize": "250g",
        "packagePrice": "$0.80 per 100G"
      }
    }
  },
  {
    "id": "lurpak-butter-with-crushed-garlic",
    "brand": "Lurpak",
    "name": "Danish Butter With Crushed Garlic",
    "imageUrl": "https://shop.coles.com.au/wcsstore/Coles-CAS/images/1/7/3/1730188-th.jpg",
    "categories": ["dairy-eggs-meals"],
    "tags": ["dairy", "butter-margarine"],
    "locations": {
      "vic": {
        "price": 3.5,
        "promoText": " ",
        "packageSize": "125g",
        "packagePrice": "$2.80 per 100G"
      }
    }
  },
  {
    "id": "mainland-butter-soft-spreadable-reduced-salt",
    "brand": "Mainland",
    "name": "Butter Soft Reduced Salt",
    "imageUrl": "https://shop.coles.com.au/wcsstore/Coles-CAS/images/6/8/5/6855522-th.jpg",
    "categories": ["dairy-eggs-meals"],
    "tags": ["dairy", "butter-margarine"],
    "locations": {
      "vic": {
        "price": 5.5,
        "promoText": " ",
        "packageSize": "250g",
        "packagePrice": "$2.20 per 100G"
      }
    }
  },
  {
    "id": "yorkfoods-lard",
    "brand": "York Foods",
    "name": "Lard",
    "imageUrl": "https://shop.coles.com.au/wcsstore/Coles-CAS/images/2/2/5/2256468-th.jpg",
    "categories": ["dairy-eggs-meals"],
    "tags": ["dairy", "butter-margarine"],
    "locations": {
      "vic": {
        "price": 4.5,
        "promoText": " ",
        "packageSize": "250g",
        "packagePrice": "$1.80 per 100G"
      }
    }
  },
  {
    "id": "flora-buttery-margarine",
    "brand": "Flora",
    "name": "Buttery Margarine",
    "imageUrl": "https://shop.coles.com.au/wcsstore/Coles-CAS/images/3/5/1/3515299-th.jpg",
    "categories": ["dairy-eggs-meals"],
    "tags": ["dairy", "butter-margarine"],
    "locations": {
      "vic": {
        "price": 4.5,
        "promoText": " ",
        "packageSize": "1kg",
        "packagePrice": "$4.50 per 1KG"
      }
    }
  },
  {
    "id": "flora-plant-spread-buttery",
    "brand": "Flora",
    "name": "Plant Spread Buttery",
    "imageUrl": "https://shop.coles.com.au/wcsstore/ColesResponsiveStorefrontAssetStore/dist/ccfc54aed6e361b650bcf0582f7b576b/img/img_product-placeholder.png",
    "categories": ["dairy-eggs-meals"],
    "tags": ["dairy", "butter-margarine"],
    "locations": {
      "vic": {
        "price": 3.2,
        "promoText": " ",
        "packageSize": "300g",
        "packagePrice": "$1.07 per 100G"
      }
    }
  },
  {
    "id": "flora-plant-dairy-fre-original",
    "brand": "Flora",
    "name": "Plant Dairy Free Original",
    "imageUrl": "https://shop.coles.com.au/wcsstore/Coles-CAS/images/3/7/8/3783040-th.jpg",
    "categories": ["dairy-eggs-meals"],
    "tags": ["dairy", "butter-margarine"],
    "locations": {
      "vic": {
        "price": 3.2,
        "promoText": " ",
        "packageSize": "300g",
        "packagePrice": "$1.07 per 100G"
      }
    }
  },
  {
    "id": "great-ocean-road-pat-butter-unsalted-250g",
    "brand": "Great Ocean Road",
    "name": "Road Pat Butter Unsalted",
    "imageUrl": "https://shop.coles.com.au/wcsstore/Coles-CAS/images/3/7/8/3783775-th.jpg",
    "categories": ["dairy-eggs-meals"],
    "tags": ["dairy", "butter-margarine"],
    "locations": {
      "vic": {
        "price": 4.5,
        "promoText": " ",
        "packageSize": "250g",
        "packagePrice": "$1.80 per 100G"
      }
    }
  },
  {
    "id": "wik-dripping",
    "brand": "Wik",
    "name": "Dripping",
    "imageUrl": "https://shop.coles.com.au/wcsstore/Coles-CAS/images/3/2/7/3277088-th.jpg",
    "categories": ["dairy-eggs-meals"],
    "tags": ["dairy", "butter-margarine"],
    "locations": {
      "vic": {
        "price": 2.5,
        "promoText": " ",
        "packageSize": "500g",
        "packagePrice": "$0.50 per 100G"
      }
    }
  },
  {
    "id": "bulla-cream-thickened-381312p",
    "brand": "Bulla",
    "name": "Thickened Cream",
    "imageUrl": "https://shop.coles.com.au/wcsstore/Coles-CAS/images/3/8/1/381312-th.jpg",
    "categories": ["dairy-eggs-meals"],
    "tags": ["dairy", "cream"],
    "locations": {
      "vic": {
        "price": 4.7,
        "promoText": " ",
        "packageSize": "600mL",
        "packagePrice": "$0.78 per 100mL"
      }
    }
  },
  {
    "id": "bulla-cream-thickened",
    "brand": "Bulla",
    "name": "Thickened Cream",
    "imageUrl": "https://shop.coles.com.au/wcsstore/Coles-CAS/images/3/8/1/381323-th.jpg",
    "categories": ["dairy-eggs-meals"],
    "tags": ["dairy", "cream"],
    "locations": {
      "vic": {
        "price": 2.5,
        "promoText": " ",
        "packageSize": "300mL",
        "packagePrice": "$0.83 per 100mL"
      }
    }
  },
  {
    "id": "coles-cream-thickened-246973p",
    "brand": "Coles",
    "name": "Thickened Cream",
    "imageUrl": "https://shop.coles.com.au/wcsstore/Coles-CAS/images/2/4/6/246973-th.jpg",
    "categories": ["dairy-eggs-meals"],
    "tags": ["dairy", "cream"],
    "locations": {
      "vic": {
        "price": 1.9,
        "promoText": " ",
        "packageSize": "300mL",
        "packagePrice": "$0.63 per 100mL"
      }
    }
  },
  {
    "id": "coles-cream-thickened-246962p",
    "brand": "Coles",
    "name": "Thickened Cream",
    "imageUrl": "https://shop.coles.com.au/wcsstore/Coles-CAS/images/2/4/6/246962-th.jpg",
    "categories": ["dairy-eggs-meals"],
    "tags": ["dairy", "cream"],
    "locations": {
      "vic": {
        "price": 3,
        "promoText": " ",
        "packageSize": "600mL",
        "packagePrice": "$0.50 per 100mL"
      }
    }
  },
  {
    "id": "bulla-cream-sour-premium",
    "brand": "Bulla",
    "name": "Sour Cream",
    "imageUrl": "https://shop.coles.com.au/wcsstore/Coles-CAS/images/8/2/4/8242670-th.jpg",
    "categories": ["dairy-eggs-meals"],
    "tags": ["dairy", "cream"],
    "locations": {
      "vic": {
        "price": 2.7,
        "promoText": " ",
        "packageSize": "200mL",
        "packagePrice": "$1.35 per 100mL"
      }
    }
  },
  {
    "id": "coles-light-sour-cream-300g",
    "brand": "Coles",
    "name": "Light Sour Cream",
    "imageUrl": "https://shop.coles.com.au/wcsstore/Coles-CAS/images/3/6/7/3676979-th.jpg",
    "categories": ["dairy-eggs-meals"],
    "tags": ["dairy", "cream"],
    "locations": {
      "vic": {
        "price": 2.1,
        "promoText": " ",
        "packageSize": "300g",
        "packagePrice": "$0.70 per 100G"
      }
    }
  },
  {
    "id": "coles-sour-cream-300g",
    "brand": "Coles",
    "name": "Sour Cream",
    "imageUrl": "https://shop.coles.com.au/wcsstore/Coles-CAS/images/3/6/7/3676946-th.jpg",
    "categories": ["dairy-eggs-meals"],
    "tags": ["dairy", "cream"],
    "locations": {
      "vic": {
        "price": 2.1,
        "promoText": " ",
        "packageSize": "300g",
        "packagePrice": "$0.70 per 100G"
      }
    }
  },
  {
    "id": "bulla-lactose-free-sour-cream-200ml",
    "brand": "Bulla",
    "name": "Lactose Free Light Sour Cream",
    "imageUrl": "https://shop.coles.com.au/wcsstore/Coles-CAS/images/3/5/4/3540650-th.jpg",
    "categories": ["dairy-eggs-meals"],
    "tags": ["dairy", "cream"],
    "locations": {
      "vic": {
        "price": 3.2,
        "promoText": " ",
        "packageSize": "200mL",
        "packagePrice": "$1.60 per 100G"
      }
    }
  },
  {
    "id": "pura-cream-thick-dollop-tub",
    "brand": "Pura",
    "name": "Thick Dollop Cream Tub",
    "imageUrl": "https://shop.coles.com.au/wcsstore/Coles-CAS/images/5/4/3/5435340-th.jpg",
    "categories": ["dairy-eggs-meals"],
    "tags": ["dairy", "cream"],
    "locations": {
      "vic": {
        "price": 3,
        "promoText": "$0.60 ",
        "packageSize": "300mL",
        "packagePrice": "$1.00 per 100mL"
      }
    }
  },
  {
    "id": "coles-simply-less-cream-thickened-light",
    "brand": "Coles",
    "name": "Light Thickened Cream",
    "imageUrl": "https://shop.coles.com.au/wcsstore/Coles-CAS/images/5/0/3/5033765-th.jpg",
    "categories": ["dairy-eggs-meals"],
    "tags": ["dairy", "cream"],
    "locations": {
      "vic": {
        "price": 1.9,
        "promoText": " ",
        "packageSize": "300mL",
        "packagePrice": "$0.63 per 100mL"
      }
    }
  },
  {
    "id": "coles-sour-cream-500g",
    "brand": "Coles",
    "name": "Sour Cream",
    "imageUrl": "https://shop.coles.com.au/wcsstore/Coles-CAS/images/3/6/7/3676980-th.jpg",
    "categories": ["dairy-eggs-meals"],
    "tags": ["dairy", "cream"],
    "locations": {
      "vic": {
        "price": 3.4,
        "promoText": " ",
        "packageSize": "500g",
        "packagePrice": "$0.68 per 100G"
      }
    }
  },
  {
    "id": "pauls-cream-zymil-thickened-light",
    "brand": "Pauls",
    "name": "Zymil Light Thickened Cream",
    "imageUrl": "https://shop.coles.com.au/wcsstore/Coles-CAS/images/8/6/6/8660080-th.jpg",
    "categories": ["dairy-eggs-meals"],
    "tags": ["dairy", "cream"],
    "locations": {
      "vic": {
        "price": 3.35,
        "promoText": " ",
        "packageSize": "300mL",
        "packagePrice": "$1.12 per 100mL"
      }
    }
  },
  {
    "id": "coles-australian-dollop-cream",
    "brand": "Coles",
    "name": "Dollop Cream",
    "imageUrl": "https://shop.coles.com.au/wcsstore/Coles-CAS/images/2/0/8/2089435-th.jpg",
    "categories": ["dairy-eggs-meals"],
    "tags": ["dairy", "cream"],
    "locations": {
      "vic": {
        "price": 4.1,
        "promoText": " ",
        "packageSize": "300mL",
        "packagePrice": "$1.37 per 100mL"
      }
    }
  },
  {
    "id": "bulla-creme-fraiche",
    "brand": "Bulla",
    "name": "Crme Fraiche",
    "imageUrl": "https://shop.coles.com.au/wcsstore/Coles-CAS/images/8/4/5/8453381-th.jpg",
    "categories": ["dairy-eggs-meals"],
    "tags": ["dairy", "cream"],
    "locations": {
      "vic": {
        "price": 4.2,
        "promoText": " ",
        "packageSize": "200g",
        "packagePrice": "$2.10 per 100G"
      }
    }
  },
  {
    "id": "dairy-farmers-cream-fresh-5096357p",
    "brand": "Dairy Farmers",
    "name": "Pure Cream",
    "imageUrl": "https://shop.coles.com.au/wcsstore/Coles-CAS/images/5/0/9/5096357-th.jpg",
    "categories": ["dairy-eggs-meals"],
    "tags": ["dairy", "cream"],
    "locations": {
      "vic": {
        "price": 2.95,
        "promoText": " ",
        "packageSize": "300mL",
        "packagePrice": "$0.98 per 100mL"
      }
    }
  },
  {
    "id": "sheese-creamy-spring-oinion-cracked-pepper",
    "brand": "Sheese",
    "name": "Creamy Spring Onion & Cracked Pepper",
    "imageUrl": "https://shop.coles.com.au/wcsstore/Coles-CAS/images/3/5/6/3561310-th.jpg",
    "categories": ["dairy-eggs-meals"],
    "tags": ["dairy", "cream"],
    "locations": {
      "vic": {
        "price": 6.5,
        "promoText": " ",
        "packageSize": "255g",
        "packagePrice": "$25.49 per 1Kg"
      }
    }
  },
  {
    "id": "dream-whip-cream-aerosol-original",
    "brand": "Dream Whip",
    "name": "Whipped Dairy Topping Cream",
    "imageUrl": "https://shop.coles.com.au/wcsstore/Coles-CAS/images/5/3/6/5362360-th.jpg",
    "categories": ["dairy-eggs-meals"],
    "tags": ["dairy", "cream"],
    "locations": {
      "vic": {
        "price": 4,
        "promoText": " ",
        "packageSize": "250g",
        "packagePrice": "$1.60 per 100G"
      }
    }
  },
  {
    "id": "sheese-creamy-sweet-chilli",
    "brand": "Sheese",
    "name": "Creamy Sweet Chilli",
    "imageUrl": "https://shop.coles.com.au/wcsstore/Coles-CAS/images/3/5/6/3561332-th.jpg",
    "categories": ["dairy-eggs-meals"],
    "tags": ["dairy", "cream"],
    "locations": {
      "vic": {
        "price": 3.6,
        "promoText": "$2.90 ",
        "packageSize": "255g",
        "packagePrice": "$14.12 per 1Kg"
      }
    }
  },
  {
    "id": "pauls-custard-vanilla-279939p",
    "brand": "Pauls",
    "name": "Vanilla Custard",
    "imageUrl": "https://shop.coles.com.au/wcsstore/Coles-CAS/images/2/7/9/279939-th.jpg",
    "categories": ["dairy-eggs-meals"],
    "tags": ["dairy", "custard"],
    "locations": {
      "vic": {
        "price": 4.2,
        "promoText": " ",
        "packageSize": "1kg",
        "packagePrice": "$0.42 per 100G"
      }
    }
  },
  {
    "id": "pauls-custard-vanilla",
    "brand": "Pauls",
    "name": "Vanilla Custard",
    "imageUrl": "https://shop.coles.com.au/wcsstore/Coles-CAS/images/2/2/1/221087-th.jpg",
    "categories": ["dairy-eggs-meals"],
    "tags": ["dairy", "custard"],
    "locations": {
      "vic": {
        "price": 3.1,
        "promoText": " ",
        "packageSize": "600g",
        "packagePrice": "$0.52 per 100G"
      }
    }
  },
  {
    "id": "pauls-custard-vanilla-light",
    "brand": "Pauls",
    "name": "Gluten Free Low Fat Vanilla Custard",
    "imageUrl": "https://shop.coles.com.au/wcsstore/Coles-CAS/images/5/5/9/5590987-th.jpg",
    "categories": ["dairy-eggs-meals"],
    "tags": ["dairy", "custard"],
    "locations": {
      "vic": {
        "price": 3,
        "promoText": " ",
        "packageSize": "600g",
        "packagePrice": "$0.50 per 100G"
      }
    }
  },
  {
    "id": "dairy-farmers-custard-vanilla-thick-carton",
    "brand": "Dairy Farmers",
    "name": "Thick Vanilla Custard Carton",
    "imageUrl": "https://shop.coles.com.au/wcsstore/Coles-CAS/images/7/6/5/7653374-th.jpg",
    "categories": ["dairy-eggs-meals"],
    "tags": ["dairy", "custard"],
    "locations": {
      "vic": {
        "price": 5,
        "promoText": " ",
        "packageSize": "1kg",
        "packagePrice": "$0.50 per 100G"
      }
    }
  },
  {
    "id": "coles-custard-vanilla",
    "brand": "Coles",
    "name": "Vanilla Flavour Custard",
    "imageUrl": "https://shop.coles.com.au/wcsstore/Coles-CAS/images/7/1/5/7152346-th.jpg",
    "categories": ["dairy-eggs-meals"],
    "tags": ["dairy", "custard"],
    "locations": {
      "vic": {
        "price": 1.9,
        "promoText": " ",
        "packageSize": "600g",
        "packagePrice": "$0.32 per 100G"
      }
    }
  },
  {
    "id": "pauls-custard-double-thick-chocolate",
    "brand": "Pauls",
    "name": "Rich Chocolate Double Thick Custard",
    "imageUrl": "https://shop.coles.com.au/wcsstore/Coles-CAS/images/7/1/4/7146230-th.jpg",
    "categories": ["dairy-eggs-meals"],
    "tags": ["dairy", "custard"],
    "locations": {
      "vic": {
        "price": 5.15,
        "promoText": " ",
        "packageSize": "900g",
        "packagePrice": "$0.57 per 100G"
      }
    }
  },
  {
    "id": "yumis-dip-kalamata-olive",
    "brand": "Yumi's",
    "name": "Gluten Free Kalamata Olive Classic Dip",
    "imageUrl": "https://shop.coles.com.au/wcsstore/Coles-CAS/images/7/1/1/7117447-th.jpg",
    "categories": ["dairy-eggs-meals"],
    "tags": ["dairy", "dips-pate"],
    "locations": {
      "vic": {
        "price": 3,
        "promoText": "$1.00 ",
        "packageSize": "200g",
        "packagePrice": "$1.50 per 100G"
      }
    }
  },
  {
    "id": "coles-trio-olive-capsicum",
    "brand": "Coles",
    "name": "Trio Of Olives & Roasted Capsicum Dip",
    "imageUrl": "https://shop.coles.com.au/wcsstore/Coles-CAS/images/3/0/4/3048127-th.jpg",
    "categories": ["dairy-eggs-meals"],
    "tags": ["dairy", "dips-pate"],
    "locations": {
      "vic": {
        "price": 3,
        "promoText": "Was $3.50 on Jan 2020 ",
        "packageSize": "150g",
        "packagePrice": "$2.00 per 100G"
      }
    }
  },
  {
    "id": "yumis-dip-classic-mediterranean-eggplant",
    "brand": "Yumi's",
    "name": "Gluten Free Classic Baked Mediterranean Eggplant Dip",
    "imageUrl": "https://shop.coles.com.au/wcsstore/Coles-CAS/images/8/6/7/8670878-th.jpg",
    "categories": ["dairy-eggs-meals"],
    "tags": ["dairy", "dips-pate"],
    "locations": {
      "vic": {
        "price": 3,
        "promoText": "$1.00 ",
        "packageSize": "200g",
        "packagePrice": "$1.50 per 100G"
      }
    }
  },
  {
    "id": "black-swan-dip-caviar",
    "brand": "Black Swan",
    "name": "Caviar Dip",
    "imageUrl": "https://shop.coles.com.au/wcsstore/Coles-CAS/images/9/5/8/9580715-th.jpg",
    "categories": ["dairy-eggs-meals"],
    "tags": ["dairy", "dips-pate"],
    "locations": {
      "vic": {
        "price": 3.5,
        "promoText": "Any 2 $6",
        "packageSize": "200g",
        "packagePrice": "$1.75 per 100G"
      }
    }
  },
  {
    "id": "black-swan-farmers-best-dip-hommus-with-garlic",
    "brand": "Black Swan",
    "name": "Crafted Roasted Garlic Hommus Dip",
    "imageUrl": "https://shop.coles.com.au/wcsstore/Coles-CAS/images/7/9/1/7916291-th.jpg",
    "categories": ["dairy-eggs-meals"],
    "tags": ["dairy", "dips-pate"],
    "locations": {
      "vic": {
        "price": 4.3,
        "promoText": " ",
        "packageSize": "200g",
        "packagePrice": "$2.15 per 100G"
      }
    }
  },
  {
    "id": "yumis-dip-chipotle-hommus",
    "brand": "Yumi's",
    "name": "Gluten Free Classic Smokey Chipotle Hommus Dip",
    "imageUrl": "https://shop.coles.com.au/wcsstore/Coles-CAS/images/3/0/3/3039400-th.jpg",
    "categories": ["dairy-eggs-meals"],
    "tags": ["dairy", "dips-pate"],
    "locations": {
      "vic": {
        "price": 3,
        "promoText": "$1.00 ",
        "packageSize": "200g",
        "packagePrice": "$1.50 per 100G"
      }
    }
  },
  {
    "id": "pilpel-hommus-dip",
    "brand": "Pilpel",
    "name": "Gluten Free Hummous Dip",
    "imageUrl": "https://shop.coles.com.au/wcsstore/Coles-CAS/images/2/2/0/2207848-th.jpg",
    "categories": ["dairy-eggs-meals"],
    "tags": ["dairy", "dips-pate"],
    "locations": {
      "vic": {
        "price": 5,
        "promoText": " ",
        "packageSize": "200g",
        "packagePrice": "$2.50 per 100G"
      }
    }
  },
  {
    "id": "coles-smokey-baba-ganoosh",
    "brand": "Coles",
    "name": "Smokey Baba Ganoush Dip",
    "imageUrl": "https://shop.coles.com.au/wcsstore/Coles-CAS/images/3/0/4/3048149-th.jpg",
    "categories": ["dairy-eggs-meals"],
    "tags": ["dairy", "dips-pate"],
    "locations": {
      "vic": {
        "price": 3,
        "promoText": "Was $3.50 on Jan 2020 ",
        "packageSize": "150g",
        "packagePrice": "$2.00 per 100G"
      }
    }
  },
  {
    "id": "normandie-pate-cognac",
    "brand": "Normandie",
    "name": "Chicken With Cognac Pate",
    "imageUrl": "https://shop.coles.com.au/wcsstore/Coles-CAS/images/4/7/6/476420-th.jpg",
    "categories": ["dairy-eggs-meals"],
    "tags": ["dairy", "dips-pate"],
    "locations": {
      "vic": {
        "price": 4.5,
        "promoText": " ",
        "packageSize": "150g",
        "packagePrice": "$3.00 per 100G"
      }
    }
  },
  {
    "id": "black-swan-farmers-best-dip-spinach-feta",
    "brand": "Black Swan",
    "name": "Crafted Baby Spinach & Fetta Dip",
    "imageUrl": "https://shop.coles.com.au/wcsstore/Coles-CAS/images/6/5/2/6529198-th.jpg",
    "categories": ["dairy-eggs-meals"],
    "tags": ["dairy", "dips-pate"],
    "locations": {
      "vic": {
        "price": 4.3,
        "promoText": " ",
        "packageSize": "200g",
        "packagePrice": "$2.15 per 100G"
      }
    }
  },
  {
    "id": "obela--dip-hommus-savoury-garlic",
    "brand": "Obela",
    "name": "Savoury Garlic Hommus Dip",
    "imageUrl": "https://shop.coles.com.au/wcsstore/Coles-CAS/images/1/3/8/1389637-th.jpg",
    "categories": ["dairy-eggs-meals"],
    "tags": ["dairy", "dips-pate"],
    "locations": {
      "vic": {
        "price": 4.5,
        "promoText": "Any 2 $7",
        "packageSize": "220g",
        "packagePrice": "$2.05 per 100G"
      }
    }
  },
  {
    "id": "yumis-dip-classic-creamed-beetroot",
    "brand": "Yumi's",
    "name": "Gluten Free Roasted Beetroot Classic Dip",
    "imageUrl": "https://shop.coles.com.au/wcsstore/Coles-CAS/images/8/6/7/8670947-th.jpg",
    "categories": ["dairy-eggs-meals"],
    "tags": ["dairy", "dips-pate"],
    "locations": {
      "vic": {
        "price": 3,
        "promoText": "$1.00 ",
        "packageSize": "200g",
        "packagePrice": "$1.50 per 100G"
      }
    }
  },
  {
    "id": "black-swan-olive-grove-mix",
    "brand": "Black Swan",
    "name": "Olive Dip",
    "imageUrl": "https://shop.coles.com.au/wcsstore/Coles-CAS/images/7/6/0/7605291-th.jpg",
    "categories": ["dairy-eggs-meals"],
    "tags": ["dairy", "dips-pate"],
    "locations": {
      "vic": {
        "price": 3.5,
        "promoText": "Any 2 $6",
        "packageSize": "200g",
        "packagePrice": "$1.75 per 100G"
      }
    }
  },
  {
    "id": "black-swan-classic-hommus",
    "brand": "Black Swan",
    "name": "Classic Hommus Dip",
    "imageUrl": "https://shop.coles.com.au/wcsstore/Coles-CAS/images/2/8/8/2882953-th.jpg",
    "categories": ["dairy-eggs-meals"],
    "tags": ["dairy", "dips-pate"],
    "locations": {
      "vic": {
        "price": 5,
        "promoText": " ",
        "packageSize": "400g",
        "packagePrice": "$1.25 per 100G"
      }
    }
  },
  {
    "id": "wattle-valley-dip-chunky-red-capsicum-with-fetta-cashew",
    "brand": "Wattle Valley",
    "name": "Chunky Roasted Capsicum With Cashews & Fetta Dip",
    "imageUrl": "https://shop.coles.com.au/wcsstore/Coles-CAS/images/5/3/3/5336960-th.jpg",
    "categories": ["dairy-eggs-meals"],
    "tags": ["dairy", "dips-pate"],
    "locations": {
      "vic": {
        "price": 4.6,
        "promoText": " ",
        "packageSize": "150g",
        "packagePrice": "$3.07 per 100G"
      }
    }
  },
  {
    "id": "yumis-dip-spinach-creamed-classic",
    "brand": "Yumi's",
    "name": "Gluten Free Spinach Classic Dip",
    "imageUrl": "https://shop.coles.com.au/wcsstore/Coles-CAS/images/8/6/7/8670925-th.jpg",
    "categories": ["dairy-eggs-meals"],
    "tags": ["dairy", "dips-pate"],
    "locations": {
      "vic": {
        "price": 3,
        "promoText": "$1.00 ",
        "packageSize": "200g",
        "packagePrice": "$1.50 per 100G"
      }
    }
  },
  {
    "id": "yumis-dip-beetroot-hommus",
    "brand": "Yumi's",
    "name": "Gluten Free Classic Roasted Beetroot & Hommus Dip",
    "imageUrl": "https://shop.coles.com.au/wcsstore/Coles-CAS/images/6/0/0/6008640-th.jpg",
    "categories": ["dairy-eggs-meals"],
    "tags": ["dairy", "dips-pate"],
    "locations": {
      "vic": {
        "price": 3,
        "promoText": "$1.00 ",
        "packageSize": "200g",
        "packagePrice": "$1.50 per 100G"
      }
    }
  },
  {
    "id": "coles-beetroot-almond",
    "brand": "Coles",
    "name": "Beetroot & Roasted Almond Dip",
    "imageUrl": "https://shop.coles.com.au/wcsstore/Coles-CAS/images/3/0/4/3048193-th.jpg",
    "categories": ["dairy-eggs-meals"],
    "tags": ["dairy", "dips-pate"],
    "locations": {
      "vic": {
        "price": 3,
        "promoText": "Was $3.50 on Jan 2020 ",
        "packageSize": "150g",
        "packagePrice": "$2.00 per 100G"
      }
    }
  },
  {
    "id": "obela-garnished-sweet-beetroot-hommus-dip",
    "brand": "Obela",
    "name": "Sweet Beetroot Hommus Dip",
    "imageUrl": "https://shop.coles.com.au/wcsstore/Coles-CAS/images/2/5/9/2599250-th.jpg",
    "categories": ["dairy-eggs-meals"],
    "tags": ["dairy", "dips-pate"],
    "locations": {
      "vic": {
        "price": 4.5,
        "promoText": "Any 2 $7",
        "packageSize": "220g",
        "packagePrice": "$2.05 per 100G"
      }
    }
  },
  {
    "id": "obela-smooth-classic-hommus-singles-3pk",
    "brand": "Obela",
    "name": "Smooth Classic Hommus Singles 3 Pack",
    "imageUrl": "https://shop.coles.com.au/wcsstore/Coles-CAS/images/3/0/4/3049039-th.jpg",
    "categories": ["dairy-eggs-meals"],
    "tags": ["dairy", "dips-pate"],
    "locations": {
      "vic": {
        "price": 3,
        "promoText": " ",
        "packageSize": "180g",
        "packagePrice": "$1.67 per 100G"
      }
    }
  },
  {
    "id": "yumis-mousse-smoked-trout",
    "brand": "Yumi's",
    "name": "Gluten Free Smoked Trout Premium Mousse Dip",
    "imageUrl": "https://shop.coles.com.au/wcsstore/Coles-CAS/images/5/6/4/5649059-th.jpg",
    "categories": ["dairy-eggs-meals"],
    "tags": ["dairy", "dips-pate"],
    "locations": {
      "vic": {
        "price": 6,
        "promoText": " ",
        "packageSize": "200g",
        "packagePrice": "$3.00 per 100G"
      }
    }
  },
  {
    "id": "yumis-hommus-with-crackers",
    "brand": "Yumi's",
    "name": "Traditional Middle Eastern Hommus With Crackers",
    "imageUrl": "https://shop.coles.com.au/wcsstore/Coles-CAS/images/3/3/5/3359626-th.jpg",
    "categories": ["dairy-eggs-meals"],
    "tags": ["dairy", "dips-pate"],
    "locations": {
      "vic": {
        "price": 2.5,
        "promoText": " ",
        "packageSize": "75g",
        "packagePrice": "$3.33 per 100G"
      }
    }
  },
  {
    "id": "black-swan-limited-edition-souvlaki-flav-dip",
    "brand": "Black Swan",
    "name": "Limited Edition Creamy Garlic & Souvlaki Spiced Flavoured Dip",
    "imageUrl": "https://shop.coles.com.au/wcsstore/Coles-CAS/images/3/7/8/3780314-th.jpg",
    "categories": ["dairy-eggs-meals"],
    "tags": ["dairy", "dips-pate"],
    "locations": {
      "vic": {
        "price": 4.3,
        "promoText": " ",
        "packageSize": "200g",
        "packagePrice": "$2.15 per 100G"
      }
    }
  },
  {
    "id": "black-swan-classic-swet-chilli-dip",
    "brand": "Black Swan",
    "name": "Classic Sweet Chilli Dip",
    "imageUrl": "https://shop.coles.com.au/wcsstore/Coles-CAS/images/3/7/8/3780290-th.jpg",
    "categories": ["dairy-eggs-meals"],
    "tags": ["dairy", "dips-pate"],
    "locations": {
      "vic": {
        "price": 3.5,
        "promoText": "Any 2 $6",
        "packageSize": "200g",
        "packagePrice": "$1.75 per 100G"
      }
    }
  },
  {
    "id": "black-swan-warming-dip-spin-mozzarella-haloumi",
    "brand": "Black Swan",
    "name": "Warming Spinach Mozzarella & Haloumi Dip",
    "imageUrl": "https://shop.coles.com.au/wcsstore/Coles-CAS/images/3/7/8/3780278-th.jpg",
    "categories": ["dairy-eggs-meals"],
    "tags": ["dairy", "dips-pate"],
    "locations": {
      "vic": {
        "price": 4.3,
        "promoText": " ",
        "packageSize": "180g",
        "packagePrice": "$2.39 per 100G"
      }
    }
  },
  {
    "id": "castlemaine-dip-hommus",
    "brand": "Castlemaine",
    "name": "Hommus Dip",
    "imageUrl": "https://shop.coles.com.au/wcsstore/Coles-CAS/images/9/6/2/9620842-th.jpg",
    "categories": ["dairy-eggs-meals"],
    "tags": ["dairy", "dips-pate"],
    "locations": {
      "vic": {
        "price": 4,
        "promoText": " ",
        "packageSize": "200g",
        "packagePrice": "$2.00 per 100G"
      }
    }
  },
  {
    "id": "coles-mini-dips-avocado",
    "brand": "Coles",
    "name": "Avocado Mini Dips 3 Pack",
    "imageUrl": "https://shop.coles.com.au/wcsstore/Coles-CAS/images/9/9/3/9933688-th.jpg",
    "categories": ["dairy-eggs-meals"],
    "tags": ["dairy", "dips-pate"],
    "locations": {
      "vic": {
        "price": 2.5,
        "promoText": " ",
        "packageSize": "180g",
        "packagePrice": "$1.39 per 100G"
      }
    }
  },
  {
    "id": "coles-salmon-dill",
    "brand": "Coles",
    "name": "Hot Smoked Salmon With Trout Lemon & Dill Dip",
    "imageUrl": "https://shop.coles.com.au/wcsstore/Coles-CAS/images/3/0/4/3048160-th.jpg",
    "categories": ["dairy-eggs-meals"],
    "tags": ["dairy", "dips-pate"],
    "locations": {
      "vic": {
        "price": 3,
        "promoText": "Was $3.50 on Jan 2020 ",
        "packageSize": "140g",
        "packagePrice": "$2.14 per 100G"
      }
    }
  },
  {
    "id": "farmers-best-dip-basil-cashew",
    "brand": "Black Swan",
    "name": "Crafted Basil With Cashew & Parmesan Dip",
    "imageUrl": "https://shop.coles.com.au/wcsstore/Coles-CAS/images/9/9/8/9980418-th.jpg",
    "categories": ["dairy-eggs-meals"],
    "tags": ["dairy", "dips-pate"],
    "locations": {
      "vic": {
        "price": 4.3,
        "promoText": " ",
        "packageSize": "200g",
        "packagePrice": "$2.15 per 100G"
      }
    }
  },
  {
    "id": "black-swan-crafted-dip-limited-edition-jalapeno",
    "brand": "Black Swan",
    "name": "Crafted Limited Edition Cheesy Jalapeno Popper Dip",
    "imageUrl": "https://shop.coles.com.au/wcsstore/Coles-CAS/images/3/5/9/3599018-th.jpg",
    "categories": ["dairy-eggs-meals"],
    "tags": ["dairy", "dips-pate"],
    "locations": {
      "vic": {
        "price": 4.3,
        "promoText": " ",
        "packageSize": "200g",
        "packagePrice": "$2.15 per 100G"
      }
    }
  },
  {
    "id": "black-swan-warming-lek-bacon-dip",
    "brand": "Black Swan",
    "name": "Warming Leek & Bacon Dip",
    "imageUrl": "https://shop.coles.com.au/wcsstore/Coles-CAS/images/3/7/8/3780267-th.jpg",
    "categories": ["dairy-eggs-meals"],
    "tags": ["dairy", "dips-pate"],
    "locations": {
      "vic": {
        "price": 4.3,
        "promoText": " ",
        "packageSize": "180g",
        "packagePrice": "$2.39 per 100G"
      }
    }
  },
  {
    "id": "castlemaine-dip-cracked-pepper-fetta",
    "brand": "Castlemaine",
    "name": "Cracked Pepper & Fetta Dip",
    "imageUrl": "https://shop.coles.com.au/wcsstore/Coles-CAS/images/9/6/2/9620300-th.jpg",
    "categories": ["dairy-eggs-meals"],
    "tags": ["dairy", "dips-pate"],
    "locations": {
      "vic": {
        "price": 4,
        "promoText": " ",
        "packageSize": "200g",
        "packagePrice": "$2.00 per 100G"
      }
    }
  },
  {
    "id": "chris--heritage-goats-cheese-truffle-dips",
    "brand": "Chris'",
    "name": "Heritage Gluten Free Goat Cheese & Black Truffle Savoury Dip",
    "imageUrl": "https://shop.coles.com.au/wcsstore/Coles-CAS/images/2/8/8/2882578-th.jpg",
    "categories": ["dairy-eggs-meals"],
    "tags": ["dairy", "dips-pate"],
    "locations": {
      "vic": {
        "price": 8,
        "promoText": " ",
        "packageSize": "170g",
        "packagePrice": "$4.71 per 100G"
      }
    }
  },
  {
    "id": "coles-dip-sweet-potato-cashew",
    "brand": "Coles",
    "name": "Moroccan Style Sweet Potato & Cashew Dip",
    "imageUrl": "https://shop.coles.com.au/wcsstore/Coles-CAS/images/2/8/7/2877487-th.jpg",
    "categories": ["dairy-eggs-meals"],
    "tags": ["dairy", "dips-pate"],
    "locations": {
      "vic": {
        "price": 2,
        "promoText": " ",
        "packageSize": "200g",
        "packagePrice": "$1.00 per 100G"
      }
    }
  },
  {
    "id": "obela-garnished-caramelised-onion-hommus-dip",
    "brand": "Obela",
    "name": "Caramelised Onion Hommus Dip",
    "imageUrl": "https://shop.coles.com.au/wcsstore/Coles-CAS/images/2/5/9/2599260-th.jpg",
    "categories": ["dairy-eggs-meals"],
    "tags": ["dairy", "dips-pate"],
    "locations": {
      "vic": {
        "price": 4.5,
        "promoText": "Any 2 $7",
        "packageSize": "220g",
        "packagePrice": "$2.05 per 100G"
      }
    }
  },
  {
    "id": "obela-hommus-to-go-smooth-classic",
    "brand": "Obela",
    "name": "Classic Hommus Crackers",
    "imageUrl": "https://shop.coles.com.au/wcsstore/Coles-CAS/images/2/8/8/2882895-th.jpg",
    "categories": ["dairy-eggs-meals"],
    "tags": ["dairy", "dips-pate"],
    "locations": {
      "vic": {
        "price": 3,
        "promoText": " ",
        "packageSize": "125g",
        "packagePrice": "$2.40 per 100G"
      }
    }
  },
  {
    "id": "red-rock-deli-dip-swet-chilli-sour-cream",
    "brand": "Red Rock Deli",
    "name": "Sweet Chilli & Sour Cream Dip",
    "imageUrl": "https://shop.coles.com.au/wcsstore/Coles-CAS/images/3/7/7/3777069-th.jpg",
    "categories": ["dairy-eggs-meals"],
    "tags": ["dairy", "dips-pate"],
    "locations": {
      "vic": {
        "price": 4.5,
        "promoText": " ",
        "packageSize": "150g",
        "packagePrice": "$3.00 per 100G"
      }
    }
  },
  {
    "id": "wattle-valley-dip-chunky-roasted-pumpkin-with-cashew-parmesan",
    "brand": "Wattle Valley",
    "name": "Chunky Roasted Pumpkin With Cashews & Parmesan Dip",
    "imageUrl": "https://shop.coles.com.au/wcsstore/Coles-CAS/images/5/3/3/5336971-th.jpg",
    "categories": ["dairy-eggs-meals"],
    "tags": ["dairy", "dips-pate"],
    "locations": {
      "vic": {
        "price": 4.6,
        "promoText": " ",
        "packageSize": "150g",
        "packagePrice": "$3.07 per 100G"
      }
    }
  },
  {
    "id": "yumis-pate-tuna",
    "brand": "Yumi's",
    "name": "Gluten Free Gourmet Tuna Mousse Dip",
    "imageUrl": "https://shop.coles.com.au/wcsstore/Coles-CAS/images/5/6/8/5686714-th.jpg",
    "categories": ["dairy-eggs-meals"],
    "tags": ["dairy", "dips-pate"],
    "locations": {
      "vic": {
        "price": 5.2,
        "promoText": " ",
        "packageSize": "200g",
        "packagePrice": "$2.60 per 100G"
      }
    }
  },
  {
    "id": "black-swan-seasonal-dip-sweet-potato-and-cashews",
    "brand": "Black Swan",
    "name": "Crafted Sweet Potato & Cashew Dip",
    "imageUrl": "https://shop.coles.com.au/wcsstore/Coles-CAS/images/9/2/1/9217293-th.jpg",
    "categories": ["dairy-eggs-meals"],
    "tags": ["dairy", "dips-pate"],
    "locations": {
      "vic": {
        "price": 4.3,
        "promoText": " ",
        "packageSize": "200g",
        "packagePrice": "$2.15 per 100G"
      }
    }
  },
  {
    "id": "black-swan-classic-multi-lt-tzatziki-hommus-dip",
    "brand": "Black Swan",
    "name": "Classic Multipack Skinny Tzatziki & Skinny Hommus Dip 4 Pack",
    "imageUrl": "https://shop.coles.com.au/wcsstore/Coles-CAS/images/3/7/8/3780336-th.jpg",
    "categories": ["dairy-eggs-meals"],
    "tags": ["dairy", "dips-pate"],
    "locations": {
      "vic": {
        "price": 4,
        "promoText": " ",
        "packageSize": "240g",
        "packagePrice": "$1.67 per 100G"
      }
    }
  },
  {
    "id": "black-swan-classic-multi-pk-tzatziki-hommus-dip",
    "brand": "Black Swan",
    "name": "Classic Multipack Tzatziki & Hommus Snacking Dip 4 Pack",
    "imageUrl": "https://shop.coles.com.au/wcsstore/Coles-CAS/images/3/7/8/3780325-th.jpg",
    "categories": ["dairy-eggs-meals"],
    "tags": ["dairy", "dips-pate"],
    "locations": {
      "vic": {
        "price": 4,
        "promoText": " ",
        "packageSize": "240g",
        "packagePrice": "$1.67 per 100G"
      }
    }
  },
  {
    "id": "black-swan-limited-edition-cheseburger-dip",
    "brand": "Black Swan",
    "name": "Limited Edition Cheeseburger Flavoured Dip",
    "imageUrl": "https://shop.coles.com.au/wcsstore/Coles-CAS/images/3/7/8/3780289-th.jpg",
    "categories": ["dairy-eggs-meals"],
    "tags": ["dairy", "dips-pate"],
    "locations": {
      "vic": {
        "price": 4.3,
        "promoText": " ",
        "packageSize": "200g",
        "packagePrice": "$2.15 per 100G"
      }
    }
  },
  {
    "id": "black-swan-limited-edition-avo-edamame-dip",
    "brand": "Black Swan",
    "name": "Crafted Smashed Avo & Edamame Dip",
    "imageUrl": "https://shop.coles.com.au/wcsstore/ColesResponsiveStorefrontAssetStore/dist/ccfc54aed6e361b650bcf0582f7b576b/img/img_product-placeholder.png",
    "categories": ["dairy-eggs-meals"],
    "tags": ["dairy", "dips-pate"],
    "locations": {
      "vic": {
        "price": 4.3,
        "promoText": " ",
        "packageSize": "200g",
        "packagePrice": "$2.15 per 100G"
      }
    }
  },
  {
    "id": "castlemaine-dip-parsley-garlic",
    "brand": "Castlemaine",
    "name": "Parsley & Garlic Dip",
    "imageUrl": "https://shop.coles.com.au/wcsstore/Coles-CAS/images/9/6/2/9620285-th.jpg",
    "categories": ["dairy-eggs-meals"],
    "tags": ["dairy", "dips-pate"],
    "locations": {
      "vic": {
        "price": 4,
        "promoText": " ",
        "packageSize": "200g",
        "packagePrice": "$2.00 per 100G"
      }
    }
  },
  {
    "id": "castlemaine-dip-roasted-capsicum-onion",
    "brand": "Castlemaine",
    "name": "Roasted Capsicum & Onion Dip",
    "imageUrl": "https://shop.coles.com.au/wcsstore/Coles-CAS/images/6/6/1/6619520-th.jpg",
    "categories": ["dairy-eggs-meals"],
    "tags": ["dairy", "dips-pate"],
    "locations": {
      "vic": {
        "price": 4,
        "promoText": " ",
        "packageSize": "200g",
        "packagePrice": "$2.00 per 100G"
      }
    }
  },
  {
    "id": "chris-heritage-vintage-cheddar-caramelised-onion-dip",
    "brand": "Chris'",
    "name": "Heritage Vintage Cheddar & Caramelised Onion Savoury Dip",
    "imageUrl": "https://shop.coles.com.au/wcsstore/Coles-CAS/images/2/5/8/2582100-th.jpg",
    "categories": ["dairy-eggs-meals"],
    "tags": ["dairy", "dips-pate"],
    "locations": {
      "vic": {
        "price": 8,
        "promoText": " ",
        "packageSize": "170g",
        "packagePrice": "$4.71 per 100G"
      }
    }
  },
  {
    "id": "chris-heritage-blue-cheese-fig-pistachio-dip",
    "brand": "Chris'",
    "name": "Heritage Blue Cheese Fig & Pistachio Savoury Dip",
    "imageUrl": "https://shop.coles.com.au/wcsstore/Coles-CAS/images/2/5/8/2582097-th.jpg",
    "categories": ["dairy-eggs-meals"],
    "tags": ["dairy", "dips-pate"],
    "locations": {
      "vic": {
        "price": 8,
        "promoText": " ",
        "packageSize": "170g",
        "packagePrice": "$4.71 per 100G"
      }
    }
  },
  {
    "id": "chris-s-plant-based-dip-swet-potato-cashew",
    "brand": "Chris's",
    "name": "Plant Based Sweet Potato & Cashew Dip",
    "imageUrl": "https://shop.coles.com.au/wcsstore/ColesResponsiveStorefrontAssetStore/dist/ccfc54aed6e361b650bcf0582f7b576b/img/img_product-placeholder.png",
    "categories": ["dairy-eggs-meals"],
    "tags": ["dairy", "dips-pate"],
    "locations": {
      "vic": {
        "price": 4,
        "promoText": " ",
        "packageSize": "200g",
        "packagePrice": "$2.00 per 100G"
      }
    }
  },
  {
    "id": "chris-s-plant-based-dip-corn-relish",
    "brand": "Chris's",
    "name": "Plant Based Corn Relish Dip",
    "imageUrl": "https://shop.coles.com.au/wcsstore/Coles-CAS/images/3/7/8/3783356-th.jpg",
    "categories": ["dairy-eggs-meals"],
    "tags": ["dairy", "dips-pate"],
    "locations": {
      "vic": {
        "price": 4,
        "promoText": " ",
        "packageSize": "200g",
        "packagePrice": "$2.00 per 100G"
      }
    }
  },
  {
    "id": "chris-s-plant-based-dip-spring-onion",
    "brand": "Chris's",
    "name": "Plant Based Spring Onion Dip",
    "imageUrl": "https://shop.coles.com.au/wcsstore/Coles-CAS/images/3/7/8/3783345-th.jpg",
    "categories": ["dairy-eggs-meals"],
    "tags": ["dairy", "dips-pate"],
    "locations": {
      "vic": {
        "price": 4,
        "promoText": " ",
        "packageSize": "200g",
        "packagePrice": "$2.00 per 100G"
      }
    }
  },
  {
    "id": "coles-mexican-corn-dip",
    "brand": "Coles",
    "name": "Mexican Corn Dip",
    "imageUrl": "https://shop.coles.com.au/wcsstore/Coles-CAS/images/3/3/5/3359706-th.jpg",
    "categories": ["dairy-eggs-meals"],
    "tags": ["dairy", "dips-pate"],
    "locations": {
      "vic": {
        "price": 3,
        "promoText": "Was $3.50 on Jan 2020 ",
        "packageSize": "150g",
        "packagePrice": "$2.00 per 100G"
      }
    }
  },
  {
    "id": "coles-roasted-capsicum-cashew-dip",
    "brand": "Coles",
    "name": "Roasted Capsicum & Cashew",
    "imageUrl": "https://shop.coles.com.au/wcsstore/ColesResponsiveStorefrontAssetStore/dist/ccfc54aed6e361b650bcf0582f7b576b/img/img_product-placeholder.png",
    "categories": ["dairy-eggs-meals"],
    "tags": ["dairy", "dips-pate"],
    "locations": {
      "vic": {
        "price": 3.5,
        "promoText": " ",
        "packageSize": "150g",
        "packagePrice": "$2.33 per 100G"
      }
    }
  },
  {
    "id": "coles-spicy-avocado-dip",
    "brand": "Coles",
    "name": "Spicy Avocado Dip",
    "imageUrl": "https://shop.coles.com.au/wcsstore/ColesResponsiveStorefrontAssetStore/dist/ccfc54aed6e361b650bcf0582f7b576b/img/img_product-placeholder.png",
    "categories": ["dairy-eggs-meals"],
    "tags": ["dairy", "dips-pate"],
    "locations": {
      "vic": {
        "price": 3.5,
        "promoText": " ",
        "packageSize": "150g",
        "packagePrice": "$2.33 per 100G"
      }
    }
  },
  {
    "id": "normandie-pate-black-peppercorn",
    "brand": "Normandie",
    "name": "Black Peppercorn Chicken Pate",
    "imageUrl": "https://shop.coles.com.au/wcsstore/Coles-CAS/images/5/6/8/5686317-th.jpg",
    "categories": ["dairy-eggs-meals"],
    "tags": ["dairy", "dips-pate"],
    "locations": {
      "vic": {
        "price": 4.5,
        "promoText": " ",
        "packageSize": "150g",
        "packagePrice": "$3.00 per 100G"
      }
    }
  },
  {
    "id": "normandie-pate-champagne",
    "brand": "Normandie",
    "name": "Chicken With Champagne Pate",
    "imageUrl": "https://shop.coles.com.au/wcsstore/Coles-CAS/images/5/6/8/5686339-th.jpg",
    "categories": ["dairy-eggs-meals"],
    "tags": ["dairy", "dips-pate"],
    "locations": {
      "vic": {
        "price": 4.5,
        "promoText": " ",
        "packageSize": "150g",
        "packagePrice": "$3.00 per 100G"
      }
    }
  },
  {
    "id": "obela-moroccan-sweet-potato-dip",
    "brand": "Obela",
    "name": "Moroccan Sweet Potato & Roasted Pistachios Dip",
    "imageUrl": "https://shop.coles.com.au/wcsstore/Coles-CAS/images/3/5/9/3599164-th.jpg",
    "categories": ["dairy-eggs-meals"],
    "tags": ["dairy", "dips-pate"],
    "locations": {
      "vic": {
        "price": 4.5,
        "promoText": " ",
        "packageSize": "220g",
        "packagePrice": "$2.05 per 100G"
      }
    }
  },
  {
    "id": "pilpel-garlic-dip",
    "brand": "Pilpel",
    "name": "Garlic Dip",
    "imageUrl": "https://shop.coles.com.au/wcsstore/Coles-CAS/images/3/8/5/3858466-th.jpg",
    "categories": ["dairy-eggs-meals"],
    "tags": ["dairy", "dips-pate"],
    "locations": {
      "vic": {
        "price": 6,
        "promoText": " ",
        "packageSize": "180g",
        "packagePrice": "$3.33 per 100G"
      }
    }
  },
  {
    "id": "planet-food-crispy-kale-artichoke-dip-3515787p",
    "brand": "Plant Life Food",
    "name": "Crispy Kale Artichoke Dip",
    "imageUrl": "https://shop.coles.com.au/wcsstore/Coles-CAS/images/3/5/1/3515787-th.jpg",
    "categories": ["dairy-eggs-meals", "healthy-living"],
    "tags": ["dairy", "dips-pate"],
    "locations": {
      "vic": {
        "price": 4,
        "promoText": "Any 2 $7",
        "packageSize": "150g",
        "packagePrice": "$2.67 per 100G"
      }
    }
  },
  {
    "id": "plant-life-fod-co-fresh-basil-pesto-dip",
    "brand": "Plant Life Food Co",
    "name": "Fresh Basil Pesto Dip",
    "imageUrl": "https://shop.coles.com.au/wcsstore/Coles-CAS/images/3/7/7/3770478-th.jpg",
    "categories": ["dairy-eggs-meals", "healthy-living"],
    "tags": ["dairy", "dips-pate"],
    "locations": {
      "vic": {
        "price": 4,
        "promoText": "Any 2 $7",
        "packageSize": "150g",
        "packagePrice": "$2.67 per 100G"
      }
    }
  },
  {
    "id": "pureland-dip-hommus",
    "brand": "Pureland",
    "name": "Hommus Dip",
    "imageUrl": "https://shop.coles.com.au/wcsstore/Coles-CAS/images/5/1/8/5185220-th.jpg",
    "categories": ["dairy-eggs-meals", "healthy-living"],
    "tags": ["dairy", "dips-pate"],
    "locations": {
      "vic": {
        "price": 5.3,
        "promoText": " ",
        "packageSize": "300g",
        "packagePrice": "$1.77 per 100G"
      }
    }
  },
  {
    "id": "red-rock-deli-dip-zesty-avo-feta-gren-goddess",
    "brand": "Red Rock Deli",
    "name": "Zesty Avo & Feta Green Goddess Dip",
    "imageUrl": "https://shop.coles.com.au/wcsstore/Coles-CAS/images/3/7/7/3777091-th.jpg",
    "categories": ["dairy-eggs-meals"],
    "tags": ["dairy", "dips-pate"],
    "locations": {
      "vic": {
        "price": 4.5,
        "promoText": " ",
        "packageSize": "150g",
        "packagePrice": "$3.00 per 100G"
      }
    }
  },
  {
    "id": "red-rock-deli-parmesan-truffle-oil-hazelnut-dip",
    "brand": "Red Rock Deli",
    "name": "Parmesan Truffle Oil & Hazelnut Dip",
    "imageUrl": "https://shop.coles.com.au/wcsstore/Coles-CAS/images/3/7/7/3776995-th.jpg",
    "categories": ["dairy-eggs-meals"],
    "tags": ["dairy", "dips-pate"],
    "locations": {
      "vic": {
        "price": 4.5,
        "promoText": " ",
        "packageSize": "150g",
        "packagePrice": "$3.00 per 100G"
      }
    }
  },
  {
    "id": "wattle-valley-dip-chunky-basil-with-cashew-parmesan",
    "brand": "Wattle Valley",
    "name": "Chunky Fresh Basil With Cashews & Parmesan Dip",
    "imageUrl": "https://shop.coles.com.au/wcsstore/Coles-CAS/images/9/3/9/9394801-th.jpg",
    "categories": ["dairy-eggs-meals"],
    "tags": ["dairy", "dips-pate"],
    "locations": {
      "vic": {
        "price": 4.6,
        "promoText": " ",
        "packageSize": "150g",
        "packagePrice": "$3.07 per 100G"
      }
    }
  },
  {
    "id": "yumi-s-classic-hommus-with-pesto-rocket-almond",
    "brand": "Yumi's",
    "name": "Classic Hommus With Pesto Rocket & Almond",
    "imageUrl": "https://shop.coles.com.au/wcsstore/ColesResponsiveStorefrontAssetStore/dist/ccfc54aed6e361b650bcf0582f7b576b/img/img_product-placeholder.png",
    "categories": ["dairy-eggs-meals"],
    "tags": ["dairy", "dips-pate"],
    "locations": {
      "vic": {
        "price": 3,
        "promoText": "$1.00 ",
        "packageSize": "200g",
        "packagePrice": "$1.50 per 100G"
      }
    }
  },
  {
    "id": "yumi-s-mini-kalamata-olive-dip-3pk",
    "brand": "Yumi's",
    "name": "Mini Kalamata Olive Dip 3 Pack",
    "imageUrl": "https://shop.coles.com.au/wcsstore/ColesResponsiveStorefrontAssetStore/dist/ccfc54aed6e361b650bcf0582f7b576b/img/img_product-placeholder.png",
    "categories": ["dairy-eggs-meals"],
    "tags": ["dairy", "dips-pate"],
    "locations": {
      "vic": {
        "price": 4,
        "promoText": " ",
        "packageSize": "195g",
        "packagePrice": "$2.05 per 100G"
      }
    }
  },
  {
    "id": "yumis-classic-potato-spring-onion",
    "brand": "Yumi's",
    "name": "Classic Potato & Spring Onion",
    "imageUrl": "https://shop.coles.com.au/wcsstore/ColesResponsiveStorefrontAssetStore/dist/ccfc54aed6e361b650bcf0582f7b576b/img/img_product-placeholder.png",
    "categories": ["dairy-eggs-meals"],
    "tags": ["dairy", "dips-pate"],
    "locations": {
      "vic": {
        "price": 3,
        "promoText": "$1.00 ",
        "packageSize": "200g",
        "packagePrice": "$1.50 per 100G"
      }
    }
  },
  {
    "id": "yumi-s-mini-avocado-dip-3pack",
    "brand": "Yumi's",
    "name": "Mini Avocado Dip 3 Pack",
    "imageUrl": "https://shop.coles.com.au/wcsstore/Coles-CAS/images/3/7/7/3776678-th.jpg",
    "categories": ["dairy-eggs-meals"],
    "tags": ["dairy", "dips-pate"],
    "locations": {
      "vic": {
        "price": 4,
        "promoText": " ",
        "packageSize": "195g",
        "packagePrice": "$2.05 per 100G"
      }
    }
  },
  {
    "id": "nestle-dessert-mousse-chocolate-2-pack",
    "brand": "Nestle",
    "name": "Chocolate Mousse 2 pack",
    "imageUrl": "https://shop.coles.com.au/wcsstore/Coles-CAS/images/8/4/7/8477109-th.jpg",
    "categories": ["dairy-eggs-meals"],
    "tags": ["dairy", "desserts"],
    "locations": {
      "vic": {
        "price": 2.75,
        "promoText": "2 for $5",
        "packageSize": "124g",
        "packagePrice": "$2.22 per 100G"
      }
    }
  },
  {
    "id": "wicked-sister-vanilla-bean-rice-pudding-2-pack",
    "brand": "Wicked Sister",
    "name": "Vanilla Bean Rice Pudding 2 pack",
    "imageUrl": "https://shop.coles.com.au/wcsstore/Coles-CAS/images/2/3/6/2367389-th.jpg",
    "categories": ["dairy-eggs-meals"],
    "tags": ["dairy", "desserts"],
    "locations": {
      "vic": {
        "price": 4.2,
        "promoText": " ",
        "packageSize": "340g",
        "packagePrice": "$1.24 per 100G"
      }
    }
  },
  {
    "id": "divine-classic-dessert-creme-caramel-2-pack",
    "brand": "Divine Classic",
    "name": "Crme Caramel Dessert 2 pack",
    "imageUrl": "https://shop.coles.com.au/wcsstore/Coles-CAS/images/2/4/2/242917-th.jpg",
    "categories": ["dairy-eggs-meals"],
    "tags": ["dairy", "desserts"],
    "locations": {
      "vic": {
        "price": 3.15,
        "promoText": "Any 2 $5.50",
        "packageSize": "150g",
        "packagePrice": "$1.05 per 100G"
      }
    }
  },
  {
    "id": "yoplait-dessert-le-rice-vanilla-classic-2-pack",
    "brand": "Yoplait",
    "name": "Le Rice Classic Vanilla Dessert 2x150g",
    "imageUrl": "https://shop.coles.com.au/wcsstore/Coles-CAS/images/5/7/4/5748855-th.jpg",
    "categories": ["dairy-eggs-meals"],
    "tags": ["dairy", "desserts"],
    "locations": {
      "vic": {
        "price": 3.15,
        "promoText": "Any 2 $5.50",
        "packageSize": "2 pack",
        "packagePrice": "$1.58 per 1Ea"
      }
    }
  },
  {
    "id": "wicked-sister-gluten-free-chocolate-mousse",
    "brand": "Wicked Sister",
    "name": "Chocolate Mousse Desserts 2 pack",
    "imageUrl": "https://shop.coles.com.au/wcsstore/Coles-CAS/images/3/1/1/3111121-th.jpg",
    "categories": ["dairy-eggs-meals"],
    "tags": ["dairy", "desserts"],
    "locations": {
      "vic": {
        "price": 4,
        "promoText": " ",
        "packageSize": "160g",
        "packagePrice": "$2.50 per 100G"
      }
    }
  },
  {
    "id": "aeroplane-jelly-ready-to-eat-raspberry",
    "brand": "Aeroplane",
    "name": "Ready To Eat Raspberry Jelly",
    "imageUrl": "https://shop.coles.com.au/wcsstore/Coles-CAS/images/1/3/8/1389364-th.jpg",
    "categories": ["dairy-eggs-meals"],
    "tags": ["dairy", "desserts"],
    "locations": {
      "vic": {
        "price": 1.4,
        "promoText": " ",
        "packageSize": "120g",
        "packagePrice": "$1.17 per 100G"
      }
    }
  },
  {
    "id": "vaalia-sorbet-sensation-mango",
    "brand": "Vaalia",
    "name": "Sensation Mango Sorbet",
    "imageUrl": "https://shop.coles.com.au/wcsstore/Coles-CAS/images/3/5/3/3537826-th.jpg",
    "categories": ["dairy-eggs-meals"],
    "tags": ["dairy", "desserts"],
    "locations": {
      "vic": {
        "price": 1.5,
        "promoText": "$0.75 ",
        "packageSize": "170g",
        "packagePrice": "$0.88 per 100G"
      }
    }
  },
  {
    "id": "aeroplane-jelly-ready-to-eat-orange",
    "brand": "Aeroplane",
    "name": "Ready To Eat Orange Jelly",
    "imageUrl": "https://shop.coles.com.au/wcsstore/Coles-CAS/images/1/3/8/1389342-th.jpg",
    "categories": ["dairy-eggs-meals"],
    "tags": ["dairy", "desserts"],
    "locations": {
      "vic": {
        "price": 1.4,
        "promoText": " ",
        "packageSize": "120g",
        "packagePrice": "$1.17 per 100G"
      }
    }
  },
  {
    "id": "aeroplane-jelly-ready-to-eat-blackcurrant",
    "brand": "Aeroplane",
    "name": "Ready To Eat Blackcurrant Jelly",
    "imageUrl": "https://shop.coles.com.au/wcsstore/Coles-CAS/images/1/3/8/1389375-th.jpg",
    "categories": ["dairy-eggs-meals"],
    "tags": ["dairy", "desserts"],
    "locations": {
      "vic": {
        "price": 1.4,
        "promoText": " ",
        "packageSize": "120g",
        "packagePrice": "$1.17 per 100G"
      }
    }
  },
  {
    "id": "aeroplane-jelly-ready-to-eat-strawberry",
    "brand": "Aeroplane",
    "name": "Ready To Eat Strawberry Jelly",
    "imageUrl": "https://shop.coles.com.au/wcsstore/Coles-CAS/images/1/3/8/1389353-th.jpg",
    "categories": ["dairy-eggs-meals"],
    "tags": ["dairy", "desserts"],
    "locations": {
      "vic": {
        "price": 1.4,
        "promoText": " ",
        "packageSize": "120g",
        "packagePrice": "$1.17 per 100G"
      }
    }
  },
  {
    "id": "aeroplane--ready-to-eat-pineapple-jelly",
    "brand": "Aeroplane",
    "name": "Ready To Eat Pineapple Jelly",
    "imageUrl": "https://shop.coles.com.au/wcsstore/Coles-CAS/images/2/7/3/2738108-th.jpg",
    "categories": ["dairy-eggs-meals"],
    "tags": ["dairy", "desserts"],
    "locations": {
      "vic": {
        "price": 1.4,
        "promoText": " ",
        "packageSize": "120g",
        "packagePrice": "$1.17 per 100G"
      }
    }
  },
  {
    "id": "latina-fresh-ravioli-beef",
    "brand": "Latina",
    "name": "Fresh Beef Ravioli",
    "imageUrl": "https://shop.coles.com.au/wcsstore/Coles-CAS/images/5/4/0/5404110-th.jpg",
    "categories": ["dairy-eggs-meals"],
    "tags": ["fresh-pasta-sauces", "fresh-pasta-nodles"],
    "locations": {
      "vic": {
        "price": 8,
        "promoText": " ",
        "packageSize": "625g",
        "packagePrice": "$1.28 per 100G"
      }
    }
  },
  {
    "id": "hakubaku-noodles-soba-organic",
    "brand": "Hakubaku",
    "name": "Organic Soba Noodles",
    "imageUrl": "https://shop.coles.com.au/wcsstore/Coles-CAS/images/9/4/3/9434666-th.jpg",
    "categories": ["dairy-eggs-meals"],
    "tags": ["fresh-pasta-sauces", "fresh-pasta-nodles"],
    "locations": {
      "vic": {
        "price": 3.7,
        "promoText": " ",
        "packageSize": "270g",
        "packagePrice": "$1.37 per 100G"
      }
    }
  },
  {
    "id": "fantastic-noodles-fresh-hokkien",
    "brand": "Fantastic",
    "name": "Hokkien Noodles",
    "imageUrl": "https://shop.coles.com.au/wcsstore/Coles-CAS/images/8/6/7/8679624-th.jpg",
    "categories": ["dairy-eggs-meals"],
    "tags": ["fresh-pasta-sauces", "fresh-pasta-nodles"],
    "locations": {
      "vic": {
        "price": 2.65,
        "promoText": "2 for $4",
        "packageSize": "450g",
        "packagePrice": "$0.59 per 100G"
      }
    }
  },
  {
    "id": "latina-fresh-agnolotti-ricotta-spinach",
    "brand": "Latina",
    "name": "Fresh Ricotta & Spinach Agnolotti",
    "imageUrl": "https://shop.coles.com.au/wcsstore/Coles-CAS/images/5/4/6/5469181-th.jpg",
    "categories": ["dairy-eggs-meals"],
    "tags": ["fresh-pasta-sauces", "fresh-pasta-nodles"],
    "locations": {
      "vic": {
        "price": 8,
        "promoText": " ",
        "packageSize": "625g",
        "packagePrice": "$1.28 per 100G"
      }
    }
  },
  {
    "id": "hakubaku-noodles-udon-organic",
    "brand": "Hakubaku",
    "name": "Organic Udon Noodles",
    "imageUrl": "https://shop.coles.com.au/wcsstore/Coles-CAS/images/9/4/3/9434677-th.jpg",
    "categories": ["dairy-eggs-meals"],
    "tags": ["fresh-pasta-sauces", "fresh-pasta-nodles"],
    "locations": {
      "vic": {
        "price": 3.7,
        "promoText": " ",
        "packageSize": "270g",
        "packagePrice": "$1.37 per 100G"
      }
    }
  },
  {
    "id": "latina-fresh-pasta-ricotta-spinach-agnolotti",
    "brand": "Latina",
    "name": "Fresh Ricotta & Spinach Agnolotti",
    "imageUrl": "https://shop.coles.com.au/wcsstore/Coles-CAS/images/5/2/8/5280232-th.jpg",
    "categories": ["dairy-eggs-meals"],
    "tags": ["fresh-pasta-sauces", "fresh-pasta-nodles"],
    "locations": {
      "vic": {
        "price": 4,
        "promoText": "$2.50 ",
        "packageSize": "375g",
        "packagePrice": "$1.07 per 100G"
      }
    }
  },
  {
    "id": "coles-spinach-ricotta-agnolotti-pasta",
    "brand": "Coles",
    "name": "Ricotta & Spinach Agnolotti Pasta",
    "imageUrl": "https://shop.coles.com.au/wcsstore/Coles-CAS/images/2/7/1/2714303-th.jpg",
    "categories": ["dairy-eggs-meals"],
    "tags": ["fresh-pasta-sauces", "fresh-pasta-nodles"],
    "locations": {
      "vic": {
        "price": 4,
        "promoText": " ",
        "packageSize": "600g",
        "packagePrice": "$0.67 per 100G"
      }
    }
  },
  {
    "id": "latina-fresh-pasta-beef-ravioli",
    "brand": "Latina",
    "name": "Fresh Beef Ravioli",
    "imageUrl": "https://shop.coles.com.au/wcsstore/Coles-CAS/images/5/0/5/5051858-th.jpg",
    "categories": ["dairy-eggs-meals"],
    "tags": ["fresh-pasta-sauces", "fresh-pasta-nodles"],
    "locations": {
      "vic": {
        "price": 4,
        "promoText": "$2.50 ",
        "packageSize": "375g",
        "packagePrice": "$1.07 per 100G"
      }
    }
  },
  {
    "id": "coles-pasta-lasagne-sheets-fresh",
    "brand": "Coles",
    "name": "Lasagne Sheets 12 Pack",
    "imageUrl": "https://shop.coles.com.au/wcsstore/Coles-CAS/images/7/7/1/7712156-th.jpg",
    "categories": ["dairy-eggs-meals"],
    "tags": ["fresh-pasta-sauces", "fresh-pasta-nodles"],
    "locations": {
      "vic": {
        "price": 2.9,
        "promoText": " ",
        "packageSize": "375g",
        "packagePrice": "$0.77 per 100G"
      }
    }
  },
  {
    "id": "coles-potato-gnocchi-3167363p",
    "brand": "Coles",
    "name": "Potato Gnocchi",
    "imageUrl": "https://shop.coles.com.au/wcsstore/Coles-CAS/images/3/1/6/3167363-th.jpg",
    "categories": ["dairy-eggs-meals"],
    "tags": ["fresh-pasta-sauces", "fresh-pasta-nodles"],
    "locations": {
      "vic": {
        "price": 4,
        "promoText": " ",
        "packageSize": "500g",
        "packagePrice": "$0.80 per 100G"
      }
    }
  },
  {
    "id": "rana-spinach-ricotta-tortellini",
    "brand": "La Famiglia Rana",
    "name": "Ricotta & Spinach Tortellini",
    "imageUrl": "https://shop.coles.com.au/wcsstore/Coles-CAS/images/3/0/9/3091046-th.jpg",
    "categories": ["dairy-eggs-meals"],
    "tags": ["fresh-pasta-sauces", "fresh-pasta-nodles"],
    "locations": {
      "vic": {
        "price": 7,
        "promoText": " ",
        "packageSize": "325g",
        "packagePrice": "$2.15 per 100G"
      }
    }
  },
  {
    "id": "rana-ravioli-pumpkin-caramelised-onion",
    "brand": "La Famiglia Rana",
    "name": "Pumpkin & Roasted Onion Ravioli",
    "imageUrl": "https://shop.coles.com.au/wcsstore/Coles-CAS/images/3/0/9/3091148-th.jpg",
    "categories": ["dairy-eggs-meals"],
    "tags": ["fresh-pasta-sauces", "fresh-pasta-nodles"],
    "locations": {
      "vic": {
        "price": 7,
        "promoText": " ",
        "packageSize": "325g",
        "packagePrice": "$2.15 per 100G"
      }
    }
  },
  {
    "id": "latina-fresh-lasagne-sheets",
    "brand": "Latina",
    "name": "Fresh Lasagne Sheets 8 Pack",
    "imageUrl": "https://shop.coles.com.au/wcsstore/Coles-CAS/images/5/1/6/5165427-th.jpg",
    "categories": ["dairy-eggs-meals"],
    "tags": ["fresh-pasta-sauces", "fresh-pasta-nodles"],
    "locations": {
      "vic": {
        "price": 5,
        "promoText": " ",
        "packageSize": "375g",
        "packagePrice": "$1.33 per 100G"
      }
    }
  },
  {
    "id": "coles-beef-ravioli-pasta",
    "brand": "Coles",
    "name": "Beef Ravioli Pasta",
    "imageUrl": "https://shop.coles.com.au/wcsstore/Coles-CAS/images/2/7/1/2716080-th.jpg",
    "categories": ["dairy-eggs-meals"],
    "tags": ["fresh-pasta-sauces", "fresh-pasta-nodles"],
    "locations": {
      "vic": {
        "price": 4,
        "promoText": " ",
        "packageSize": "600g",
        "packagePrice": "$0.67 per 100G"
      }
    }
  },
  {
    "id": "coles-veal-tortellini",
    "brand": "Coles",
    "name": "Veal Tortellini Pasta",
    "imageUrl": "https://shop.coles.com.au/wcsstore/Coles-CAS/images/2/7/1/2714289-th.jpg",
    "categories": ["dairy-eggs-meals"],
    "tags": ["fresh-pasta-sauces", "fresh-pasta-nodles"],
    "locations": {
      "vic": {
        "price": 4,
        "promoText": " ",
        "packageSize": "600g",
        "packagePrice": "$0.67 per 100G"
      }
    }
  },
  {
    "id": "latina-fresh-tortellini-veal-5051836p",
    "brand": "Latina",
    "name": "Fresh Veal Tortellini",
    "imageUrl": "https://shop.coles.com.au/wcsstore/Coles-CAS/images/5/0/5/5051836-th.jpg",
    "categories": ["dairy-eggs-meals"],
    "tags": ["fresh-pasta-sauces", "fresh-pasta-nodles"],
    "locations": {
      "vic": {
        "price": 4,
        "promoText": "$2.50 ",
        "packageSize": "375g",
        "packagePrice": "$1.07 per 100G"
      }
    }
  },
  {
    "id": "changs-noodles-wok-ready-lo-cal",
    "brand": "Chang's",
    "name": "Super Lo-Cal Traditional Noodles",
    "imageUrl": "https://shop.coles.com.au/wcsstore/Coles-CAS/images/8/8/6/8864976-th.jpg",
    "categories": ["dairy-eggs-meals"],
    "tags": ["fresh-pasta-sauces", "fresh-pasta-nodles"],
    "locations": {
      "vic": {
        "price": 2.6,
        "promoText": " ",
        "packageSize": "390g",
        "packagePrice": "$0.67 per 100G"
      }
    }
  },
  {
    "id": "latina-pasta-tortellini-spinach-ricotta",
    "brand": "Latina",
    "name": "Fresh Spinach & Ricotta Tortellini",
    "imageUrl": "https://shop.coles.com.au/wcsstore/Coles-CAS/images/1/2/0/1202146-th.jpg",
    "categories": ["dairy-eggs-meals"],
    "tags": ["fresh-pasta-sauces", "fresh-pasta-nodles"],
    "locations": {
      "vic": {
        "price": 8,
        "promoText": " ",
        "packageSize": "625g",
        "packagePrice": "$1.28 per 100G"
      }
    }
  },
  {
    "id": "latina-fresh-tortellini-veal",
    "brand": "Latina",
    "name": "Fresh Veal Tortellini",
    "imageUrl": "https://shop.coles.com.au/wcsstore/Coles-CAS/images/5/4/0/5404131-th.jpg",
    "categories": ["dairy-eggs-meals"],
    "tags": ["fresh-pasta-sauces", "fresh-pasta-nodles"],
    "locations": {
      "vic": {
        "price": 8,
        "promoText": " ",
        "packageSize": "625g",
        "packagePrice": "$1.28 per 100G"
      }
    }
  },
  {
    "id": "latina-fresh-fettuccine-egg-5051790p",
    "brand": "Latina",
    "name": "Fresh Egg Fettuccine",
    "imageUrl": "https://shop.coles.com.au/wcsstore/Coles-CAS/images/5/0/5/5051790-th.jpg",
    "categories": ["dairy-eggs-meals"],
    "tags": ["fresh-pasta-sauces", "fresh-pasta-nodles"],
    "locations": {
      "vic": {
        "price": 5,
        "promoText": " ",
        "packageSize": "375g",
        "packagePrice": "$1.33 per 100G"
      }
    }
  },
  {
    "id": "coles-finest-filled-pasta-pork-fennel",
    "brand": "Coles Finest",
    "name": "Italian Style Pork & Fennel Mezzalune Pasta",
    "imageUrl": "https://shop.coles.com.au/wcsstore/Coles-CAS/images/3/1/6/3166101-th.jpg",
    "categories": ["dairy-eggs-meals"],
    "tags": ["fresh-pasta-sauces", "fresh-pasta-nodles"],
    "locations": {
      "vic": {
        "price": 5,
        "promoText": " ",
        "packageSize": "350g",
        "packagePrice": "$1.43 per 100G"
      }
    }
  },
  {
    "id": "latina-roast-chicken-garlic-ravioli",
    "brand": "Latina",
    "name": "Fresh Roast Chicken & Garlic Ravioli",
    "imageUrl": "https://shop.coles.com.au/wcsstore/Coles-CAS/images/7/2/9/7294409-th.jpg",
    "categories": ["dairy-eggs-meals"],
    "tags": ["fresh-pasta-sauces", "fresh-pasta-nodles"],
    "locations": {
      "vic": {
        "price": 8,
        "promoText": " ",
        "packageSize": "625g",
        "packagePrice": "$1.28 per 100G"
      }
    }
  },
  {
    "id": "latina-fresh-gluten-free-beef-ravioli",
    "brand": "Latina",
    "name": "Gluten Free Beef Ravioli",
    "imageUrl": "https://shop.coles.com.au/wcsstore/Coles-CAS/images/2/2/7/2271450-th.jpg",
    "categories": ["dairy-eggs-meals"],
    "tags": ["fresh-pasta-sauces", "fresh-pasta-nodles"],
    "locations": {
      "vic": {
        "price": 7.5,
        "promoText": " ",
        "packageSize": "280g",
        "packagePrice": "$2.68 per 100G"
      }
    }
  },
  {
    "id": "latina-fresh-pasta-sauce-creamy-sundried-tomato",
    "brand": "Latina",
    "name": "Fresh Creamy Sundried Tomato Pasta Sauce",
    "imageUrl": "https://shop.coles.com.au/wcsstore/Coles-CAS/images/6/0/2/6026890-th.jpg",
    "categories": ["dairy-eggs-meals"],
    "tags": ["fresh-pasta-sauces", "pasta-sauces"],
    "locations": {
      "vic": {
        "price": 6,
        "promoText": " ",
        "packageSize": "425g",
        "packagePrice": "$1.41 per 100G"
      }
    }
  },
  {
    "id": "latina-fresh-pasta-sauce-bolognese",
    "brand": "Latina",
    "name": "Fresh Beef Bolognese",
    "imageUrl": "https://shop.coles.com.au/wcsstore/Coles-CAS/images/5/2/2/5220241-th.jpg",
    "categories": ["dairy-eggs-meals"],
    "tags": ["fresh-pasta-sauces", "pasta-sauces"],
    "locations": {
      "vic": {
        "price": 6,
        "promoText": " ",
        "packageSize": "425g",
        "packagePrice": "$1.41 per 100G"
      }
    }
  },
  {
    "id": "latina-fresh-pasta-sauce-creamy-carbonara-5404109p",
    "brand": "Latina",
    "name": "Fresh Creamy Carbonara Pasta Sauce",
    "imageUrl": "https://shop.coles.com.au/wcsstore/Coles-CAS/images/5/4/0/5404109-th.jpg",
    "categories": ["dairy-eggs-meals"],
    "tags": ["fresh-pasta-sauces", "pasta-sauces"],
    "locations": {
      "vic": {
        "price": 6,
        "promoText": " ",
        "packageSize": "425g",
        "packagePrice": "$1.41 per 100G"
      }
    }
  },
  {
    "id": "coles-pasta-sauce-tomato-basil",
    "brand": "Coles",
    "name": "Tomato & Basil Pasta Sauce",
    "imageUrl": "https://shop.coles.com.au/wcsstore/Coles-CAS/images/2/8/7/2877330-th.jpg",
    "categories": ["dairy-eggs-meals"],
    "tags": ["fresh-pasta-sauces", "pasta-sauces"],
    "locations": {
      "vic": {
        "price": 3.7,
        "promoText": " ",
        "packageSize": "425g",
        "packagePrice": "$0.87 per 100G"
      }
    }
  },
  {
    "id": "latina-fresh-pasta-sauce-italian-tomato-garlic-5233232p",
    "brand": "Latina",
    "name": "Fresh Italian Tomato & Garlic Pasta Sauce",
    "imageUrl": "https://shop.coles.com.au/wcsstore/Coles-CAS/images/5/2/3/5233232-th.jpg",
    "categories": ["dairy-eggs-meals"],
    "tags": ["fresh-pasta-sauces", "pasta-sauces"],
    "locations": {
      "vic": {
        "price": 6,
        "promoText": " ",
        "packageSize": "425g",
        "packagePrice": "$1.41 per 100G"
      }
    }
  },
  {
    "id": "coles-pasta-sauce-carbonara",
    "brand": "Coles",
    "name": "Carbonara Pasta Sauce",
    "imageUrl": "https://shop.coles.com.au/wcsstore/Coles-CAS/images/2/8/7/2877341-th.jpg",
    "categories": ["dairy-eggs-meals"],
    "tags": ["fresh-pasta-sauces", "pasta-sauces"],
    "locations": {
      "vic": {
        "price": 3.7,
        "promoText": " ",
        "packageSize": "425g",
        "packagePrice": "$0.87 per 100G"
      }
    }
  },
  {
    "id": "latina-stir-through-sauce-tomato-smoked-bacon",
    "brand": "Latina Fresh",
    "name": "Tomato & Smoked Bacon Stir Through Sauce",
    "imageUrl": "https://shop.coles.com.au/wcsstore/Coles-CAS/images/3/6/5/3653725-th.jpg",
    "categories": ["dairy-eggs-meals"],
    "tags": ["fresh-pasta-sauces", "pasta-sauces"],
    "locations": {
      "vic": {
        "price": 3,
        "promoText": "$1.00 ",
        "packageSize": "250g",
        "packagePrice": "$1.20 per 100G"
      }
    }
  },
  {
    "id": "coles-pasta-sauce-chese",
    "brand": "Coles",
    "name": "Creamy Cheese Pasta Sauce",
    "imageUrl": "https://shop.coles.com.au/wcsstore/Coles-CAS/images/3/7/7/3776962-th.jpg",
    "categories": ["dairy-eggs-meals"],
    "tags": ["fresh-pasta-sauces", "pasta-sauces"],
    "locations": {
      "vic": {
        "price": 3.7,
        "promoText": " ",
        "packageSize": "425g",
        "packagePrice": "$0.87 per 100G"
      }
    }
  },
  {
    "id": "coles-bread-garlic-twin-pack",
    "brand": "Coles",
    "name": "Garlic Baguette Twin Pack",
    "imageUrl": "https://shop.coles.com.au/wcsstore/Coles-CAS/images/6/1/1/6113633-th.jpg",
    "categories": ["dairy-eggs-meals"],
    "tags": ["garlic-bread-pastry-shets", "chilled-garlic-specialty-breads"],
    "locations": {
      "vic": {
        "price": 2.8,
        "promoText": " ",
        "packageSize": "450g",
        "packagePrice": "$0.62 per 100G"
      }
    }
  },
  {
    "id": "la-famiglia-bread-garlic",
    "brand": "La Famiglia",
    "name": "Garlic Bread",
    "imageUrl": "https://shop.coles.com.au/wcsstore/Coles-CAS/images/6/1/4/6146213-th.jpg",
    "categories": ["dairy-eggs-meals"],
    "tags": ["garlic-bread-pastry-shets", "chilled-garlic-specialty-breads"],
    "locations": {
      "vic": {
        "price": 4,
        "promoText": " ",
        "packageSize": "400g",
        "packagePrice": "$1.00 per 100G"
      }
    }
  },
  {
    "id": "coles-smart-buy-bread-garlic-twin-pack",
    "brand": "Coles",
    "name": "Garlic Bread Twin Pack",
    "imageUrl": "https://shop.coles.com.au/wcsstore/Coles-CAS/images/7/3/1/7319725-th.jpg",
    "categories": ["dairy-eggs-meals"],
    "tags": ["garlic-bread-pastry-shets", "chilled-garlic-specialty-breads"],
    "locations": {
      "vic": {
        "price": 1.9,
        "promoText": " ",
        "packageSize": "450g",
        "packagePrice": "$0.42 per 100G"
      }
    }
  },
  {
    "id": "la-famiglia--garlic-bread-for-2",
    "brand": "La Famiglia",
    "name": "Garlic Bread",
    "imageUrl": "https://shop.coles.com.au/wcsstore/Coles-CAS/images/2/6/8/2681882-th.jpg",
    "categories": ["dairy-eggs-meals"],
    "tags": ["garlic-bread-pastry-shets", "chilled-garlic-specialty-breads"],
    "locations": {
      "vic": {
        "price": 3,
        "promoText": " ",
        "packageSize": "170g",
        "packagePrice": "$1.76 per 100G"
      }
    }
  },
  {
    "id": "mission-garlic-naan",
    "brand": "Mission",
    "name": "Garlic Naan",
    "imageUrl": "https://shop.coles.com.au/wcsstore/Coles-CAS/images/3/6/3/3639600-th.jpg",
    "categories": ["dairy-eggs-meals"],
    "tags": ["garlic-bread-pastry-shets", "chilled-garlic-specialty-breads"],
    "locations": {
      "vic": {
        "price": 3.79,
        "promoText": " ",
        "packageSize": "280g",
        "packagePrice": "$1.35 per 100G"
      }
    }
  },
  {
    "id": "la-famiglia-bread-garlic-slices",
    "brand": "La Famiglia",
    "name": "Garlic Bread Slices 9 pack",
    "imageUrl": "https://shop.coles.com.au/wcsstore/Coles-CAS/images/9/4/3/9435160-th.jpg",
    "categories": ["dairy-eggs-meals"],
    "tags": ["garlic-bread-pastry-shets", "chilled-garlic-specialty-breads"],
    "locations": {
      "vic": {
        "price": 5.2,
        "promoText": " ",
        "packageSize": "270g",
        "packagePrice": "$1.93 per 100G"
      }
    }
  },
  {
    "id": "antoniou-pastry-filo",
    "brand": "Antoniou",
    "name": "Filo Pastry Chilled",
    "imageUrl": "https://shop.coles.com.au/wcsstore/Coles-CAS/images/2/9/7/297384-th.jpg",
    "categories": ["dairy-eggs-meals"],
    "tags": ["garlic-bread-pastry-shets", "chilled-pastry-dough"],
    "locations": {
      "vic": {
        "price": 4,
        "promoText": " ",
        "packageSize": "375g",
        "packagePrice": "$1.07 per 100G"
      }
    }
  },
  {
    "id": "gerry-pittes-bread-pita-souvlaki-pizza",
    "brand": "Gerry Pittes",
    "name": "Souvlaki Pizza Pita Bread",
    "imageUrl": "https://shop.coles.com.au/wcsstore/Coles-CAS/images/4/8/5/485602-th.jpg",
    "categories": ["dairy-eggs-meals"],
    "tags": ["garlic-bread-pastry-shets", "chilled-pastry-dough"],
    "locations": {
      "vic": {
        "price": 3.15,
        "promoText": " ",
        "packageSize": "450g",
        "packagePrice": "$0.70 per 100G"
      }
    }
  },
  {
    "id": "coles-asian-thai-green-chicken-curry-with-rice",
    "brand": "Coles",
    "name": "Kitchen Thai Green Chicken Curry With Rice",
    "imageUrl": "https://shop.coles.com.au/wcsstore/Coles-CAS/images/2/8/7/2875110-th.jpg",
    "categories": ["dairy-eggs-meals"],
    "tags": ["ready-to-eat-meals", "thai-meals"],
    "locations": {
      "vic": {
        "price": 6.5,
        "promoText": "Any 2 $12",
        "packageSize": "350g",
        "packagePrice": "$1.86 per 100G"
      }
    }
  },
  {
    "id": "coles-asian-beef-massaman-curry-with-rice-meal",
    "brand": "Coles",
    "name": "Kitchen Beef Massaman Curry With Rice",
    "imageUrl": "https://shop.coles.com.au/wcsstore/Coles-CAS/images/2/8/7/2875120-th.jpg",
    "categories": ["dairy-eggs-meals"],
    "tags": ["ready-to-eat-meals", "thai-meals"],
    "locations": {
      "vic": {
        "price": 6.5,
        "promoText": "Any 2 $12",
        "packageSize": "350g",
        "packagePrice": "$1.86 per 100G"
      }
    }
  },
  {
    "id": "coles-curry-pot-half-pack-butter-chicken-rice",
    "brand": "Coles",
    "name": "Kitchen Butter Chicken With Rice",
    "imageUrl": "https://shop.coles.com.au/wcsstore/Coles-CAS/images/7/3/2/7325091-th.jpg",
    "categories": ["dairy-eggs-meals"],
    "tags": ["ready-to-eat-meals", "indian-fod-meals"],
    "locations": {
      "vic": {
        "price": 6.5,
        "promoText": "Any 2 $12",
        "packageSize": "350g",
        "packagePrice": "$1.86 per 100G"
      }
    }
  },
  {
    "id": "stonefire-garlic-naan",
    "brand": "Stonefire",
    "name": "Roasted Garlic Naan 2 pack",
    "imageUrl": "https://shop.coles.com.au/wcsstore/Coles-CAS/images/2/8/8/2885532-th.jpg",
    "categories": ["dairy-eggs-meals"],
    "tags": ["ready-to-eat-meals", "indian-fod-meals"],
    "locations": {
      "vic": {
        "price": 3,
        "promoText": " ",
        "packageSize": "250g",
        "packagePrice": "$1.20 per 100G"
      }
    }
  },
  {
    "id": "coles-natures-kitchen-meat-free-butter-chicken",
    "brand": "Coles",
    "name": "Natures Kitchen Meat Free Butter Chicken",
    "imageUrl": "https://shop.coles.com.au/wcsstore/Coles-CAS/images/3/6/4/3649648-th.jpg",
    "categories": ["dairy-eggs-meals"],
    "tags": ["ready-to-eat-meals", "indian-fod-meals"],
    "locations": {
      "vic": {
        "price": 7.5,
        "promoText": "Any 2 $12",
        "packageSize": "350g",
        "packagePrice": "$2.14 per 100G"
      }
    }
  },
  {
    "id": "coles-tikka-masala-chicken-curry-meal",
    "brand": "Coles",
    "name": "Kitchen Chicken Tikka Masala With Rice",
    "imageUrl": "https://shop.coles.com.au/wcsstore/Coles-CAS/images/2/8/7/2877523-th.jpg",
    "categories": ["dairy-eggs-meals"],
    "tags": ["ready-to-eat-meals", "indian-fod-meals"],
    "locations": {
      "vic": {
        "price": 6.5,
        "promoText": "Any 2 $12",
        "packageSize": "350g",
        "packagePrice": "$1.86 per 100G"
      }
    }
  },
  {
    "id": "coles-finest-butter-chicken",
    "brand": "Coles",
    "name": "Finest Creamy Butter Chicken",
    "imageUrl": "https://shop.coles.com.au/wcsstore/Coles-CAS/images/3/7/7/3771313-th.jpg",
    "categories": ["dairy-eggs-meals"],
    "tags": ["ready-to-eat-meals", "indian-fod-meals"],
    "locations": {
      "vic": {
        "price": 8.5,
        "promoText": " ",
        "packageSize": "400g",
        "packagePrice": "$2.13 per 100G"
      }
    }
  },
  {
    "id": "ready-chef-beef-lasagne",
    "brand": "Ready Chef",
    "name": "Beef Lasagne",
    "imageUrl": "https://shop.coles.com.au/wcsstore/Coles-CAS/images/9/1/9/9196207-th.jpg",
    "categories": ["dairy-eggs-meals"],
    "tags": ["ready-to-eat-meals", "italian-meals-pasta"],
    "locations": {
      "vic": {
        "price": 15,
        "promoText": " ",
        "packageSize": "2kg",
        "packagePrice": "$0.75 per 100G"
      }
    }
  },
  {
    "id": "coles-cuisine-beef-lasagne",
    "brand": "Coles",
    "name": "Kitchen Beef Lasagne",
    "imageUrl": "https://shop.coles.com.au/wcsstore/Coles-CAS/images/1/7/2/1728062-th.jpg",
    "categories": ["dairy-eggs-meals"],
    "tags": ["ready-to-eat-meals", "italian-meals-pasta"],
    "locations": {
      "vic": {
        "price": 7.5,
        "promoText": "Any 2 $12",
        "packageSize": "400g",
        "packagePrice": "$1.88 per 100G"
      }
    }
  },
  {
    "id": "coles-kitchen-cannelloni-spnch-ricta",
    "brand": "Coles",
    "name": "Kitchen Spinach & Ricotta Cannelloni",
    "imageUrl": "https://shop.coles.com.au/wcsstore/Coles-CAS/images/3/7/7/3771277-th.jpg",
    "categories": ["dairy-eggs-meals"],
    "tags": ["ready-to-eat-meals", "italian-meals-pasta"],
    "locations": {
      "vic": {
        "price": 6.5,
        "promoText": "Any 2 $12",
        "packageSize": "350g",
        "packagePrice": "$1.86 per 100G"
      }
    }
  },
  {
    "id": "coles-natures-kitchen-lentil-spag-bolognese",
    "brand": "Coles",
    "name": "Natures Kitchen Lentil Spag Bolognese",
    "imageUrl": "https://shop.coles.com.au/wcsstore/Coles-CAS/images/3/4/6/3468031-th.jpg",
    "categories": ["dairy-eggs-meals"],
    "tags": ["ready-to-eat-meals", "italian-meals-pasta"],
    "locations": {
      "vic": {
        "price": 7.5,
        "promoText": "Any 2 $12",
        "packageSize": "350g",
        "packagePrice": "$2.14 per 100G"
      }
    }
  },
  {
    "id": "coles-spaghetti-carbonara-pasta",
    "brand": "Coles",
    "name": "Kitchen Spaghetti Carbonara",
    "imageUrl": "https://shop.coles.com.au/wcsstore/Coles-CAS/images/2/6/8/2680802-th.jpg",
    "categories": ["dairy-eggs-meals"],
    "tags": ["ready-to-eat-meals", "italian-meals-pasta"],
    "locations": {
      "vic": {
        "price": 7.5,
        "promoText": "Any 2 $12",
        "packageSize": "350g",
        "packagePrice": "$2.14 per 100G"
      }
    }
  },
  {
    "id": "latina-lasagne-angus-beef-vegetable-9991403p",
    "brand": "Latina",
    "name": "Lasagne with Angus Beef & Vegetables",
    "imageUrl": "https://shop.coles.com.au/wcsstore/Coles-CAS/images/9/9/9/9991403-th.jpg",
    "categories": ["dairy-eggs-meals"],
    "tags": ["ready-to-eat-meals", "italian-meals-pasta"],
    "locations": {
      "vic": {
        "price": 13.75,
        "promoText": " ",
        "packageSize": "800g",
        "packagePrice": "$1.72 per 100G"
      }
    }
  },
  {
    "id": "coles-beef-lasagne-3165991p",
    "brand": "Coles",
    "name": "Beef Lasagne",
    "imageUrl": "https://shop.coles.com.au/wcsstore/Coles-CAS/images/3/1/6/3165991-th.jpg",
    "categories": ["dairy-eggs-meals"],
    "tags": ["ready-to-eat-meals", "italian-meals-pasta"],
    "locations": {
      "vic": {
        "price": 10,
        "promoText": " ",
        "packageSize": "1.8kg",
        "packagePrice": "$5.56 per 1KG"
      }
    }
  },
  {
    "id": "pitango-godness-bowl-butter-chicken",
    "brand": "Pitango",
    "name": "Goodness Bowl Butter Chicken",
    "imageUrl": "https://shop.coles.com.au/wcsstore/Coles-CAS/images/3/7/6/3761841-th.jpg",
    "categories": ["dairy-eggs-meals"],
    "tags": ["ready-to-eat-meals", "italian-meals-pasta"],
    "locations": {
      "vic": {
        "price": 6,
        "promoText": " ",
        "packageSize": "350g",
        "packagePrice": "$1.71 per 100G"
      }
    }
  },
  {
    "id": "banquet--everyday-quiche-lorraine",
    "brand": "Banquet",
    "name": "Quiche Lorraine",
    "imageUrl": "https://shop.coles.com.au/wcsstore/Coles-CAS/images/2/8/1/2815898-th.jpg",
    "categories": ["dairy-eggs-meals"],
    "tags": ["ready-to-eat-meals", "pies-pastries"],
    "locations": {
      "vic": {
        "price": 9,
        "promoText": " ",
        "packageSize": "700g",
        "packagePrice": "$1.29 per 100G"
      }
    }
  },
  {
    "id": "pomodoro-bros-pizza-bases-stone-baked",
    "brand": "Pomodoro Bros",
    "name": "Stone Baked Pizza Base Twin pack",
    "imageUrl": "https://shop.coles.com.au/wcsstore/Coles-CAS/images/8/7/1/8714656-th.jpg",
    "categories": ["dairy-eggs-meals"],
    "tags": ["ready-to-eat-meals", "pizzas"],
    "locations": {
      "vic": {
        "price": 4.2,
        "promoText": " ",
        "packageSize": "560g",
        "packagePrice": "$0.75 per 100G"
      }
    }
  },
  {
    "id": "pitango-free-range-chicken-vegetable-soup",
    "brand": "Pitango",
    "name": "Free Range Chicken & Vegetable Soup",
    "imageUrl": "https://shop.coles.com.au/wcsstore/Coles-CAS/images/3/1/8/3183122-th.jpg",
    "categories": ["dairy-eggs-meals"],
    "tags": ["ready-to-eat-meals", "soups-stews"],
    "locations": {
      "vic": {
        "price": 6,
        "promoText": " ",
        "packageSize": "500g",
        "packagePrice": "$1.20 per 100G"
      }
    }
  },
  {
    "id": "darikay-hearty-chicken-soup",
    "brand": "Darikay",
    "name": "Hearty Chicken Soup",
    "imageUrl": "https://shop.coles.com.au/wcsstore/Coles-CAS/images/1/1/9/1196600-th.jpg",
    "categories": ["dairy-eggs-meals"],
    "tags": ["ready-to-eat-meals", "soups-stews"],
    "locations": {
      "vic": {
        "price": 6.5,
        "promoText": " ",
        "packageSize": "550g",
        "packagePrice": "$1.18 per 100G"
      }
    }
  },
  {
    "id": "coles-butternut-pumpkin-soup",
    "brand": "Coles",
    "name": "Kitchen Butternut Pumpkin Soup",
    "imageUrl": "https://shop.coles.com.au/wcsstore/Coles-CAS/images/3/4/6/3467447-th.jpg",
    "categories": ["dairy-eggs-meals"],
    "tags": ["ready-to-eat-meals", "soups-stews"],
    "locations": {
      "vic": {
        "price": 3,
        "promoText": "Any 2 $5",
        "packageSize": "300g",
        "packagePrice": "$1.00 per 100G"
      }
    }
  },
  {
    "id": "darikay-chicken-noodle-soup",
    "brand": "Darikay",
    "name": "Chicken Noodle Soup",
    "imageUrl": "https://shop.coles.com.au/wcsstore/Coles-CAS/images/1/1/9/1196611-th.jpg",
    "categories": ["dairy-eggs-meals"],
    "tags": ["ready-to-eat-meals", "soups-stews"],
    "locations": {
      "vic": {
        "price": 6.5,
        "promoText": " ",
        "packageSize": "550g",
        "packagePrice": "$1.18 per 100G"
      }
    }
  },
  {
    "id": "coles-hard-tofu",
    "brand": "Coles",
    "name": "Nature's Kitchen Firm Tofu",
    "imageUrl": "https://shop.coles.com.au/wcsstore/Coles-CAS/images/2/7/5/2752255-th.jpg",
    "categories": ["dairy-eggs-meals", "healthy-living"],
    "tags": ["vegetarian-options", "tofu"],
    "locations": {
      "vic": {
        "price": 2.5,
        "promoText": " ",
        "packageSize": "300g",
        "packagePrice": "$0.83 per 100G"
      }
    }
  },
  {
    "id": "tly-joyce-tofu-silken-firm",
    "brand": "TLY Joyce",
    "name": "Silken Firm Tofu",
    "imageUrl": "https://shop.coles.com.au/wcsstore/Coles-CAS/images/6/7/0/6701132-th.jpg",
    "categories": ["dairy-eggs-meals", "healthy-living"],
    "tags": ["vegetarian-options", "tofu"],
    "locations": {
      "vic": {
        "price": 2.7,
        "promoText": " ",
        "packageSize": "300g",
        "packagePrice": "$0.90 per 100G"
      }
    }
  },
  {
    "id": "coles-natures-kitchen-silken-tofu",
    "brand": "Coles",
    "name": "Natures Kitchen Silken Tofu",
    "imageUrl": "https://shop.coles.com.au/wcsstore/Coles-CAS/images/3/6/5/3655108-th.jpg",
    "categories": ["dairy-eggs-meals", "healthy-living"],
    "tags": ["vegetarian-options", "tofu"],
    "locations": {
      "vic": {
        "price": 2.5,
        "promoText": " ",
        "packageSize": "300g",
        "packagePrice": "$0.83 per 100G"
      }
    }
  },
  {
    "id": "beijing-tofu-pieces-chilli",
    "brand": "Beijing",
    "name": "Chilli Tofu Pieces",
    "imageUrl": "https://shop.coles.com.au/wcsstore/Coles-CAS/images/8/8/7/8879601-th.jpg",
    "categories": ["dairy-eggs-meals", "healthy-living"],
    "tags": ["vegetarian-options", "tofu"],
    "locations": {
      "vic": {
        "price": 5,
        "promoText": " ",
        "packageSize": "200g",
        "packagePrice": "$2.50 per 100G"
      }
    }
  },
  {
    "id": "coles-tofu",
    "brand": "Coles",
    "name": "Nature's Kitchen Firm Tofu",
    "imageUrl": "https://shop.coles.com.au/wcsstore/Coles-CAS/images/3/5/1/3513180-th.jpg",
    "categories": ["dairy-eggs-meals", "healthy-living"],
    "tags": ["vegetarian-options", "tofu"],
    "locations": {
      "vic": {
        "price": 3.75,
        "promoText": " ",
        "packageSize": "450g",
        "packagePrice": "$0.83 per 100G"
      }
    }
  },
  {
    "id": "coles-sweet-chilli-tofu-nuggets-3512360p",
    "brand": "Coles",
    "name": "Nature's Kitchen Sweet Chilli Tofu Nuggets Mild",
    "imageUrl": "https://shop.coles.com.au/wcsstore/Coles-CAS/images/3/5/1/3512360-th.jpg",
    "categories": ["dairy-eggs-meals", "healthy-living"],
    "tags": ["vegetarian-options", "tofu"],
    "locations": {
      "vic": {
        "price": 5.9,
        "promoText": " ",
        "packageSize": "350g",
        "packagePrice": "$1.69 per 100G"
      }
    }
  },
  {
    "id": "yumis-falafel-balls-plain",
    "brand": "Yumi's",
    "name": "Classic Falafel Balls",
    "imageUrl": "https://shop.coles.com.au/wcsstore/Coles-CAS/images/7/8/4/7844306-th.jpg",
    "categories": ["dairy-eggs-meals", "healthy-living"],
    "tags": ["vegetarian-options", "falafels"],
    "locations": {
      "vic": {
        "price": 5,
        "promoText": " ",
        "packageSize": "225g",
        "packagePrice": "$2.22 per 100G"
      }
    }
  },
  {
    "id": "yumis-falafel-balls-sesame",
    "brand": "Yumi's",
    "name": "Sesame Falafel Balls",
    "imageUrl": "https://shop.coles.com.au/wcsstore/Coles-CAS/images/7/8/4/7844317-th.jpg",
    "categories": ["dairy-eggs-meals", "healthy-living"],
    "tags": ["vegetarian-options", "falafels"],
    "locations": {
      "vic": {
        "price": 5,
        "promoText": " ",
        "packageSize": "225g",
        "packagePrice": "$2.22 per 100G"
      }
    }
  },
  {
    "id": "wildly-good-beetroot-black-bean-burger-3516189p",
    "brand": "Wildly Good",
    "name": "Beetroot & Black Bean Burgers",
    "imageUrl": "https://shop.coles.com.au/wcsstore/Coles-CAS/images/3/5/1/3516189-th.jpg",
    "categories": ["dairy-eggs-meals", "healthy-living"],
    "tags": ["vegetarian-options", "vegie-burgers-sausages"],
    "locations": {
      "vic": {
        "price": 6,
        "promoText": " ",
        "packageSize": "250g",
        "packagePrice": "$2.40 per 100G"
      }
    }
  },
  {
    "id": "bean-supreme-tomato-basil-sausage-3516429p",
    "brand": "Bean Supreme",
    "name": "Mozzarella Tomato & Basil Sausages 6 Pack",
    "imageUrl": "https://shop.coles.com.au/wcsstore/Coles-CAS/images/3/5/1/3516429-th.jpg",
    "categories": ["dairy-eggs-meals", "healthy-living"],
    "tags": ["vegetarian-options", "vegie-burgers-sausages"],
    "locations": {
      "vic": {
        "price": 8,
        "promoText": " ",
        "packageSize": "375g",
        "packagePrice": "$2.13 per 100G"
      }
    }
  },
  {
    "id": "bean-supreme-masala-burger-3516418p",
    "brand": "Bean Supreme",
    "name": "Masala Burgers 4 Pack",
    "imageUrl": "https://shop.coles.com.au/wcsstore/Coles-CAS/images/3/5/1/3516418-th.jpg",
    "categories": ["dairy-eggs-meals", "healthy-living"],
    "tags": ["vegetarian-options", "vegie-burgers-sausages"],
    "locations": {
      "vic": {
        "price": 5,
        "promoText": "$3.00 ",
        "packageSize": "340g",
        "packagePrice": "$1.47 per 100G"
      }
    }
  },
  {
    "id": "coles-original-meat-free-sausages",
    "brand": "Coles",
    "name": "Nature's Kitchen Original Meat Free Sausages",
    "imageUrl": "https://shop.coles.com.au/wcsstore/Coles-CAS/images/3/5/1/3513169-th.jpg",
    "categories": ["dairy-eggs-meals", "healthy-living"],
    "tags": ["vegetarian-options", "vegie-burgers-sausages"],
    "locations": {
      "vic": {
        "price": 6,
        "promoText": " ",
        "packageSize": "270g",
        "packagePrice": "$2.22 per 100G"
      }
    }
  },
  {
    "id": "coles-meat-free-chicken-tenderloins-3512916p",
    "brand": "Coles",
    "name": "Nature's Kitchen Meat Free Chicken Style Tenders",
    "imageUrl": "https://shop.coles.com.au/wcsstore/Coles-CAS/images/3/5/1/3512916-th.jpg",
    "categories": ["dairy-eggs-meals", "healthy-living"],
    "tags": ["vegetarian-options", "vegie-burgers-sausages"],
    "locations": {
      "vic": {
        "price": 7,
        "promoText": " ",
        "packageSize": "240g",
        "packagePrice": "$2.92 per 100G"
      }
    }
  },
  {
    "id": "wildly-god-fritter-bites-swet-corn-spring-onion",
    "brand": "Wildly Good",
    "name": "Sweet Corn Spring Onion Fritter Bites",
    "imageUrl": "https://shop.coles.com.au/wcsstore/Coles-CAS/images/3/7/6/3767098-th.jpg",
    "categories": ["dairy-eggs-meals", "healthy-living"],
    "tags": ["vegetarian-options", "vegie-burgers-sausages"],
    "locations": {
      "vic": {
        "price": 6,
        "promoText": " ",
        "packageSize": "210g",
        "packagePrice": "$2.86 per 100G"
      }
    }
  },
  {
    "id": "yumis-delights-sweet-potato-herb-dip",
    "brand": "Yumis",
    "name": "Vegetable Delights Sweet Potato & Herb",
    "imageUrl": "https://shop.coles.com.au/wcsstore/Coles-CAS/images/2/1/2/2122020-th.jpg",
    "categories": ["dairy-eggs-meals", "healthy-living"],
    "tags": ["vegetarian-options", "vegie-burgers-sausages"],
    "locations": {
      "vic": {
        "price": 5.5,
        "promoText": " ",
        "packageSize": "225g",
        "packagePrice": "$2.44 per 100G"
      }
    }
  },
  {
    "id": "keep-it-cleaner-protein-bars-apple-crumble-3515583p",
    "brand": "Keep It Cleaner",
    "name": "Probiotic Apple Cinnamon Protein Bar",
    "imageUrl": "https://shop.coles.com.au/wcsstore/Coles-CAS/images/3/5/1/3515583-th.jpg",
    "categories": ["dairy-eggs-meals", "healthy-living"],
    "tags": ["vegetarian-options", "vegie-burgers-sausages"],
    "locations": {
      "vic": {
        "price": 3,
        "promoText": " ",
        "packageSize": "40g",
        "packagePrice": "$7.50 per 100G"
      }
    }
  },
  {
    "id": "hudsons-jackfruit-massaman-curry",
    "brand": "Hudson's",
    "name": "Jackfruit Massaman Curry",
    "imageUrl": "https://shop.coles.com.au/wcsstore/Coles-CAS/images/3/5/8/3582875-th.jpg",
    "categories": ["dairy-eggs-meals", "healthy-living"],
    "tags": ["vegetarian-options", "vegie-burgers-sausages"],
    "locations": {
      "vic": {
        "price": 6,
        "promoText": " ",
        "packageSize": "250g",
        "packagePrice": "$2.40 per 100G"
      }
    }
  },
  {
    "id": "quorn-pieces-3515732p",
    "brand": "Quorn",
    "name": "Pieces",
    "imageUrl": "https://shop.coles.com.au/wcsstore/Coles-CAS/images/3/5/1/3515732-th.jpg",
    "categories": ["dairy-eggs-meals", "healthy-living"],
    "tags": ["vegetarian-options", "vegie-burgers-sausages"],
    "locations": {
      "vic": {
        "price": 5.5,
        "promoText": " ",
        "packageSize": "200g",
        "packagePrice": "$2.75 per 100G"
      }
    }
  },
  {
    "id": "wildly-good-smoky-cauliflower-burger-3516167p",
    "brand": "Wildly Good",
    "name": "Smoky Cauliflower Burgers 2 Pack",
    "imageUrl": "https://shop.coles.com.au/wcsstore/Coles-CAS/images/3/5/1/3516167-th.jpg",
    "categories": ["dairy-eggs-meals", "healthy-living"],
    "tags": ["vegetarian-options", "vegie-burgers-sausages"],
    "locations": {
      "vic": {
        "price": 6,
        "promoText": " ",
        "packageSize": "250g",
        "packagePrice": "$2.40 per 100G"
      }
    }
  },
  {
    "id": "hudsons-jackfruit-tex-mex",
    "brand": "Hudson's",
    "name": "Jackfruit Tex Mex",
    "imageUrl": "https://shop.coles.com.au/wcsstore/Coles-CAS/images/3/5/8/3582886-th.jpg",
    "categories": ["dairy-eggs-meals", "healthy-living"],
    "tags": ["vegetarian-options", "vegie-burgers-sausages"],
    "locations": {
      "vic": {
        "price": 6,
        "promoText": " ",
        "packageSize": "250g",
        "packagePrice": "$2.40 per 100G"
      }
    }
  },
  {
    "id": "quorn-burger-3515700p",
    "brand": "Quorn",
    "name": "Burgers 2 pack",
    "imageUrl": "https://shop.coles.com.au/wcsstore/Coles-CAS/images/3/5/1/3515700-th.jpg",
    "categories": ["dairy-eggs-meals", "healthy-living"],
    "tags": ["vegetarian-options", "vegie-burgers-sausages"],
    "locations": {
      "vic": {
        "price": 5.5,
        "promoText": " ",
        "packageSize": "160g",
        "packagePrice": "$3.44 per 100G"
      }
    }
  },
  {
    "id": "wildly-good-sweet-potato-kimchi-burger-3516145p",
    "brand": "Wildly Good",
    "name": "Sweet Potato & Kimchi Burgers 2 pack",
    "imageUrl": "https://shop.coles.com.au/wcsstore/Coles-CAS/images/3/5/1/3516145-th.jpg",
    "categories": ["dairy-eggs-meals", "healthy-living"],
    "tags": ["vegetarian-options", "vegie-burgers-sausages"],
    "locations": {
      "vic": {
        "price": 6,
        "promoText": " ",
        "packageSize": "250g",
        "packagePrice": "$2.40 per 100G"
      }
    }
  },
  {
    "id": "annabel-karmel-frozen-spaghetti-meatballs",
    "brand": "Annabel Karmel",
    "name": "Frozen Spaghetti & Meatballs 1to4 years",
    "imageUrl": "https://shop.coles.com.au/wcsstore/Coles-CAS/images/2/3/1/2313335-th.jpg",
    "categories": ["frozen"],
    "tags": ["baby-toddler-meals", "all-baby-toddler-meals"],
    "locations": {
      "vic": {
        "price": 4,
        "promoText": " ",
        "packageSize": "200g",
        "packagePrice": "$2.00 per 100G"
      }
    }
  },
  {
    "id": "annabel-karmel-frozen-bolognese-pasta-bake",
    "brand": "Annabel Karmel",
    "name": "Frozen Bolognese Pasta Bake 1to4 years",
    "imageUrl": "https://shop.coles.com.au/wcsstore/Coles-CAS/images/2/3/1/2313244-th.jpg",
    "categories": ["frozen"],
    "tags": ["baby-toddler-meals", "all-baby-toddler-meals"],
    "locations": {
      "vic": {
        "price": 4,
        "promoText": " ",
        "packageSize": "200g",
        "packagePrice": "$2.00 per 100G"
      }
    }
  },
  {
    "id": "annabel-karmel-frozen-vegie-pasta-bake",
    "brand": "Annabel Karmel",
    "name": "Frozen Veggie Pasta Bake 1to4 years",
    "imageUrl": "https://shop.coles.com.au/wcsstore/Coles-CAS/images/2/3/1/2313357-th.jpg",
    "categories": ["frozen"],
    "tags": ["baby-toddler-meals", "all-baby-toddler-meals"],
    "locations": {
      "vic": {
        "price": 4,
        "promoText": " ",
        "packageSize": "200g",
        "packagePrice": "$2.00 per 100G"
      }
    }
  },
  {
    "id": "annabel-karmel-frozen-beef-cottage-pie",
    "brand": "Annabel Karmel",
    "name": "Frozen Beef Cottage Pie 1 to 4 years",
    "imageUrl": "https://shop.coles.com.au/wcsstore/Coles-CAS/images/2/3/1/2313346-th.jpg",
    "categories": ["frozen"],
    "tags": ["baby-toddler-meals", "all-baby-toddler-meals"],
    "locations": {
      "vic": {
        "price": 4,
        "promoText": " ",
        "packageSize": "200g",
        "packagePrice": "$2.00 per 100G"
      }
    }
  },
  {
    "id": "annabel-karmel-butter-chicken",
    "brand": "Annabel Karmel",
    "name": "Frozen Mild Butter Chicken & Rice 1to4 Years",
    "imageUrl": "https://shop.coles.com.au/wcsstore/Coles-CAS/images/2/8/2/2821915-th.jpg",
    "categories": ["frozen"],
    "tags": ["baby-toddler-meals", "all-baby-toddler-meals"],
    "locations": {
      "vic": {
        "price": 4,
        "promoText": " ",
        "packageSize": "200g",
        "packagePrice": "$2.00 per 100G"
      }
    }
  },
  {
    "id": "annabel-karmel-chicken-and-sausage-paella",
    "brand": "Annabel Karmel",
    "name": "Frozen Chicken And Sausage Paella 1to4 years",
    "imageUrl": "https://shop.coles.com.au/wcsstore/Coles-CAS/images/3/1/1/3117015-th.jpg",
    "categories": ["frozen"],
    "tags": ["baby-toddler-meals", "all-baby-toddler-meals"],
    "locations": {
      "vic": {
        "price": 4,
        "promoText": " ",
        "packageSize": "200g",
        "packagePrice": "$2.00 per 100G"
      }
    }
  },
  {
    "id": "annabel-karmel-frozen-chicken-pumpkin-risotto",
    "brand": "Annabel Karmel",
    "name": "Frozen Chicken & Pumpkin Risotto 1to4 Years",
    "imageUrl": "https://shop.coles.com.au/wcsstore/Coles-CAS/images/2/3/1/2313324-th.jpg",
    "categories": ["frozen"],
    "tags": ["baby-toddler-meals", "all-baby-toddler-meals"],
    "locations": {
      "vic": {
        "price": 4,
        "promoText": " ",
        "packageSize": "200g",
        "packagePrice": "$2.00 per 100G"
      }
    }
  },
  {
    "id": "annabel-karmel-frozen-pureed-lentil-vegetable-blocks",
    "brand": "Annabel Karmel",
    "name": "Frozen Lentils & Vegetables Puree 1to4 years",
    "imageUrl": "https://shop.coles.com.au/wcsstore/Coles-CAS/images/2/3/4/2346301-th.jpg",
    "categories": ["frozen"],
    "tags": ["baby-toddler-meals", "all-baby-toddler-meals"],
    "locations": {
      "vic": {
        "price": 6,
        "promoText": " ",
        "packageSize": "270g",
        "packagePrice": "$2.22 per 100G"
      }
    }
  },
  {
    "id": "annabel-karmel-frozen-pureed-chicken-apple-butternut-pumpkin-blocks",
    "brand": "Annabel Karmel",
    "name": "Frozen Chicken Apple & Butternut Pumpkin Puree 6+months",
    "imageUrl": "https://shop.coles.com.au/wcsstore/Coles-CAS/images/2/3/4/2346298-th.jpg",
    "categories": ["frozen"],
    "tags": ["baby-toddler-meals", "all-baby-toddler-meals"],
    "locations": {
      "vic": {
        "price": 6,
        "promoText": " ",
        "packageSize": "270g",
        "packagePrice": "$2.22 per 100G"
      }
    }
  },
  {
    "id": "annabel-karmel-apricot-chickpea-puree",
    "brand": "Annabel Karmel",
    "name": "Frozen Chicken Apricot & Chickpea Puree 6+ Months",
    "imageUrl": "https://shop.coles.com.au/wcsstore/Coles-CAS/images/2/8/2/2821992-th.jpg",
    "categories": ["frozen"],
    "tags": ["baby-toddler-meals", "all-baby-toddler-meals"],
    "locations": {
      "vic": {
        "price": 6,
        "promoText": " ",
        "packageSize": "270g",
        "packagePrice": "$2.22 per 100G"
      }
    }
  },
  {
    "id": "mccains-pub-style-extra-crispy-fries",
    "brand": "McCain",
    "name": "Pub Style Extra Crispy Fries",
    "imageUrl": "https://shop.coles.com.au/wcsstore/Coles-CAS/images/3/4/5/3455448-th.jpg",
    "categories": ["frozen"],
    "tags": ["chips-wedges", "chips"],
    "locations": {
      "vic": {
        "price": 4,
        "promoText": " ",
        "packageSize": "750g",
        "packagePrice": "$5.33 per 1Kg"
      }
    }
  },
  {
    "id": "mccain-microchips",
    "brand": "McCain",
    "name": "Frozen Quick Chips 2 pack",
    "imageUrl": "https://shop.coles.com.au/wcsstore/Coles-CAS/images/3/3/1/3310570-th.jpg",
    "categories": ["frozen"],
    "tags": ["chips-wedges", "chips"],
    "locations": {
      "vic": {
        "price": 1.25,
        "promoText": "$1.25 ",
        "packageSize": "200g",
        "packagePrice": "$6.25 per 1Kg"
      }
    }
  },
  {
    "id": "mccain-delish-chips-golden-ale",
    "brand": "McCain",
    "name": "Delish Golden Ale Flavour Chips",
    "imageUrl": "https://shop.coles.com.au/wcsstore/Coles-CAS/images/3/6/4/3641475-th.jpg",
    "categories": ["frozen"],
    "tags": ["chips-wedges", "chips"],
    "locations": {
      "vic": {
        "price": 4,
        "promoText": " ",
        "packageSize": "600g",
        "packagePrice": "$6.67 per 1Kg"
      }
    }
  },
  {
    "id": "mccain-emotibites",
    "brand": "McCain",
    "name": "Emotibites",
    "imageUrl": "https://shop.coles.com.au/wcsstore/Coles-CAS/images/3/7/6/3763814-th.jpg",
    "categories": ["frozen"],
    "tags": ["chips-wedges", "chips"],
    "locations": {
      "vic": {
        "price": 4,
        "promoText": " ",
        "packageSize": "750g",
        "packagePrice": "$5.33 per 1Kg"
      }
    }
  },
  {
    "id": "mccain-delish-scalloped-potato-bake",
    "brand": "McCain",
    "name": "Delish Scalloped Potato Bake",
    "imageUrl": "https://shop.coles.com.au/wcsstore/Coles-CAS/images/3/7/6/3763836-th.jpg",
    "categories": ["frozen"],
    "tags": ["chips-wedges", "chips"],
    "locations": {
      "vic": {
        "price": 6,
        "promoText": " ",
        "packageSize": "500g",
        "packagePrice": "$12.00 per 1Kg"
      }
    }
  },
  {
    "id": "mccain-sweet-potato-beer-batter-steak-cut",
    "brand": "McCain",
    "name": "Frozen Beer Batter Sweet Potato Steak Cut",
    "imageUrl": "https://shop.coles.com.au/wcsstore/Coles-CAS/images/3/4/1/3417948-th.jpg",
    "categories": ["frozen"],
    "tags": ["chips-wedges", "chips"],
    "locations": {
      "vic": {
        "price": 5.5,
        "promoText": " ",
        "packageSize": "750g",
        "packagePrice": "$0.73 per 100G"
      }
    }
  },
  {
    "id": "mccain-swet-potato-crinkle-cut-fries",
    "brand": "McCain",
    "name": "Sweet Potato Crinkle Cut Fries",
    "imageUrl": "https://shop.coles.com.au/wcsstore/ColesResponsiveStorefrontAssetStore/dist/ccfc54aed6e361b650bcf0582f7b576b/img/img_product-placeholder.png",
    "categories": ["frozen"],
    "tags": ["chips-wedges", "chips"],
    "locations": {
      "vic": {
        "price": 5.5,
        "promoText": " ",
        "packageSize": "539g",
        "packagePrice": "$10.20 per 1Kg"
      }
    }
  },
  {
    "id": "mccain-delish-italian-style-potato-bake",
    "brand": "McCain",
    "name": "Delish Italian Style Potato Bake",
    "imageUrl": "https://shop.coles.com.au/wcsstore/Coles-CAS/images/3/7/6/3763789-th.jpg",
    "categories": ["frozen"],
    "tags": ["chips-wedges", "chips"],
    "locations": {
      "vic": {
        "price": 6,
        "promoText": " ",
        "packageSize": "500g",
        "packagePrice": "$12.00 per 1Kg"
      }
    }
  },
  {
    "id": "birds-eye-steamfresh-plus-frozen-pearl-couscous-with-chick-peas-carrot-peas-spinach-onion",
    "brand": "Birds Eye",
    "name": "Frozen Steam Fresh Plus Pearl CousCous With Chick Peas 2 pack",
    "imageUrl": "https://shop.coles.com.au/wcsstore/Coles-CAS/images/2/2/5/2257278-th.jpg",
    "categories": ["frozen"],
    "tags": ["convenience-meal", "all-convenience-meals"],
    "locations": {
      "vic": {
        "price": 5,
        "promoText": " ",
        "packageSize": "400g",
        "packagePrice": "$12.50 per 1Kg"
      }
    }
  },
  {
    "id": "quorn-mince-frozen",
    "brand": "Quorn",
    "name": "Frozen Meat Free Mince",
    "imageUrl": "https://shop.coles.com.au/wcsstore/Coles-CAS/images/7/6/4/7643064-th.jpg",
    "categories": ["frozen"],
    "tags": ["convenience-meal", "all-convenience-meals"],
    "locations": {
      "vic": {
        "price": 6.2,
        "promoText": " ",
        "packageSize": "300g",
        "packagePrice": "$2.07 per 100G"
      }
    }
  },
  {
    "id": "mccains-mashed-potatoes",
    "brand": "McCain",
    "name": "Frozen Mashed Potato",
    "imageUrl": "https://shop.coles.com.au/wcsstore/Coles-CAS/images/3/4/1/3412489-th.jpg",
    "categories": ["frozen"],
    "tags": ["convenience-meal", "all-convenience-meals"],
    "locations": {
      "vic": {
        "price": 5,
        "promoText": " ",
        "packageSize": "1kg",
        "packagePrice": "$5.00 per 1Kg"
      }
    }
  },
  {
    "id": "weight-watchers-beef-bolognese",
    "brand": "Weight Watchers",
    "name": "Beef Bolognese",
    "imageUrl": "https://shop.coles.com.au/wcsstore/Coles-CAS/images/3/5/8/3581533-th.jpg",
    "categories": ["frozen"],
    "tags": ["convenience-meal", "all-convenience-meals"],
    "locations": {
      "vic": {
        "price": 5.8,
        "promoText": " ",
        "packageSize": "320g",
        "packagePrice": "$1.81 per 100G"
      }
    }
  },
  {
    "id": "lean-cuisine-veggie-lentil-dahl",
    "brand": "Lean Cuisine",
    "name": "Veggie Lentil Dahl",
    "imageUrl": "https://shop.coles.com.au/wcsstore/Coles-CAS/images/3/5/4/3544118-th.jpg",
    "categories": ["frozen"],
    "tags": ["convenience-meal", "all-convenience-meals"],
    "locations": {
      "vic": {
        "price": 6,
        "promoText": " ",
        "packageSize": "300g",
        "packagePrice": "$2.00 per 100G"
      }
    }
  },
  {
    "id": "quorn-pieces-frozen",
    "brand": "Quorn",
    "name": "Gluten Free Frozen Pieces",
    "imageUrl": "https://shop.coles.com.au/wcsstore/Coles-CAS/images/7/6/4/7643042-th.jpg",
    "categories": ["frozen"],
    "tags": ["convenience-meal", "all-convenience-meals"],
    "locations": {
      "vic": {
        "price": 6.25,
        "promoText": " ",
        "packageSize": "300g",
        "packagePrice": "$2.08 per 100G"
      }
    }
  },
  {
    "id": "quorn-schnitzels-frozen",
    "brand": "Quorn",
    "name": "Frozen Meat Free Cheese & Spinach Schnitzels",
    "imageUrl": "https://shop.coles.com.au/wcsstore/Coles-CAS/images/7/6/4/7642731-th.jpg",
    "categories": ["frozen"],
    "tags": ["convenience-meal", "all-convenience-meals"],
    "locations": {
      "vic": {
        "price": 6.2,
        "promoText": " ",
        "packageSize": "240g",
        "packagePrice": "$2.58 per 100G"
      }
    }
  },
  {
    "id": "core-power-foods-smokey-mountain-meatballs",
    "brand": "Core Power Foods",
    "name": "Smokey Mountain Meatballs",
    "imageUrl": "https://shop.coles.com.au/wcsstore/Coles-CAS/images/3/5/3/3534001-th.jpg",
    "categories": ["frozen"],
    "tags": ["convenience-meal", "all-convenience-meals"],
    "locations": {
      "vic": {
        "price": 9,
        "promoText": " ",
        "packageSize": "350g",
        "packagePrice": "$2.57 per 100G"
      }
    }
  },
  {
    "id": "frys-vegetarian-crumbed-schnitzels",
    "brand": "Fry's",
    "name": "Frozen 4 Soy & Flaxseed Schnitzels",
    "imageUrl": "https://shop.coles.com.au/wcsstore/Coles-CAS/images/9/9/6/9961774-th.jpg",
    "categories": ["frozen"],
    "tags": ["convenience-meal", "all-convenience-meals"],
    "locations": {
      "vic": {
        "price": 6,
        "promoText": " ",
        "packageSize": "320g",
        "packagePrice": "$1.88 per 100G"
      }
    }
  },
  {
    "id": "hanabi-frozen-korean-vegetable-gyoza",
    "brand": "Hanabi",
    "name": "Frozen Korean Vegetable Gyoza",
    "imageUrl": "https://shop.coles.com.au/wcsstore/Coles-CAS/images/2/1/4/2143461-th.jpg",
    "categories": ["frozen"],
    "tags": ["convenience-meal", "all-convenience-meals"],
    "locations": {
      "vic": {
        "price": 10,
        "promoText": " ",
        "packageSize": "675g",
        "packagePrice": "$1.48 per 100G"
      }
    }
  },
  {
    "id": "lean-cuisine-steamed-meal-frozen-salmon-atlantic-with-pasta",
    "brand": "Lean Cuisine",
    "name": "Frozen Steam Creamy Atlantic Salmon with Pasta",
    "imageUrl": "https://shop.coles.com.au/wcsstore/Coles-CAS/images/5/7/0/5700509-th.jpg",
    "categories": ["frozen"],
    "tags": ["convenience-meal", "all-convenience-meals"],
    "locations": {
      "vic": {
        "price": 4.5,
        "promoText": "$2.20 ",
        "packageSize": "370g",
        "packagePrice": "$1.22 per 100G"
      }
    }
  },
  {
    "id": "lean-cuisine-steamed-meal-frozen-chicken-cheese-cracked-pepper-with-pasta",
    "brand": "Lean Cuisine",
    "name": "Frozen Steam Chicken Cheese & Pepper Pasta",
    "imageUrl": "https://shop.coles.com.au/wcsstore/Coles-CAS/images/5/7/0/5700553-th.jpg",
    "categories": ["frozen"],
    "tags": ["convenience-meal", "all-convenience-meals"],
    "locations": {
      "vic": {
        "price": 4.5,
        "promoText": "$2.20 ",
        "packageSize": "380g",
        "packagePrice": "$1.18 per 100G"
      }
    }
  },
  {
    "id": "on-the-menu-spaghetti-meatballs",
    "brand": "On The Menu",
    "name": "Frozen Spaghetti & Meatballs Meal",
    "imageUrl": "https://shop.coles.com.au/wcsstore/Coles-CAS/images/1/1/6/1168886-th.jpg",
    "categories": ["frozen"],
    "tags": ["convenience-meal", "all-convenience-meals"],
    "locations": {
      "vic": {
        "price": 2.4,
        "promoText": "$0.60 ",
        "packageSize": "260g",
        "packagePrice": "$0.92 per 100G"
      }
    }
  },
  {
    "id": "super-nature-wellness-sri-lankan-curry",
    "brand": "Super Nature",
    "name": "Frozen Sri Lankan Root Vegetable And Ancient Grain Curry With Cauliflower And Brown Rice Mix Wellness Bowl",
    "imageUrl": "https://shop.coles.com.au/wcsstore/Coles-CAS/images/3/2/4/3240226-th.jpg",
    "categories": ["frozen"],
    "tags": ["convenience-meal", "all-convenience-meals"],
    "locations": {
      "vic": {
        "price": 5,
        "promoText": "$1.30 ",
        "packageSize": "350g",
        "packagePrice": "$1.43 per 100G"
      }
    }
  },
  {
    "id": "coles-simply-gluten-free-frozen-chicken-nuggets",
    "brand": "Coles",
    "name": "Frozen Gluten Free Chicken Breast Nuggets",
    "imageUrl": "https://shop.coles.com.au/wcsstore/Coles-CAS/images/2/7/5/2750056-th.jpg",
    "categories": ["frozen"],
    "tags": ["convenience-meal", "all-convenience-meals"],
    "locations": {
      "vic": {
        "price": 6,
        "promoText": " ",
        "packageSize": "400g",
        "packagePrice": "$15.00 per 1Kg"
      }
    }
  },
  {
    "id": "core-power-foods-holy-meatballs-lean-beef",
    "brand": "Core Power Foods",
    "name": "Holy Meatballs Lean Beef",
    "imageUrl": "https://shop.coles.com.au/wcsstore/Coles-CAS/images/3/5/3/3533993-th.jpg",
    "categories": ["frozen"],
    "tags": ["convenience-meal", "all-convenience-meals"],
    "locations": {
      "vic": {
        "price": 9,
        "promoText": " ",
        "packageSize": "350g",
        "packagePrice": "$2.57 per 100G"
      }
    }
  },
  {
    "id": "dr-oetker-ristorante-gf-pizza-mozzarella",
    "brand": "Dr. Oetker",
    "name": "Frozen Gluten Free Ristorante Mozzarella Pizza",
    "imageUrl": "https://shop.coles.com.au/wcsstore/Coles-CAS/images/3/2/1/3217949-th.jpg",
    "categories": ["frozen"],
    "tags": ["convenience-meal", "all-convenience-meals"],
    "locations": {
      "vic": {
        "price": 9.5,
        "promoText": " ",
        "packageSize": "370g",
        "packagePrice": "$2.57 per 100G"
      }
    }
  },
  {
    "id": "frys-frozen-burgers-protein-quinoa-chicken",
    "brand": "Fry's",
    "name": "Frozen 4 Quinoa & Brown Rice Protein Burgers",
    "imageUrl": "https://shop.coles.com.au/wcsstore/Coles-CAS/images/2/7/5/2750089-th.jpg",
    "categories": ["frozen"],
    "tags": ["convenience-meal", "all-convenience-meals"],
    "locations": {
      "vic": {
        "price": 6,
        "promoText": " ",
        "packageSize": "320g",
        "packagePrice": "$1.88 per 100G"
      }
    }
  },
  {
    "id": "hanabi-frozen-surimi-fish-balls",
    "brand": "Hanabi",
    "name": "Frozen Surimi Fish Balls",
    "imageUrl": "https://shop.coles.com.au/wcsstore/Coles-CAS/images/2/1/4/2143406-th.jpg",
    "categories": ["frozen"],
    "tags": ["convenience-meal", "all-convenience-meals"],
    "locations": {
      "vic": {
        "price": 4,
        "promoText": " ",
        "packageSize": "500g",
        "packagePrice": "$0.80 per 100G"
      }
    }
  },
  {
    "id": "lean-cuisine-meal-creamy-salmon-dill-linguine",
    "brand": "Lean Cuisine",
    "name": "Frozen Balance Creamy Salmon & Dill Linguine",
    "imageUrl": "https://shop.coles.com.au/wcsstore/Coles-CAS/images/9/2/3/9230881-th.jpg",
    "categories": ["frozen"],
    "tags": ["convenience-meal", "all-convenience-meals"],
    "locations": {
      "vic": {
        "price": 5.7,
        "promoText": " ",
        "packageSize": "300g",
        "packagePrice": "$1.90 per 100G"
      }
    }
  },
  {
    "id": "lean-cuisine-plant-plant-butter-chicken",
    "brand": "Lean Cuisine",
    "name": "Plant Protein Butter Chicken Style",
    "imageUrl": "https://shop.coles.com.au/wcsstore/Coles-CAS/images/3/5/4/3544082-th.jpg",
    "categories": ["frozen"],
    "tags": ["convenience-meal", "all-convenience-meals"],
    "locations": {
      "vic": {
        "price": 6,
        "promoText": " ",
        "packageSize": "300g",
        "packagePrice": "$2.00 per 100G"
      }
    }
  },
  {
    "id": "lean-cuisine-veggie-moroccan-tagine",
    "brand": "Lean Cuisine",
    "name": "Veggie Moroccan Tagine",
    "imageUrl": "https://shop.coles.com.au/wcsstore/Coles-CAS/images/3/5/4/3544071-th.jpg",
    "categories": ["frozen"],
    "tags": ["convenience-meal", "all-convenience-meals"],
    "locations": {
      "vic": {
        "price": 6,
        "promoText": " ",
        "packageSize": "300g",
        "packagePrice": "$2.00 per 100G"
      }
    }
  },
  {
    "id": "quorn-frozen-vegan-schnitzels",
    "brand": "Quorn",
    "name": "Frozen Vegan Schnitzels",
    "imageUrl": "https://shop.coles.com.au/wcsstore/Coles-CAS/images/2/7/4/2749964-th.jpg",
    "categories": ["frozen"],
    "tags": ["convenience-meal", "all-convenience-meals"],
    "locations": {
      "vic": {
        "price": 6.2,
        "promoText": " ",
        "packageSize": "200g",
        "packagePrice": "$3.10 per 100G"
      }
    }
  },
  {
    "id": "quorn-vegan-hot-style-burger",
    "brand": "Quorn",
    "name": "Frozen Vegan Hot & Spicy Burgers",
    "imageUrl": "https://shop.coles.com.au/wcsstore/Coles-CAS/images/3/0/1/3015456-th.jpg",
    "categories": ["frozen"],
    "tags": ["convenience-meal", "all-convenience-meals"],
    "locations": {
      "vic": {
        "price": 7,
        "promoText": " ",
        "packageSize": "264g",
        "packagePrice": "$2.65 per 100G"
      }
    }
  },
  {
    "id": "amys-kitchen-gluten-free-macaroni-cheese-rice-frozen-meal",
    "brand": "Amy's Kitchen",
    "name": "Frozen  Gluten Free Rice Mac & Cheese Pasta",
    "imageUrl": "https://shop.coles.com.au/wcsstore/Coles-CAS/images/1/9/9/1994408-th.jpg",
    "categories": ["frozen"],
    "tags": ["convenience-meal", "all-convenience-meals"],
    "locations": {
      "vic": {
        "price": 6.8,
        "promoText": "Was $7.70 on Jul 2018 ",
        "packageSize": "255g",
        "packagePrice": "$2.67 per 100G"
      }
    }
  },
  {
    "id": "lean-cuisine-steamed-meal-frozen-meatball-arrabbiata",
    "brand": "Lean Cuisine",
    "name": "Frozen Steam Spicy Meatball Arrabbiata Spaghetti",
    "imageUrl": "https://shop.coles.com.au/wcsstore/Coles-CAS/images/6/5/6/6569749-th.jpg",
    "categories": ["frozen"],
    "tags": ["convenience-meal", "all-convenience-meals"],
    "locations": {
      "vic": {
        "price": 4.5,
        "promoText": "$2.20 ",
        "packageSize": "380g",
        "packagePrice": "$1.18 per 100G"
      }
    }
  },
  {
    "id": "mccain-healthy-choice-chicken-mushroom-risotto-ready-meal",
    "brand": "McCain",
    "name": "Frozen Healthy Choice Whole Grains Chicken & Mushroom Risotto",
    "imageUrl": "https://shop.coles.com.au/wcsstore/Coles-CAS/images/2/4/0/2409525-th.jpg",
    "categories": ["frozen"],
    "tags": ["convenience-meal", "all-convenience-meals"],
    "locations": {
      "vic": {
        "price": 5,
        "promoText": "Was $6.50 on May 2018 ",
        "packageSize": "350g",
        "packagePrice": "$1.43 per 100G"
      }
    }
  },
  {
    "id": "mccain-man-size-southern-style-chicken",
    "brand": "McCain",
    "name": "Frozen Man Size Southern Style Chicken",
    "imageUrl": "https://shop.coles.com.au/wcsstore/Coles-CAS/images/3/2/3/3237877-th.jpg",
    "categories": ["frozen"],
    "tags": ["convenience-meal", "all-convenience-meals"],
    "locations": {
      "vic": {
        "price": 8,
        "promoText": " ",
        "packageSize": "480g",
        "packagePrice": "$1.67 per 100G"
      }
    }
  },
  {
    "id": "mccain-mansize-bbq-favourites",
    "brand": "McCain",
    "name": "Man Size BBQ Faves With Sausage & Beef Patty",
    "imageUrl": "https://shop.coles.com.au/wcsstore/Coles-CAS/images/3/5/4/3545223-th.jpg",
    "categories": ["frozen"],
    "tags": ["convenience-meal", "all-convenience-meals"],
    "locations": {
      "vic": {
        "price": 8,
        "promoText": " ",
        "packageSize": "480g",
        "packagePrice": "$1.67 per 100G"
      }
    }
  },
  {
    "id": "quorn-gourmet-burger",
    "brand": "Quorn",
    "name": "Vegan Gourmet Burger",
    "imageUrl": "https://shop.coles.com.au/wcsstore/Coles-CAS/images/3/5/1/3517396-th.jpg",
    "categories": ["frozen"],
    "tags": ["convenience-meal", "all-convenience-meals"],
    "locations": {
      "vic": {
        "price": 7,
        "promoText": " ",
        "packageSize": "227g",
        "packagePrice": "$3.08 per 100G"
      }
    }
  },
  {
    "id": "super-nature--frozen-green-chickpea-curry-with-quinoa--and-brown-rice-wellness-bowl",
    "brand": "Super Nature",
    "name": "Frozen Super Green Chickpea Curry with Quinoa  and Brown Rice Wellness Bowl",
    "imageUrl": "https://shop.coles.com.au/wcsstore/Coles-CAS/images/2/9/4/2944846-th.jpg",
    "categories": ["frozen"],
    "tags": ["convenience-meal", "all-convenience-meals"],
    "locations": {
      "vic": {
        "price": 5,
        "promoText": "$1.30 ",
        "packageSize": "350g",
        "packagePrice": "$1.43 per 100G"
      }
    }
  },
  {
    "id": "vegie-delights-classic-not-burger",
    "brand": "Vegie Delights",
    "name": "Frozen Classic Not Burger",
    "imageUrl": "https://shop.coles.com.au/wcsstore/Coles-CAS/images/2/5/3/2532022-th.jpg",
    "categories": ["frozen"],
    "tags": ["convenience-meal", "all-convenience-meals"],
    "locations": {
      "vic": {
        "price": 6,
        "promoText": "Was $6.50 on Apr 2019 ",
        "packageSize": "340g",
        "packagePrice": "$1.76 per 100G"
      }
    }
  },
  {
    "id": "weight-watchers-meals-chicken-mushroom-fettucine",
    "brand": "Weight Watchers",
    "name": "Frozen Chicken & Mushroom Fettuccine",
    "imageUrl": "https://shop.coles.com.au/wcsstore/Coles-CAS/images/8/0/7/8071046-th.jpg",
    "categories": ["frozen"],
    "tags": ["convenience-meal", "all-convenience-meals"],
    "locations": {
      "vic": {
        "price": 5.8,
        "promoText": " ",
        "packageSize": "300g",
        "packagePrice": "$1.93 per 100G"
      }
    }
  },
  {
    "id": "weight-watchers-lasagne-beef-frozen",
    "brand": "Weight Watchers",
    "name": "Frozen Beef Lasagne Meal",
    "imageUrl": "https://shop.coles.com.au/wcsstore/Coles-CAS/images/5/3/2/5325024-th.jpg",
    "categories": ["frozen"],
    "tags": ["convenience-meal", "all-convenience-meals"],
    "locations": {
      "vic": {
        "price": 5.8,
        "promoText": " ",
        "packageSize": "370g",
        "packagePrice": "$1.57 per 100G"
      }
    }
  },
  {
    "id": "amys-kitchen-gluten-free-frozen-broccoli-cheddar-bake",
    "brand": "Amy's Kitchen",
    "name": "Frozen Gluten Free Broccoli & Cheddar Bake",
    "imageUrl": "https://shop.coles.com.au/wcsstore/Coles-CAS/images/2/7/4/2749840-th.jpg",
    "categories": ["frozen"],
    "tags": ["convenience-meal", "all-convenience-meals"],
    "locations": {
      "vic": {
        "price": 7.8,
        "promoText": "Was $8.80 on Jul 2018 ",
        "packageSize": "270g",
        "packagePrice": "$2.89 per 100G"
      }
    }
  },
  {
    "id": "coles-simply-gluten-free-chicken-tenders",
    "brand": "Coles",
    "name": "Frozen Chicken Tenders",
    "imageUrl": "https://shop.coles.com.au/wcsstore/Coles-CAS/images/1/3/0/1309060-th.jpg",
    "categories": ["frozen"],
    "tags": ["convenience-meal", "all-convenience-meals"],
    "locations": {
      "vic": {
        "price": 8,
        "promoText": " ",
        "packageSize": "400g",
        "packagePrice": "$20.00 per 1Kg"
      }
    }
  },
  {
    "id": "coles-gluten-free-vegan-crumbed-tofu-nuggets",
    "brand": "Coles",
    "name": "Vegan Crumbed Tofu Nuggets 10 Pieces",
    "imageUrl": "https://shop.coles.com.au/wcsstore/Coles-CAS/images/3/5/0/3506232-th.jpg",
    "categories": ["frozen"],
    "tags": ["convenience-meal", "all-convenience-meals"],
    "locations": {
      "vic": {
        "price": 6,
        "promoText": " ",
        "packageSize": "200g",
        "packagePrice": "$3.00 per 100G"
      }
    }
  },
  {
    "id": "coles-gluten-free-pastry-sheets",
    "brand": "Coles",
    "name": "I'M Free From Puff Pastry",
    "imageUrl": "https://shop.coles.com.au/wcsstore/Coles-CAS/images/3/5/1/3519799-th.jpg",
    "categories": ["frozen"],
    "tags": ["convenience-meal", "all-convenience-meals"],
    "locations": {
      "vic": {
        "price": 8,
        "promoText": " ",
        "packageSize": "600g",
        "packagePrice": "$1.33 per 100G"
      }
    }
  },
  {
    "id": "coles-mega-meals-lasagne-peas",
    "brand": "Coles",
    "name": "Lasagne & Peas Mega Meals",
    "imageUrl": "https://shop.coles.com.au/wcsstore/Coles-CAS/images/3/4/6/3466080-th.jpg",
    "categories": ["frozen"],
    "tags": ["convenience-meal", "all-convenience-meals"],
    "locations": {
      "vic": {
        "price": 6.5,
        "promoText": " ",
        "packageSize": "450g",
        "packagePrice": "$1.44 per 100G"
      }
    }
  },
  {
    "id": "core-power-foods-deep-south-beef-chilli",
    "brand": "Core Power Foods",
    "name": "Deep South Beef Chilli",
    "imageUrl": "https://shop.coles.com.au/wcsstore/Coles-CAS/images/3/5/3/3533938-th.jpg",
    "categories": ["frozen"],
    "tags": ["convenience-meal", "all-convenience-meals"],
    "locations": {
      "vic": {
        "price": 9,
        "promoText": " ",
        "packageSize": "350g",
        "packagePrice": "$2.57 per 100G"
      }
    }
  },
  {
    "id": "core-power-foods-crunchy-satay-chicken",
    "brand": "Core Power Foods",
    "name": "Crunchy Satay Chicken",
    "imageUrl": "https://shop.coles.com.au/wcsstore/Coles-CAS/images/3/5/3/3533949-th.jpg",
    "categories": ["frozen"],
    "tags": ["convenience-meal", "all-convenience-meals"],
    "locations": {
      "vic": {
        "price": 9,
        "promoText": " ",
        "packageSize": "350g",
        "packagePrice": "$2.57 per 100G"
      }
    }
  },
  {
    "id": "frys-rice-protein-chia-seed-frozen-nuggets",
    "brand": "Fry's",
    "name": "Frozen Gluten Free Nuggets With Rice Protein & Chia",
    "imageUrl": "https://shop.coles.com.au/wcsstore/Coles-CAS/images/2/7/5/2750034-th.jpg",
    "categories": ["frozen"],
    "tags": ["convenience-meal", "all-convenience-meals"],
    "locations": {
      "vic": {
        "price": 6,
        "promoText": " ",
        "packageSize": "240g",
        "packagePrice": "$2.50 per 100G"
      }
    }
  },
  {
    "id": "hanabi-surimi-crispy-tofu-balls",
    "brand": "Hanabi",
    "name": "Surimi Crispy Tofu Balls",
    "imageUrl": "https://shop.coles.com.au/wcsstore/Coles-CAS/images/6/1/0/6107459-th.jpg",
    "categories": ["frozen"],
    "tags": ["convenience-meal", "all-convenience-meals"],
    "locations": {
      "vic": {
        "price": 4.5,
        "promoText": " ",
        "packageSize": "500g",
        "packagePrice": "$0.90 per 100G"
      }
    }
  },
  {
    "id": "hanabi-frozen-lotus-root-slices",
    "brand": "Hanabi",
    "name": "Lotus Root Slices",
    "imageUrl": "https://shop.coles.com.au/wcsstore/Coles-CAS/images/2/1/4/2143235-th.jpg",
    "categories": ["frozen"],
    "tags": ["convenience-meal", "all-convenience-meals"],
    "locations": {
      "vic": {
        "price": 3,
        "promoText": " ",
        "packageSize": "400g",
        "packagePrice": "$0.75 per 100G"
      }
    }
  },
  {
    "id": "lean-cuisine-meal-chicken-satay-noodles",
    "brand": "Lean Cuisine",
    "name": "Frozen Balance Satay Chicken Noodles",
    "imageUrl": "https://shop.coles.com.au/wcsstore/Coles-CAS/images/9/2/2/9229587-th.jpg",
    "categories": ["frozen"],
    "tags": ["convenience-meal", "all-convenience-meals"],
    "locations": {
      "vic": {
        "price": 5.7,
        "promoText": " ",
        "packageSize": "300g",
        "packagePrice": "$1.90 per 100G"
      }
    }
  },
  {
    "id": "lean-cuisine-steamed-meal-frozen-satay-beef-with-rice",
    "brand": "Lean Cuisine",
    "name": "Frozen Steam Spiced Satay Beef with Rice",
    "imageUrl": "https://shop.coles.com.au/wcsstore/Coles-CAS/images/5/7/0/5700644-th.jpg",
    "categories": ["frozen"],
    "tags": ["convenience-meal", "all-convenience-meals"],
    "locations": {
      "vic": {
        "price": 4.5,
        "promoText": "$2.20 ",
        "packageSize": "390g",
        "packagePrice": "$1.15 per 100G"
      }
    }
  },
  {
    "id": "lean-cuisine-wholegrain-beef-rendang-curry",
    "brand": "Lean Cuisine",
    "name": "Frozen Steam Beef Rendang Curry With Turmeric Rice",
    "imageUrl": "https://shop.coles.com.au/wcsstore/Coles-CAS/images/2/9/5/2957214-th.jpg",
    "categories": ["frozen"],
    "tags": ["convenience-meal", "all-convenience-meals"],
    "locations": {
      "vic": {
        "price": 4.5,
        "promoText": "$2.20 ",
        "packageSize": "365g",
        "packagePrice": "$1.23 per 100G"
      }
    }
  },
  {
    "id": "mccain-man-size-butter-chicken",
    "brand": "McCain",
    "name": "Frozen Man Size Butter Chicken Curry",
    "imageUrl": "https://shop.coles.com.au/wcsstore/Coles-CAS/images/3/2/3/3237855-th.jpg",
    "categories": ["frozen"],
    "tags": ["convenience-meal", "all-convenience-meals"],
    "locations": {
      "vic": {
        "price": 8,
        "promoText": " ",
        "packageSize": "480g",
        "packagePrice": "$1.67 per 100G"
      }
    }
  },
  {
    "id": "quorn-vegan-nuggets",
    "brand": "Quorn",
    "name": "Frozen Vegan Nuggets",
    "imageUrl": "https://shop.coles.com.au/wcsstore/Coles-CAS/images/2/7/4/2749975-th.jpg",
    "categories": ["frozen"],
    "tags": ["convenience-meal", "all-convenience-meals"],
    "locations": {
      "vic": {
        "price": 7,
        "promoText": " ",
        "packageSize": "280g",
        "packagePrice": "$2.50 per 100G"
      }
    }
  },
  {
    "id": "weight-watchers--chicken-vegitable-risotto-frozen-meal",
    "brand": "Weight Watchers",
    "name": "Frozen Meal Chicken & Vegetable Risotto",
    "imageUrl": "https://shop.coles.com.au/wcsstore/Coles-CAS/images/9/7/8/9789912-th.jpg",
    "categories": ["frozen"],
    "tags": ["convenience-meal", "all-convenience-meals"],
    "locations": {
      "vic": {
        "price": 5.8,
        "promoText": " ",
        "packageSize": "320g",
        "packagePrice": "$1.81 per 100G"
      }
    }
  },
  {
    "id": "birds-eye-steamfresh-plus-frozen-quinoa-with-brown-rice-cherry-tomatoes-onion-capsicum-peas",
    "brand": "Birds Eye",
    "name": "Frozen Steam Fresh Plus Quinoa with Brown Rice",
    "imageUrl": "https://shop.coles.com.au/wcsstore/Coles-CAS/images/2/2/5/2257290-th.jpg",
    "categories": ["frozen"],
    "tags": ["convenience-meal", "all-convenience-meals"],
    "locations": {
      "vic": {
        "price": 5,
        "promoText": " ",
        "packageSize": "400g",
        "packagePrice": "$12.50 per 1Kg"
      }
    }
  },
  {
    "id": "coles-sweet-potato-cottage-pie",
    "brand": "Coles",
    "name": "Frozen Sweet Potato Cottage Pie",
    "imageUrl": "https://shop.coles.com.au/wcsstore/Coles-CAS/images/3/2/3/3230914-th.jpg",
    "categories": ["frozen"],
    "tags": ["convenience-meal", "all-convenience-meals"],
    "locations": {
      "vic": {
        "price": 3,
        "promoText": "Was $3.30 on Nov 2019 ",
        "packageSize": "375g",
        "packagePrice": "$0.80 per 100G"
      }
    }
  },
  {
    "id": "coles-gluten-free-garlic-bread",
    "brand": "Coles",
    "name": "I'M Free From Garlic Bread",
    "imageUrl": "https://shop.coles.com.au/wcsstore/Coles-CAS/images/3/5/1/3519802-th.jpg",
    "categories": ["frozen"],
    "tags": ["convenience-meal", "all-convenience-meals"],
    "locations": {
      "vic": {
        "price": 6,
        "promoText": " ",
        "packageSize": "400g",
        "packagePrice": "$1.50 per 100G"
      }
    }
  },
  {
    "id": "coles-pesto-pasta-feta",
    "brand": "Coles",
    "name": "Pesto Pasta & Fetta",
    "imageUrl": "https://shop.coles.com.au/wcsstore/Coles-CAS/images/3/4/8/3480398-th.jpg",
    "categories": ["frozen"],
    "tags": ["convenience-meal", "all-convenience-meals"],
    "locations": {
      "vic": {
        "price": 3,
        "promoText": "Was $3.30 on Nov 2019 ",
        "packageSize": "375g",
        "packagePrice": "$0.80 per 100G"
      }
    }
  },
  {
    "id": "core-power-foods-red-thai-style-curry",
    "brand": "Core Power Foods",
    "name": "Red Thai Style Curry",
    "imageUrl": "https://shop.coles.com.au/wcsstore/Coles-CAS/images/3/5/4/3542327-th.jpg",
    "categories": ["frozen"],
    "tags": ["convenience-meal", "all-convenience-meals"],
    "locations": {
      "vic": {
        "price": 9,
        "promoText": " ",
        "packageSize": "330g",
        "packagePrice": "$2.73 per 100G"
      }
    }
  },
  {
    "id": "core-powerfods-smokey-bbq-chicken-pizza",
    "brand": "Core Powerfoods",
    "name": "Smokey BBQ Chicken Pizza",
    "imageUrl": "https://shop.coles.com.au/wcsstore/Coles-CAS/images/3/6/9/3693887-th.jpg",
    "categories": ["frozen"],
    "tags": ["convenience-meal", "all-convenience-meals"],
    "locations": {
      "vic": {
        "price": 9,
        "promoText": " ",
        "packageSize": "300g",
        "packagePrice": "$3.00 per 100G"
      }
    }
  },
  {
    "id": "lean-cuisine-convenience-meal-spaghetti-basil-chicken",
    "brand": "Lean Cuisine",
    "name": "Frozen Creamy Chicken & Basil Spaghetti Balanced Serve Meal",
    "imageUrl": "https://shop.coles.com.au/wcsstore/Coles-CAS/images/1/2/8/1281415-th.jpg",
    "categories": ["frozen"],
    "tags": ["convenience-meal", "all-convenience-meals"],
    "locations": {
      "vic": {
        "price": 5.7,
        "promoText": " ",
        "packageSize": "300g",
        "packagePrice": "$1.90 per 100G"
      }
    }
  },
  {
    "id": "lean-cuisine-plant-protein-burrito-bowl",
    "brand": "Lean Cuisine",
    "name": "Plant Protein Burrito Bowl",
    "imageUrl": "https://shop.coles.com.au/wcsstore/Coles-CAS/images/3/5/4/3544093-th.jpg",
    "categories": ["frozen"],
    "tags": ["convenience-meal", "all-convenience-meals"],
    "locations": {
      "vic": {
        "price": 6,
        "promoText": " ",
        "packageSize": "300g",
        "packagePrice": "$2.00 per 100G"
      }
    }
  },
  {
    "id": "mccain-healthy-choice-japanese-teriyaki-chicken-ready-meal",
    "brand": "McCain",
    "name": "Frozen Healthy Choice Whole Grains Japanese Teriyaki Chicken",
    "imageUrl": "https://shop.coles.com.au/wcsstore/Coles-CAS/images/2/4/0/2409536-th.jpg",
    "categories": ["frozen"],
    "tags": ["convenience-meal", "all-convenience-meals"],
    "locations": {
      "vic": {
        "price": 5,
        "promoText": "Was $6.50 on May 2018 ",
        "packageSize": "340g",
        "packagePrice": "$1.47 per 100G"
      }
    }
  },
  {
    "id": "mccain-mansize-chicken-pops",
    "brand": "McCain",
    "name": "Man Size Chicken Pops With Mash & Gravy",
    "imageUrl": "https://shop.coles.com.au/wcsstore/Coles-CAS/images/3/5/4/3545245-th.jpg",
    "categories": ["frozen"],
    "tags": ["convenience-meal", "all-convenience-meals"],
    "locations": {
      "vic": {
        "price": 8,
        "promoText": " ",
        "packageSize": "480g",
        "packagePrice": "$1.67 per 100G"
      }
    }
  },
  {
    "id": "on-the-menu-fish-chips",
    "brand": "On The Menu",
    "name": "Frozen Beer Battered Fish & Chips",
    "imageUrl": "https://shop.coles.com.au/wcsstore/Coles-CAS/images/2/9/4/2946262-th.jpg",
    "categories": ["frozen"],
    "tags": ["convenience-meal", "all-convenience-meals"],
    "locations": {
      "vic": {
        "price": 6,
        "promoText": "Was $6.50 on Oct 2018 ",
        "packageSize": "320g",
        "packagePrice": "$1.88 per 100G"
      }
    }
  },
  {
    "id": "on-the-menu-plated-meals-beef-rissoles",
    "brand": "On The Menu",
    "name": "Beef Rissoles Plated Meals",
    "imageUrl": "https://shop.coles.com.au/wcsstore/Coles-CAS/images/3/5/1/3513351-th.jpg",
    "categories": ["frozen"],
    "tags": ["convenience-meal", "all-convenience-meals"],
    "locations": {
      "vic": {
        "price": 6,
        "promoText": "Was $6.50 on Nov 2018 ",
        "packageSize": "320g",
        "packagePrice": "$1.88 per 100G"
      }
    }
  },
  {
    "id": "on-the-menu-plated-meals-lamb-cutlet",
    "brand": "On The Menu",
    "name": "Lamb Cutlet Plated Meals",
    "imageUrl": "https://shop.coles.com.au/wcsstore/Coles-CAS/images/3/5/1/3513373-th.jpg",
    "categories": ["frozen"],
    "tags": ["convenience-meal", "all-convenience-meals"],
    "locations": {
      "vic": {
        "price": 6,
        "promoText": "Was $6.50 on Nov 2018 ",
        "packageSize": "320g",
        "packagePrice": "$1.88 per 100G"
      }
    }
  },
  {
    "id": "quorn-crumbed-lemon-vegan-fish-free-fillet",
    "brand": "Quorn",
    "name": "Crumbed Fish Free Fillets With Lemon & Pepper 2 Pieces",
    "imageUrl": "https://shop.coles.com.au/wcsstore/Coles-CAS/images/3/5/1/3517410-th.jpg",
    "categories": ["frozen"],
    "tags": ["convenience-meal", "all-convenience-meals"],
    "locations": {
      "vic": {
        "price": 4,
        "promoText": "$3.00 ",
        "packageSize": "200g",
        "packagePrice": "$2.00 per 100G"
      }
    }
  },
  {
    "id": "super-nature-pulses-chinese-chia-chicken",
    "brand": "Super Nature",
    "name": "Frozen Super Pulses Chinese Chia Chicken Meal",
    "imageUrl": "https://shop.coles.com.au/wcsstore/Coles-CAS/images/3/2/3/3239770-th.jpg",
    "categories": ["frozen"],
    "tags": ["convenience-meal", "all-convenience-meals"],
    "locations": {
      "vic": {
        "price": 4,
        "promoText": " ",
        "packageSize": "300g",
        "packagePrice": "$1.33 per 100G"
      }
    }
  },
  {
    "id": "super-nature-pulses-wholemeal-beef-lasagne",
    "brand": "Super Nature",
    "name": "Super Pulses Wholemeal Beef Lasagne With Black Lentils",
    "imageUrl": "https://shop.coles.com.au/wcsstore/Coles-CAS/images/3/5/4/3543476-th.jpg",
    "categories": ["frozen"],
    "tags": ["convenience-meal", "all-convenience-meals"],
    "locations": {
      "vic": {
        "price": 4,
        "promoText": " ",
        "packageSize": "300g",
        "packagePrice": "$1.33 per 100G"
      }
    }
  },
  {
    "id": "vegie-delights-meatless-meatballs",
    "brand": "Vegie Delights",
    "name": "Meatless Meatballs",
    "imageUrl": "https://shop.coles.com.au/wcsstore/Coles-CAS/images/3/5/2/3528370-th.jpg",
    "categories": ["frozen"],
    "tags": ["convenience-meal", "all-convenience-meals"],
    "locations": {
      "vic": {
        "price": 6,
        "promoText": "Was $6.50 on Jun 2019 ",
        "packageSize": "300g",
        "packagePrice": "$2.00 per 100G"
      }
    }
  },
  {
    "id": "coles-gluten-free-vegan-dim-sim",
    "brand": "Coles",
    "name": "Vegan Vegetable Dim Sims 8 Pieces",
    "imageUrl": "https://shop.coles.com.au/wcsstore/Coles-CAS/images/3/5/0/3506200-th.jpg",
    "categories": ["frozen"],
    "tags": ["convenience-meal", "all-convenience-meals"],
    "locations": {
      "vic": {
        "price": 6,
        "promoText": " ",
        "packageSize": "200g",
        "packagePrice": "$3.00 per 100G"
      }
    }
  },
  {
    "id": "coles-gluten-free-beef-pie",
    "brand": "Coles",
    "name": "I'M Free From Beef Pies",
    "imageUrl": "https://shop.coles.com.au/wcsstore/Coles-CAS/images/3/5/1/3519755-th.jpg",
    "categories": ["frozen"],
    "tags": ["convenience-meal", "all-convenience-meals"],
    "locations": {
      "vic": {
        "price": 8,
        "promoText": " ",
        "packageSize": "340g",
        "packagePrice": "$2.35 per 100G"
      }
    }
  },
  {
    "id": "coles-penne-pasta-napoli",
    "brand": "Coles",
    "name": "Penne Napoletana Pasta",
    "imageUrl": "https://shop.coles.com.au/wcsstore/Coles-CAS/images/3/4/8/3480412-th.jpg",
    "categories": ["frozen"],
    "tags": ["convenience-meal", "all-convenience-meals"],
    "locations": {
      "vic": {
        "price": 3,
        "promoText": "Was $3.30 on Nov 2019 ",
        "packageSize": "375g",
        "packagePrice": "$0.80 per 100G"
      }
    }
  },
  {
    "id": "frys-vegan-smoky-bbq-pizza",
    "brand": "Fry's",
    "name": "Frozen Smoky BBQ Wood Fired Pizza",
    "imageUrl": "https://shop.coles.com.au/wcsstore/Coles-CAS/images/3/5/3/3533202-th.jpg",
    "categories": ["frozen"],
    "tags": ["convenience-meal", "all-convenience-meals"],
    "locations": {
      "vic": {
        "price": 9,
        "promoText": " ",
        "packageSize": "430g",
        "packagePrice": "$2.09 per 100G"
      }
    }
  },
  {
    "id": "hanabi-frozen-korean-kimchi-gyoza",
    "brand": "Hanabi",
    "name": "Frozen Korean Kimchi Gyoza",
    "imageUrl": "https://shop.coles.com.au/wcsstore/Coles-CAS/images/2/1/4/2143450-th.jpg",
    "categories": ["frozen"],
    "tags": ["convenience-meal", "all-convenience-meals"],
    "locations": {
      "vic": {
        "price": 10,
        "promoText": " ",
        "packageSize": "675g",
        "packagePrice": "$1.48 per 100G"
      }
    }
  },
  {
    "id": "hanabi-frozen-surimi-fried-fish-balls",
    "brand": "Hanabi",
    "name": "Frozen Surimi Fried Fish Balls",
    "imageUrl": "https://shop.coles.com.au/wcsstore/Coles-CAS/images/2/1/4/2143417-th.jpg",
    "categories": ["frozen"],
    "tags": ["convenience-meal", "all-convenience-meals"],
    "locations": {
      "vic": {
        "price": 4,
        "promoText": " ",
        "packageSize": "500g",
        "packagePrice": "$0.80 per 100G"
      }
    }
  },
  {
    "id": "lean-cuisine-balanced-srv-chicken-chorizo-paella",
    "brand": "Lean Cuisine",
    "name": "Frozen Balanced Chicken & Chorizo Paella",
    "imageUrl": "https://shop.coles.com.au/wcsstore/Coles-CAS/images/3/5/4/3544107-th.jpg",
    "categories": ["frozen"],
    "tags": ["convenience-meal", "all-convenience-meals"],
    "locations": {
      "vic": {
        "price": 5.7,
        "promoText": " ",
        "packageSize": "300g",
        "packagePrice": "$1.90 per 100G"
      }
    }
  },
  {
    "id": "morningstar-farms-grillers-classic-mince",
    "brand": "Morningstar Farms",
    "name": "Grillers Classic Mince",
    "imageUrl": "https://shop.coles.com.au/wcsstore/Coles-CAS/images/3/7/3/3734816-th.jpg",
    "categories": ["frozen"],
    "tags": ["convenience-meal", "all-convenience-meals"],
    "locations": {
      "vic": {
        "price": 8,
        "promoText": " ",
        "packageSize": "340g",
        "packagePrice": "$2.35 per 100G"
      }
    }
  },
  {
    "id": "on-the-menu-power-bowl-satay-chicken",
    "brand": "On The Menu",
    "name": "Frozen Satay Chicken King Size Power Bowl",
    "imageUrl": "https://shop.coles.com.au/wcsstore/Coles-CAS/images/3/2/3/3239646-th.jpg",
    "categories": ["frozen"],
    "tags": ["convenience-meal", "all-convenience-meals"],
    "locations": {
      "vic": {
        "price": 7.5,
        "promoText": " ",
        "packageSize": "450g",
        "packagePrice": "$1.67 per 100G"
      }
    }
  },
  {
    "id": "on-the-menu-plated-meals-roast-pork",
    "brand": "On The Menu",
    "name": "Frozen Roast Pork",
    "imageUrl": "https://shop.coles.com.au/wcsstore/Coles-CAS/images/3/2/4/3240259-th.jpg",
    "categories": ["frozen"],
    "tags": ["convenience-meal", "all-convenience-meals"],
    "locations": {
      "vic": {
        "price": 6,
        "promoText": "Was $6.50 on Oct 2018 ",
        "packageSize": "320g",
        "packagePrice": "$1.88 per 100G"
      }
    }
  },
  {
    "id": "sabrini-veggie-fingers",
    "brand": "Sabrini",
    "name": "Veggie Fingers",
    "imageUrl": "https://shop.coles.com.au/wcsstore/ColesResponsiveStorefrontAssetStore/dist/ccfc54aed6e361b650bcf0582f7b576b/img/img_product-placeholder.png",
    "categories": ["frozen", "international-fods"],
    "tags": ["convenience-meal", "all-convenience-meals"],
    "locations": {
      "vic": {
        "price": 7,
        "promoText": " ",
        "packageSize": "450g",
        "packagePrice": "$1.56 per 100G"
      }
    }
  },
  {
    "id": "sabrini-samosa",
    "brand": "Sabrini",
    "name": "Samosa",
    "imageUrl": "https://shop.coles.com.au/wcsstore/ColesResponsiveStorefrontAssetStore/dist/ccfc54aed6e361b650bcf0582f7b576b/img/img_product-placeholder.png",
    "categories": ["frozen", "international-fods"],
    "tags": ["convenience-meal", "all-convenience-meals"],
    "locations": {
      "vic": {
        "price": 14,
        "promoText": " ",
        "packageSize": "1.125kg",
        "packagePrice": "$12.44 per 1Kg"
      }
    }
  },
  {
    "id": "sabrini-railway-cutlet",
    "brand": "Sabrini",
    "name": "Railway Cutlet",
    "imageUrl": "https://shop.coles.com.au/wcsstore/ColesResponsiveStorefrontAssetStore/dist/ccfc54aed6e361b650bcf0582f7b576b/img/img_product-placeholder.png",
    "categories": ["frozen", "international-fods"],
    "tags": ["convenience-meal", "all-convenience-meals"],
    "locations": {
      "vic": {
        "price": 7,
        "promoText": " ",
        "packageSize": "720g",
        "packagePrice": "$0.97 per 100G"
      }
    }
  },
  {
    "id": "smile-classic-pork-buns",
    "brand": "Smile",
    "name": "Classic Pork Buns",
    "imageUrl": "https://shop.coles.com.au/wcsstore/Coles-CAS/images/2/1/4/2143428-th.jpg",
    "categories": ["frozen"],
    "tags": ["convenience-meal", "all-convenience-meals"],
    "locations": {
      "vic": {
        "price": 8.5,
        "promoText": " ",
        "packageSize": "310g",
        "packagePrice": "$2.74 per 100G"
      }
    }
  },
  {
    "id": "vadilal-bhindi-cuts-okra-cuts",
    "brand": "Vadilal",
    "name": "Okra Cuts",
    "imageUrl": "https://shop.coles.com.au/wcsstore/ColesResponsiveStorefrontAssetStore/dist/ccfc54aed6e361b650bcf0582f7b576b/img/img_product-placeholder.png",
    "categories": ["frozen", "international-fods"],
    "tags": ["convenience-meal", "all-convenience-meals"],
    "locations": {
      "vic": {
        "price": 2.5,
        "promoText": " ",
        "packageSize": "312g",
        "packagePrice": "$0.80 per 100G"
      }
    }
  },
  {
    "id": "vadilal-bhindi-whole-okra-whole",
    "brand": "Vadilal",
    "name": "Okra Whole",
    "imageUrl": "https://shop.coles.com.au/wcsstore/ColesResponsiveStorefrontAssetStore/dist/ccfc54aed6e361b650bcf0582f7b576b/img/img_product-placeholder.png",
    "categories": ["frozen", "international-fods"],
    "tags": ["convenience-meal", "all-convenience-meals"],
    "locations": {
      "vic": {
        "price": 2.5,
        "promoText": " ",
        "packageSize": "312g",
        "packagePrice": "$0.80 per 100G"
      }
    }
  },
  {
    "id": "vadilal-green-chilli",
    "brand": "Vadilal",
    "name": "Green Chilli",
    "imageUrl": "https://shop.coles.com.au/wcsstore/ColesResponsiveStorefrontAssetStore/dist/ccfc54aed6e361b650bcf0582f7b576b/img/img_product-placeholder.png",
    "categories": ["frozen", "international-fods"],
    "tags": ["convenience-meal", "all-convenience-meals"],
    "locations": {
      "vic": {
        "price": 2.5,
        "promoText": " ",
        "packageSize": "312g",
        "packagePrice": "$0.80 per 100G"
      }
    }
  },
  {
    "id": "vadilal-coconut-shreaded",
    "brand": "Vadilal",
    "name": "Coconut Shreaded",
    "imageUrl": "https://shop.coles.com.au/wcsstore/ColesResponsiveStorefrontAssetStore/dist/ccfc54aed6e361b650bcf0582f7b576b/img/img_product-placeholder.png",
    "categories": ["frozen", "international-fods"],
    "tags": ["convenience-meal", "all-convenience-meals"],
    "locations": {
      "vic": {
        "price": 3.75,
        "promoText": " ",
        "packageSize": "312g",
        "packagePrice": "$1.20 per 100G"
      }
    }
  },
  {
    "id": "sanitarium-vegie-delights-schnitzels-tender-crumbed-frozen",
    "brand": "Vegie Delights",
    "name": "Frozen Tender Crumbed Schnitzel 4 pack",
    "imageUrl": "https://shop.coles.com.au/wcsstore/Coles-CAS/images/4/5/7/4575140-th.jpg",
    "categories": ["frozen"],
    "tags": ["convenience-meal", "all-convenience-meals"],
    "locations": {
      "vic": {
        "price": 6,
        "promoText": "Was $6.50 on Apr 2019 ",
        "packageSize": "300g",
        "packagePrice": "$2.00 per 100G"
      }
    }
  },
  {
    "id": "vegie-delights-crispy-chickn-burger",
    "brand": "Vegie Delights",
    "name": "Frozen Crispy Chicken Style Burgers",
    "imageUrl": "https://shop.coles.com.au/wcsstore/Coles-CAS/images/3/2/1/3218271-th.jpg",
    "categories": ["frozen"],
    "tags": ["convenience-meal", "all-convenience-meals"],
    "locations": {
      "vic": {
        "price": 6,
        "promoText": "Was $6.50 on Apr 2019 ",
        "packageSize": "300g",
        "packagePrice": "$2.00 per 100G"
      }
    }
  },
  {
    "id": "weight-watchers-beef-hot-pot-meal-frozen",
    "brand": "Weight Watchers",
    "name": "Frozen Beef Hot Pot Meal",
    "imageUrl": "https://shop.coles.com.au/wcsstore/Coles-CAS/images/9/6/3/9632717-th.jpg",
    "categories": ["frozen"],
    "tags": ["convenience-meal", "all-convenience-meals"],
    "locations": {
      "vic": {
        "price": 5.8,
        "promoText": " ",
        "packageSize": "320g",
        "packagePrice": "$1.81 per 100G"
      }
    }
  },
  {
    "id": "sara-lee-danish-apple-frozen",
    "brand": "Sara Lee",
    "name": "Frozen Apple Danish",
    "imageUrl": "https://shop.coles.com.au/wcsstore/Coles-CAS/images/1/8/8/188210-th.jpg",
    "categories": ["frozen"],
    "tags": ["frozen-desserts", "assorted-desserts"],
    "locations": {
      "vic": {
        "price": 4,
        "promoText": "$2.25 ",
        "packageSize": "400g",
        "packagePrice": "$1.00 per 100G"
      }
    }
  },
  {
    "id": "nannas-crumble-apple-frozen",
    "brand": "Nanna's",
    "name": "Frozen Apple Crumble",
    "imageUrl": "https://shop.coles.com.au/wcsstore/Coles-CAS/images/9/7/1/9718506-th.jpg",
    "categories": ["frozen"],
    "tags": ["frozen-desserts", "assorted-desserts"],
    "locations": {
      "vic": {
        "price": 4,
        "promoText": " ",
        "packageSize": "550g",
        "packagePrice": "$0.73 per 100G"
      }
    }
  },
  {
    "id": "sara-lee-frozen-custard-danish",
    "brand": "Sara Lee",
    "name": "Frozen Custard Danish",
    "imageUrl": "https://shop.coles.com.au/wcsstore/Coles-CAS/images/5/6/7/5672243-th.jpg",
    "categories": ["frozen"],
    "tags": ["frozen-desserts", "assorted-desserts"],
    "locations": {
      "vic": {
        "price": 4,
        "promoText": "$2.25 ",
        "packageSize": "400g",
        "packagePrice": "$1.00 per 100G"
      }
    }
  },
  {
    "id": "the-happy-cookie-co-choc-coconut-take-bake",
    "brand": "The Happy Cookie Co",
    "name": "Choc Coconut Ready to Bake Cookies 6 Pack",
    "imageUrl": "https://shop.coles.com.au/wcsstore/Coles-CAS/images/3/6/4/3643572-th.jpg",
    "categories": ["frozen"],
    "tags": ["frozen-desserts", "assorted-desserts"],
    "locations": {
      "vic": {
        "price": 4,
        "promoText": " ",
        "packageSize": "300g",
        "packagePrice": "$1.33 per 100G"
      }
    }
  },
  {
    "id": "farm-pride-frozen-egg-white",
    "brand": "Farm Pride",
    "name": "Frozen Egg Whites",
    "imageUrl": "https://shop.coles.com.au/wcsstore/Coles-CAS/images/1/9/0/1909588-th.jpg",
    "categories": ["frozen", "international-fods"],
    "tags": ["frozen-desserts", "assorted-desserts"],
    "locations": {
      "vic": {
        "price": 10,
        "promoText": " ",
        "packageSize": "950mL",
        "packagePrice": "$1.05 per 100mL"
      }
    }
  },
  {
    "id": "the-happy-cookie-co-mini-m-m-take-bake",
    "brand": "The Happy Cookie Co",
    "name": "M&Ms Minis Ready To Bake Cookies",
    "imageUrl": "https://shop.coles.com.au/wcsstore/Coles-CAS/images/3/6/4/3643594-th.jpg",
    "categories": ["frozen"],
    "tags": ["frozen-desserts", "assorted-desserts"],
    "locations": {
      "vic": {
        "price": 4,
        "promoText": " ",
        "packageSize": "300g",
        "packagePrice": "$1.33 per 100G"
      }
    }
  },
  {
    "id": "coles-sicilian-lemon-tarts",
    "brand": "Coles",
    "name": "Sicilian Lemon Tarts",
    "imageUrl": "https://shop.coles.com.au/wcsstore/Coles-CAS/images/3/6/5/3656643-th.jpg",
    "categories": ["frozen"],
    "tags": ["frozen-desserts", "assorted-desserts"],
    "locations": {
      "vic": {
        "price": 7,
        "promoText": " ",
        "packageSize": "200g",
        "packagePrice": "$3.50 per 100G"
      }
    }
  },
  {
    "id": "sara-lee-frozen-brownie-chocolate-fudge",
    "brand": "Sara Lee",
    "name": "Frozen Chocolate Fudge Brownie",
    "imageUrl": "https://shop.coles.com.au/wcsstore/Coles-CAS/images/3/0/6/3062081-th.jpg",
    "categories": ["frozen"],
    "tags": ["frozen-desserts", "assorted-desserts"],
    "locations": {
      "vic": {
        "price": 4,
        "promoText": "$2.25 ",
        "packageSize": "350g",
        "packagePrice": "$1.14 per 100G"
      }
    }
  },
  {
    "id": "sara-lee-joy-dark-chocolate-pudding",
    "brand": "Sara Lee",
    "name": "Joy Dark Chocolate Pudding",
    "imageUrl": "https://shop.coles.com.au/wcsstore/Coles-CAS/images/3/6/2/3623065-th.jpg",
    "categories": ["frozen"],
    "tags": ["frozen-desserts", "assorted-desserts"],
    "locations": {
      "vic": {
        "price": 7,
        "promoText": " ",
        "packageSize": "400g",
        "packagePrice": "$1.75 per 100G"
      }
    }
  },
  {
    "id": "sara-lee-coconut-key-lime-pie",
    "brand": "Sara Lee",
    "name": "Joy Creamy Coconut Key Lime Pie",
    "imageUrl": "https://shop.coles.com.au/wcsstore/Coles-CAS/images/3/6/2/3623054-th.jpg",
    "categories": ["frozen"],
    "tags": ["frozen-desserts", "assorted-desserts"],
    "locations": {
      "vic": {
        "price": 7,
        "promoText": " ",
        "packageSize": "450g",
        "packagePrice": "$1.56 per 100G"
      }
    }
  },
  {
    "id": "the-happy-cookie-co-choc-caramel-take-bake",
    "brand": "The Happy Cookie Co",
    "name": "Choc Caramel Ready to Bake Cookies 6 Pack",
    "imageUrl": "https://shop.coles.com.au/wcsstore/Coles-CAS/images/3/6/4/3643641-th.jpg",
    "categories": ["frozen"],
    "tags": ["frozen-desserts", "assorted-desserts"],
    "locations": {
      "vic": {
        "price": 4,
        "promoText": " ",
        "packageSize": "300g",
        "packagePrice": "$1.33 per 100G"
      }
    }
  },
  {
    "id": "the-happy-cookie-co-choc-chip-40-take-bake",
    "brand": "The Happy Cookie Co",
    "name": "Choc Chip Ready to Bake Cookies",
    "imageUrl": "https://shop.coles.com.au/wcsstore/Coles-CAS/images/3/6/4/3643492-th.jpg",
    "categories": ["frozen"],
    "tags": ["frozen-desserts", "assorted-desserts"],
    "locations": {
      "vic": {
        "price": 4,
        "promoText": " ",
        "packageSize": "300g",
        "packagePrice": "$1.33 per 100G"
      }
    }
  },
  {
    "id": "sara-lee-cheesecake-frozen",
    "brand": "Sara Lee",
    "name": "Frozen French Cream Cheesecake",
    "imageUrl": "https://shop.coles.com.au/wcsstore/Coles-CAS/images/9/1/3/9131290-th.jpg",
    "categories": ["frozen"],
    "tags": ["frozen-desserts", "cakes-chesecakes"],
    "locations": {
      "vic": {
        "price": 4,
        "promoText": "$2.25 ",
        "packageSize": "360g",
        "packagePrice": "$1.11 per 100G"
      }
    }
  },
  {
    "id": "sara-lee-cheesecake-strawberry-frozen",
    "brand": "Sara Lee",
    "name": "Frozen  Strawberry Cheesecake",
    "imageUrl": "https://shop.coles.com.au/wcsstore/Coles-CAS/images/6/1/2/6125891-th.jpg",
    "categories": ["frozen"],
    "tags": ["frozen-desserts", "cakes-chesecakes"],
    "locations": {
      "vic": {
        "price": 4,
        "promoText": "$2.25 ",
        "packageSize": "410g",
        "packagePrice": "$0.98 per 100G"
      }
    }
  },
  {
    "id": "coles-cheesecake-french-frozen",
    "brand": "Coles",
    "name": "Frozen French Style Cheesecake",
    "imageUrl": "https://shop.coles.com.au/wcsstore/Coles-CAS/images/1/3/0/1307133-th.jpg",
    "categories": ["frozen"],
    "tags": ["frozen-desserts", "cakes-chesecakes"],
    "locations": {
      "vic": {
        "price": 3,
        "promoText": " ",
        "packageSize": "450g",
        "packagePrice": "$0.67 per 100G"
      }
    }
  },
  {
    "id": "sara-lee-cheesecake-chocolate-bavarian-swirl-frozen",
    "brand": "Sara Lee",
    "name": "Frozen Chocolate Bavarian Cheesecake",
    "imageUrl": "https://shop.coles.com.au/wcsstore/Coles-CAS/images/6/1/2/6125869-th.jpg",
    "categories": ["frozen"],
    "tags": ["frozen-desserts", "cakes-chesecakes"],
    "locations": {
      "vic": {
        "price": 4,
        "promoText": "$2.25 ",
        "packageSize": "375g",
        "packagePrice": "$1.07 per 100G"
      }
    }
  },
  {
    "id": "cadbury-oreo-chesecake",
    "brand": "Cadbury",
    "name": "Oreo Cheesecake",
    "imageUrl": "https://shop.coles.com.au/wcsstore/Coles-CAS/images/3/7/1/3718999-th.jpg",
    "categories": ["frozen"],
    "tags": ["frozen-desserts", "cakes-chesecakes"],
    "locations": {
      "vic": {
        "price": 11,
        "promoText": " ",
        "packageSize": "425g",
        "packagePrice": "$2.59 per 100G"
      }
    }
  },
  {
    "id": "viennetta-classic",
    "brand": "Streets",
    "name": "Viennetta Classic Vanilla Ice Cream Cake",
    "imageUrl": "https://shop.coles.com.au/wcsstore/Coles-CAS/images/3/1/6/3169766-th.jpg",
    "categories": ["frozen"],
    "tags": ["frozen-desserts", "cakes-chesecakes"],
    "locations": {
      "vic": {
        "price": 6.6,
        "promoText": " ",
        "packageSize": "650mL",
        "packagePrice": "$1.02 per 100mL"
      }
    }
  },
  {
    "id": "cadbury-freddo-ice-cream-party-cake",
    "brand": "Cadbury",
    "name": "Freddo Party Cake Ice Cream",
    "imageUrl": "https://shop.coles.com.au/wcsstore/Coles-CAS/images/9/0/9/9093430-th.jpg",
    "categories": ["frozen"],
    "tags": ["frozen-desserts", "cakes-chesecakes"],
    "locations": {
      "vic": {
        "price": 15,
        "promoText": " ",
        "packageSize": "1.5L",
        "packagePrice": "$1.00 per 100mL"
      }
    }
  },
  {
    "id": "coles-belgian-chocolate-raspberry-lava-cakes",
    "brand": "Coles",
    "name": "Belgian Chocolate & Raspberry Lava Cakes",
    "imageUrl": "https://shop.coles.com.au/wcsstore/Coles-CAS/images/3/6/5/3656552-th.jpg",
    "categories": ["frozen"],
    "tags": ["frozen-desserts", "cakes-chesecakes"],
    "locations": {
      "vic": {
        "price": 5,
        "promoText": " ",
        "packageSize": "180g",
        "packagePrice": "$2.78 per 100G"
      }
    }
  },
  {
    "id": "cadbury-cherry-ripe-baked-cheesecake-2pk",
    "brand": "Cadbury",
    "name": "Cherry Ripe Frozen Baked Cheesecakes 2 Pack",
    "imageUrl": "https://shop.coles.com.au/wcsstore/Coles-CAS/images/3/5/8/3581125-th.jpg",
    "categories": ["frozen"],
    "tags": ["frozen-desserts", "cakes-chesecakes"],
    "locations": {
      "vic": {
        "price": 4,
        "promoText": "$1.00 ",
        "packageSize": "160g",
        "packagePrice": "$2.50 per 100G"
      }
    }
  },
  {
    "id": "cadbury-old-gold-baked-cheesecake-2pk",
    "brand": "Cadbury",
    "name": "Old Gold Frozen Baked Dark Chocolate Cheesecakes 2 Pack",
    "imageUrl": "https://shop.coles.com.au/wcsstore/Coles-CAS/images/3/5/8/3581103-th.jpg",
    "categories": ["frozen"],
    "tags": ["frozen-desserts", "cakes-chesecakes"],
    "locations": {
      "vic": {
        "price": 4,
        "promoText": "$1.00 ",
        "packageSize": "160g",
        "packagePrice": "$2.50 per 100G"
      }
    }
  },
  {
    "id": "coles-cheesecake-chocolate-bavarian-frozen-1307177p",
    "brand": "Coles",
    "name": "Frozen Chocolate Bavarian",
    "imageUrl": "https://shop.coles.com.au/wcsstore/Coles-CAS/images/1/3/0/1307177-th.jpg",
    "categories": ["frozen"],
    "tags": ["frozen-desserts", "cakes-chesecakes"],
    "locations": {
      "vic": {
        "price": 3,
        "promoText": " ",
        "packageSize": "450g",
        "packagePrice": "$0.67 per 100G"
      }
    }
  },
  {
    "id": "coles-lime-chesecake-pots",
    "brand": "Coles",
    "name": "Lime Cheesecake Pots",
    "imageUrl": "https://shop.coles.com.au/wcsstore/Coles-CAS/images/3/6/5/3656600-th.jpg",
    "categories": ["frozen"],
    "tags": ["frozen-desserts", "cakes-chesecakes"],
    "locations": {
      "vic": {
        "price": 5,
        "promoText": " ",
        "packageSize": "160g",
        "packagePrice": "$3.13 per 100G"
      }
    }
  },
  {
    "id": "coles-chocolate-caramel-chesecake-pots",
    "brand": "Coles",
    "name": "Chocolate & Caramel Cheesecake Pots",
    "imageUrl": "https://shop.coles.com.au/wcsstore/Coles-CAS/images/3/6/5/3656585-th.jpg",
    "categories": ["frozen"],
    "tags": ["frozen-desserts", "cakes-chesecakes"],
    "locations": {
      "vic": {
        "price": 5,
        "promoText": " ",
        "packageSize": "160g",
        "packagePrice": "$3.13 per 100G"
      }
    }
  },
  {
    "id": "nestle-peters-original-ice-cream-cake-party",
    "brand": "Peters",
    "name": "Original Party Cake Ice Cream",
    "imageUrl": "https://shop.coles.com.au/wcsstore/Coles-CAS/images/5/1/0/5103340-th.jpg",
    "categories": ["frozen"],
    "tags": ["frozen-desserts", "cakes-chesecakes"],
    "locations": {
      "vic": {
        "price": 13,
        "promoText": " ",
        "packageSize": "1.5L",
        "packagePrice": "$0.87 per 100mL"
      }
    }
  },
  {
    "id": "toblerone-frozen-chesecake",
    "brand": "Toblerone",
    "name": "Frozen Cheesecake",
    "imageUrl": "https://shop.coles.com.au/wcsstore/Coles-CAS/images/3/7/1/3718988-th.jpg",
    "categories": ["frozen"],
    "tags": ["frozen-desserts", "cakes-chesecakes"],
    "locations": {
      "vic": {
        "price": 11,
        "promoText": " ",
        "packageSize": "430g",
        "packagePrice": "$2.56 per 100G"
      }
    }
  },
  {
    "id": "nannas-frozen-snack-size-apple-pies",
    "brand": "Nanna's",
    "name": "Frozen Golden & Crispy Snack Apple Pies",
    "imageUrl": "https://shop.coles.com.au/wcsstore/Coles-CAS/images/2/2/6/2266246-th.jpg",
    "categories": ["frozen"],
    "tags": ["frozen-desserts", "dessert-pies"],
    "locations": {
      "vic": {
        "price": 4,
        "promoText": "Was $5.70 on Oct 2019 ",
        "packageSize": "450g",
        "packagePrice": "$0.89 per 100G"
      }
    }
  },
  {
    "id": "coles-pie-apple-snack-4-pack-frozen",
    "brand": "Coles",
    "name": "Frozen Fruit Apple Pie Snack 4 pack",
    "imageUrl": "https://shop.coles.com.au/wcsstore/Coles-CAS/images/5/4/3/5438778-th.jpg",
    "categories": ["frozen"],
    "tags": ["frozen-desserts", "dessert-pies"],
    "locations": {
      "vic": {
        "price": 3.2,
        "promoText": " ",
        "packageSize": "500g",
        "packagePrice": "$0.64 per 100G"
      }
    }
  },
  {
    "id": "nanna-s-vegan-friendly-phubarb-apple-snck-pies",
    "brand": "Nanna's",
    "name": "Rhubarb & Apple Snack Pies",
    "imageUrl": "https://shop.coles.com.au/wcsstore/Coles-CAS/images/3/7/1/3715516-th.jpg",
    "categories": ["frozen"],
    "tags": ["frozen-desserts", "dessert-pies"],
    "locations": {
      "vic": {
        "price": 4,
        "promoText": " ",
        "packageSize": "225g",
        "packagePrice": "$1.78 per 100G"
      }
    }
  },
  {
    "id": "nannas-dessert-pies-apricot-snack-frozen",
    "brand": "Nanna's",
    "name": "Frozen Apricot Pies 4 pack",
    "imageUrl": "https://shop.coles.com.au/wcsstore/Coles-CAS/images/9/7/1/9718492-th.jpg",
    "categories": ["frozen"],
    "tags": ["frozen-desserts", "dessert-pies"],
    "locations": {
      "vic": {
        "price": 4,
        "promoText": "Was $5.70 on Oct 2019 ",
        "packageSize": "450g",
        "packagePrice": "$0.89 per 100G"
      }
    }
  },
  {
    "id": "coles-pie-apple-family-frozen",
    "brand": "Coles",
    "name": "Frozen Family Apple Pie",
    "imageUrl": "https://shop.coles.com.au/wcsstore/Coles-CAS/images/1/8/7/187546-th.jpg",
    "categories": ["frozen"],
    "tags": ["frozen-desserts", "dessert-pies"],
    "locations": {
      "vic": {
        "price": 3.2,
        "promoText": " ",
        "packageSize": "600g",
        "packagePrice": "$0.53 per 100G"
      }
    }
  },
  {
    "id": "nannas-dessert-pie-apple-family-size-frozen",
    "brand": "Nanna's",
    "name": "Frozen Apple Pie",
    "imageUrl": "https://shop.coles.com.au/wcsstore/Coles-CAS/images/1/8/7/187477-th.jpg",
    "categories": ["frozen"],
    "tags": ["frozen-desserts", "dessert-pies"],
    "locations": {
      "vic": {
        "price": 4,
        "promoText": "Was $5.70 on Oct 2019 ",
        "packageSize": "600g",
        "packagePrice": "$0.67 per 100G"
      }
    }
  },
  {
    "id": "nanna-s-vegan-friendly-apple-toffe-snack-pies",
    "brand": "Nanna's",
    "name": "Vegan Friendly Apple & Toffee Snack Pies",
    "imageUrl": "https://shop.coles.com.au/wcsstore/Coles-CAS/images/3/7/1/3715607-th.jpg",
    "categories": ["frozen"],
    "tags": ["frozen-desserts", "dessert-pies"],
    "locations": {
      "vic": {
        "price": 4,
        "promoText": " ",
        "packageSize": "225g",
        "packagePrice": "$1.78 per 100G"
      }
    }
  },
  {
    "id": "sara-lee-deep-dish-pie-apple-crumble",
    "brand": "Sara Lee",
    "name": "Frozen Incredibly Fruity Apple Crumble Deep Dish Pie",
    "imageUrl": "https://shop.coles.com.au/wcsstore/Coles-CAS/images/6/0/4/6041871-th.jpg",
    "categories": ["frozen"],
    "tags": ["frozen-desserts", "dessert-pies"],
    "locations": {
      "vic": {
        "price": 7.5,
        "promoText": " ",
        "packageSize": "800g",
        "packagePrice": "$0.94 per 100G"
      }
    }
  },
  {
    "id": "pampas-pastry-puff--frozen",
    "brand": "Pampas",
    "name": "Frozen Puff Pastry Sheets 6 pieces",
    "imageUrl": "https://shop.coles.com.au/wcsstore/Coles-CAS/images/1/2/5/125345-th.jpg",
    "categories": ["frozen"],
    "tags": ["frozen-desserts", "pastries-puddings"],
    "locations": {
      "vic": {
        "price": 5.5,
        "promoText": " ",
        "packageSize": "1kg",
        "packagePrice": "$5.50 per 1KG"
      }
    }
  },
  {
    "id": "pampas-pastry-puff-frozen",
    "brand": "Pampas",
    "name": "Frozen Puff Pastry Sheets 10 pack",
    "imageUrl": "https://shop.coles.com.au/wcsstore/Coles-CAS/images/8/4/6/8469177-th.jpg",
    "categories": ["frozen"],
    "tags": ["frozen-desserts", "pastries-puddings"],
    "locations": {
      "vic": {
        "price": 6.85,
        "promoText": " ",
        "packageSize": "1.6kg",
        "packagePrice": "$0.43 per 100G"
      }
    }
  },
  {
    "id": "temptation-bakeries-puff-pastry-6-shets",
    "brand": "Temptation Bakeries",
    "name": "Puff Pastry 6 Sheets",
    "imageUrl": "https://shop.coles.com.au/wcsstore/Coles-CAS/images/3/8/5/3854330-th.jpg",
    "categories": ["frozen"],
    "tags": ["frozen-desserts", "pastries-puddings"],
    "locations": {
      "vic": {
        "price": 3.9,
        "promoText": " ",
        "packageSize": "1kg",
        "packagePrice": "$3.90 per 1Kg"
      }
    }
  },
  {
    "id": "pampas-pastry-shortcrust-frozen",
    "brand": "Pampas",
    "name": "Frozen Shortcrust Pastry Sheets 5 pack",
    "imageUrl": "https://shop.coles.com.au/wcsstore/Coles-CAS/images/4/9/7/4972387-th.jpg",
    "categories": ["frozen"],
    "tags": ["frozen-desserts", "pastries-puddings"],
    "locations": {
      "vic": {
        "price": 5.5,
        "promoText": " ",
        "packageSize": "1kg",
        "packagePrice": "$0.55 per 100G"
      }
    }
  },
  {
    "id": "pampas-pastry-fillo-frozen",
    "brand": "Pampas",
    "name": "Frozen Filo Pastry 18-20 Sheets",
    "imageUrl": "https://shop.coles.com.au/wcsstore/Coles-CAS/images/2/9/5/295764-th.jpg",
    "categories": ["frozen"],
    "tags": ["frozen-desserts", "pastries-puddings"],
    "locations": {
      "vic": {
        "price": 4,
        "promoText": " ",
        "packageSize": "375g",
        "packagePrice": "$1.07 per 100G"
      }
    }
  },
  {
    "id": "sara-lee-dessert-pudding-sticky-date-frozen",
    "brand": "Sara Lee",
    "name": "Frozen Sticky Date Pudding",
    "imageUrl": "https://shop.coles.com.au/wcsstore/Coles-CAS/images/6/8/6/6863815-th.jpg",
    "categories": ["frozen"],
    "tags": ["frozen-desserts", "pastries-puddings"],
    "locations": {
      "vic": {
        "price": 4,
        "promoText": "$2.25 ",
        "packageSize": "475g",
        "packagePrice": "$0.84 per 100G"
      }
    }
  },
  {
    "id": "cadbury-dairy-milk-caramello-molten-pudding",
    "brand": "Cadbury",
    "name": "Dairy Milk Caramello Molten Pudding 2 pack",
    "imageUrl": "https://shop.coles.com.au/wcsstore/Coles-CAS/images/3/5/1/3519824-th.jpg",
    "categories": ["frozen"],
    "tags": ["frozen-desserts", "pastries-puddings"],
    "locations": {
      "vic": {
        "price": 4,
        "promoText": "$1.00 ",
        "packageSize": "200g",
        "packagePrice": "$2.00 per 100G"
      }
    }
  },
  {
    "id": "cadbury-dairy-milk-chocolate-molten-pudding",
    "brand": "Cadbury",
    "name": "Dairy Milk Chocolate Molten Puddings 2 pack",
    "imageUrl": "https://shop.coles.com.au/wcsstore/Coles-CAS/images/3/5/1/3519813-th.jpg",
    "categories": ["frozen"],
    "tags": ["frozen-desserts", "pastries-puddings"],
    "locations": {
      "vic": {
        "price": 4,
        "promoText": "$1.00 ",
        "packageSize": "200g",
        "packagePrice": "$2.00 per 100G"
      }
    }
  },
  {
    "id": "pampas-pastry-frozen",
    "brand": "Pampas",
    "name": "Frozen Butter Puff Pastry Sheets 3 Pieces",
    "imageUrl": "https://shop.coles.com.au/wcsstore/Coles-CAS/images/6/3/6/6362730-th.jpg",
    "categories": ["frozen"],
    "tags": ["frozen-desserts", "pastries-puddings"],
    "locations": {
      "vic": {
        "price": 5.35,
        "promoText": " ",
        "packageSize": "550g",
        "packagePrice": "$0.97 per 100G"
      }
    }
  },
  {
    "id": "pampas-pie-flan-savoury-pastry-frozen",
    "brand": "Pampas",
    "name": "Frozen Shortcrust Pastry Case",
    "imageUrl": "https://shop.coles.com.au/wcsstore/Coles-CAS/images/5/5/2/5528225-th.jpg",
    "categories": ["frozen"],
    "tags": ["frozen-desserts", "pastries-puddings"],
    "locations": {
      "vic": {
        "price": 3.45,
        "promoText": " ",
        "packageSize": "220g",
        "packagePrice": "$1.57 per 100G"
      }
    }
  },
  {
    "id": "pampas-pastry-puff-reduced-fat-frozen",
    "brand": "Pampas",
    "name": "Frozen Puff Pastry Sheets Extra Light 6 pack",
    "imageUrl": "https://shop.coles.com.au/wcsstore/Coles-CAS/images/9/5/1/9514561-th.jpg",
    "categories": ["frozen"],
    "tags": ["frozen-desserts", "pastries-puddings"],
    "locations": {
      "vic": {
        "price": 5.5,
        "promoText": " ",
        "packageSize": "1kg",
        "packagePrice": "$0.55 per 100G"
      }
    }
  },
  {
    "id": "pampas-dessert-sweet-tart-pastry-cases-frozen",
    "brand": "Pampas",
    "name": "Frozen Sweet Pastry Tart Cases 12 pack",
    "imageUrl": "https://shop.coles.com.au/wcsstore/Coles-CAS/images/1/7/5/175037-th.jpg",
    "categories": ["frozen"],
    "tags": ["frozen-desserts", "pastries-puddings"],
    "locations": {
      "vic": {
        "price": 5.1,
        "promoText": " ",
        "packageSize": "275g",
        "packagePrice": "$1.85 per 100G"
      }
    }
  },
  {
    "id": "mrs-macs-naked-pies-sltd-caramel-oze-pies",
    "brand": "Mrs Mac's",
    "name": "Salted Caramel Ooze Naked Pies 6 Pack",
    "imageUrl": "https://shop.coles.com.au/wcsstore/Coles-CAS/images/3/7/0/3703765-th.jpg",
    "categories": ["frozen"],
    "tags": ["frozen-desserts", "pastries-puddings"],
    "locations": {
      "vic": {
        "price": 7,
        "promoText": " ",
        "packageSize": "270g",
        "packagePrice": "$2.59 per 100G"
      }
    }
  },
  {
    "id": "temptation-bakeries-shortcrust-pastry-5pk",
    "brand": "Temptation Bakeries",
    "name": "Shortcrust Pastry 5 Sheets",
    "imageUrl": "https://shop.coles.com.au/wcsstore/Coles-CAS/images/3/8/5/3854341-th.jpg",
    "categories": ["frozen"],
    "tags": ["frozen-desserts", "pastries-puddings"],
    "locations": {
      "vic": {
        "price": 3.9,
        "promoText": " ",
        "packageSize": "1kg",
        "packagePrice": "$3.90 per 1Kg"
      }
    }
  },
  {
    "id": "le-fournil-de-pierre-pain-au-chocolat",
    "brand": "Le Fournil De Pierre",
    "name": "Pain Au Chocolate",
    "imageUrl": "https://shop.coles.com.au/wcsstore/Coles-CAS/images/3/6/4/3645534-th.jpg",
    "categories": ["frozen"],
    "tags": ["frozen-desserts", "pastries-puddings"],
    "locations": {
      "vic": {
        "price": 7.5,
        "promoText": " ",
        "packageSize": "420g",
        "packagePrice": "$1.79 per 100G"
      }
    }
  },
  {
    "id": "mrs-macs-naked-pies-lemon-zesty-zing-pies",
    "brand": "Mrs Mac's",
    "name": "Lemon Zesty Zing Naked Pies 6 Pack",
    "imageUrl": "https://shop.coles.com.au/wcsstore/Coles-CAS/images/3/7/0/3706843-th.jpg",
    "categories": ["frozen"],
    "tags": ["frozen-desserts", "pastries-puddings"],
    "locations": {
      "vic": {
        "price": 7,
        "promoText": " ",
        "packageSize": "270g",
        "packagePrice": "$2.59 per 100G"
      }
    }
  },
  {
    "id": "birds-eye-fish-fingers-frozen-15-pack",
    "brand": "Birds Eye",
    "name": "Frozen Fish Fingers 15 Pieces",
    "imageUrl": "https://shop.coles.com.au/wcsstore/Coles-CAS/images/1/8/6/186918-th.jpg",
    "categories": ["frozen"],
    "tags": ["frozen-fish-seafod", "fish-fingers-cakes"],
    "locations": {
      "vic": {
        "price": 5.6,
        "promoText": " ",
        "packageSize": "375g",
        "packagePrice": "$14.93 per 1Kg"
      }
    }
  },
  {
    "id": "birds-eye-fish-cakes-frozen",
    "brand": "Birds Eye",
    "name": "Frozen Crunchy Crumb Fish Cakes 6 pack",
    "imageUrl": "https://shop.coles.com.au/wcsstore/Coles-CAS/images/5/1/4/5146896-th.jpg",
    "categories": ["frozen"],
    "tags": ["frozen-fish-seafod", "fish-fingers-cakes"],
    "locations": {
      "vic": {
        "price": 5,
        "promoText": " ",
        "packageSize": "300g",
        "packagePrice": "$16.67 per 1Kg"
      }
    }
  },
  {
    "id": "birds-eye-oven-bake-original-crumb-frozen-fish-fillets",
    "brand": "Birds Eye",
    "name": "Frozen Fish Fillets With Original Crumb Oven Bake 14 Pieces",
    "imageUrl": "https://shop.coles.com.au/wcsstore/Coles-CAS/images/2/3/5/2359573-th.jpg",
    "categories": ["frozen"],
    "tags": ["frozen-fish-seafod", "fish-fingers-cakes"],
    "locations": {
      "vic": {
        "price": 15.7,
        "promoText": " ",
        "packageSize": "1kg",
        "packagePrice": "$15.70 per 1Kg"
      }
    }
  },
  {
    "id": "birds-eye-fish-fingers-frozen-40-pack",
    "brand": "Birds Eye",
    "name": "Frozen Fish Fingers 40 Pieces",
    "imageUrl": "https://shop.coles.com.au/wcsstore/Coles-CAS/images/2/9/2/292937-th.jpg",
    "categories": ["frozen"],
    "tags": ["frozen-fish-seafod", "fish-fingers-cakes"],
    "locations": {
      "vic": {
        "price": 9,
        "promoText": " ",
        "packageSize": "1kg",
        "packagePrice": "$9.00 per 1Kg"
      }
    }
  },
  {
    "id": "i-j-calamari-rings-frozen",
    "brand": "I&J",
    "name": "Frozen Tasty Lightly Crumbed Calamari Rings",
    "imageUrl": "https://shop.coles.com.au/wcsstore/Coles-CAS/images/6/2/4/6248836-th.jpg",
    "categories": ["frozen"],
    "tags": ["frozen-fish-seafod", "fish-fingers-cakes"],
    "locations": {
      "vic": {
        "price": 7,
        "promoText": "Was $8.00 on Sep 2018 ",
        "packageSize": "400g",
        "packagePrice": "$17.50 per 1Kg"
      }
    }
  },
  {
    "id": "birds-eye-fish-fillets-oven-bake-crumbed-frozen",
    "brand": "Birds Eye",
    "name": "Frozen Fish Fillets With Original  Crumb Oven Bake 6 pack",
    "imageUrl": "https://shop.coles.com.au/wcsstore/Coles-CAS/images/8/4/4/84452-th.jpg",
    "categories": ["frozen"],
    "tags": ["frozen-fish-seafod", "fish-fillets"],
    "locations": {
      "vic": {
        "price": 10,
        "promoText": " ",
        "packageSize": "425g",
        "packagePrice": "$23.53 per 1Kg"
      }
    }
  },
  {
    "id": "i-j-basa-fillets",
    "brand": "I&J",
    "name": "The Finest Frozen Basa Fillets",
    "imageUrl": "https://shop.coles.com.au/wcsstore/Coles-CAS/images/3/5/8/3580100-th.jpg",
    "categories": ["frozen"],
    "tags": ["frozen-fish-seafod", "fish-fillets"],
    "locations": {
      "vic": {
        "price": 7,
        "promoText": "$2.00 ",
        "packageSize": "1kg",
        "packagePrice": "$7.00 per 1Kg"
      }
    }
  },
  {
    "id": "birds-eye-fish-fillets-oven-bake-crumbed-lemon-frozen",
    "brand": "Birds Eye",
    "name": "Frozen Fish Fillets With Lemon Crumb Oven Bake 6 pack",
    "imageUrl": "https://shop.coles.com.au/wcsstore/Coles-CAS/images/8/0/8/80804-th.jpg",
    "categories": ["frozen"],
    "tags": ["frozen-fish-seafod", "fish-fillets"],
    "locations": {
      "vic": {
        "price": 10,
        "promoText": " ",
        "packageSize": "425g",
        "packagePrice": "$23.53 per 1Kg"
      }
    }
  },
  {
    "id": "coles-hoki-fillets",
    "brand": "Coles",
    "name": "Frozen Hoki Fillets",
    "imageUrl": "https://shop.coles.com.au/wcsstore/Coles-CAS/images/2/4/4/2442167-th.jpg",
    "categories": ["frozen"],
    "tags": ["frozen-fish-seafod", "fish-fillets"],
    "locations": {
      "vic": {
        "price": 10,
        "promoText": " ",
        "packageSize": "700g",
        "packagePrice": "$14.29 per 1Kg"
      }
    }
  },
  {
    "id": "i-j-flathead-fillets",
    "brand": "I&J",
    "name": "The Finest Frozen South Atlantic Flathead Fillets",
    "imageUrl": "https://shop.coles.com.au/wcsstore/Coles-CAS/images/3/5/8/3580122-th.jpg",
    "categories": ["frozen"],
    "tags": ["frozen-fish-seafod", "fish-fillets"],
    "locations": {
      "vic": {
        "price": 7,
        "promoText": "$2.00 ",
        "packageSize": "500g",
        "packagePrice": "$14.00 per 1Kg"
      }
    }
  },
  {
    "id": "birds-eye-steamfresh-fish-parsley-citrus",
    "brand": "Birds Eye",
    "name": "Frozen Steam Fresh Fish Fillets With Parsley & Citrus Sauce 2 Pack",
    "imageUrl": "https://shop.coles.com.au/wcsstore/Coles-CAS/images/3/3/0/3303508-th.jpg",
    "categories": ["frozen"],
    "tags": ["frozen-fish-seafod", "fish-fillets"],
    "locations": {
      "vic": {
        "price": 7,
        "promoText": "$2.00 ",
        "packageSize": "380g",
        "packagePrice": "$18.42 per 1Kg"
      }
    }
  },
  {
    "id": "i-j-salmon-skin-on",
    "brand": "I&J",
    "name": "The Finest Frozen Salmon Portions Skin On",
    "imageUrl": "https://shop.coles.com.au/wcsstore/Coles-CAS/images/3/5/8/3580213-th.jpg",
    "categories": ["frozen"],
    "tags": ["frozen-fish-seafod", "fish-fillets"],
    "locations": {
      "vic": {
        "price": 14,
        "promoText": "$4.00 ",
        "packageSize": "500g",
        "packagePrice": "$28.00 per 1Kg"
      }
    }
  },
  {
    "id": "coles-frozen-original-crumbed-fish-fillets",
    "brand": "Coles",
    "name": "Frozen Original Crumbed White Fish Fillets 14 Pieces",
    "imageUrl": "https://shop.coles.com.au/wcsstore/Coles-CAS/images/2/2/8/2285557-th.jpg",
    "categories": ["frozen"],
    "tags": ["frozen-fish-seafod", "fish-fillets"],
    "locations": {
      "vic": {
        "price": 7.7,
        "promoText": " ",
        "packageSize": "1kg",
        "packagePrice": "$7.70 per 1Kg"
      }
    }
  },
  {
    "id": "i-j-salmon-skin-off",
    "brand": "I&J",
    "name": "The Finest Frozen Salmon Portions Skin Off",
    "imageUrl": "https://shop.coles.com.au/wcsstore/Coles-CAS/images/3/5/8/3580246-th.jpg",
    "categories": ["frozen"],
    "tags": ["frozen-fish-seafod", "fish-fillets"],
    "locations": {
      "vic": {
        "price": 14,
        "promoText": "$4.00 ",
        "packageSize": "500g",
        "packagePrice": "$28.00 per 1Kg"
      }
    }
  },
  {
    "id": "sealord-hoki-parmesan-rosemary-fillets",
    "brand": "Sealord",
    "name": "Frozen Parmesan & Rosemary Ciabatta Fillets",
    "imageUrl": "https://shop.coles.com.au/wcsstore/Coles-CAS/images/3/0/2/3024560-th.jpg",
    "categories": ["frozen"],
    "tags": ["frozen-fish-seafod", "fish-fillets"],
    "locations": {
      "vic": {
        "price": 7.3,
        "promoText": " ",
        "packageSize": "300g",
        "packagePrice": "$2.43 per 100G"
      }
    }
  },
  {
    "id": "birds-eye-deli-battered-hoki",
    "brand": "Birds Eye",
    "name": "Frozen Deli New Zealand Hoki Crisp Light Batter Fillets 5 Pack",
    "imageUrl": "https://shop.coles.com.au/wcsstore/Coles-CAS/images/3/3/0/3303440-th.jpg",
    "categories": ["frozen"],
    "tags": ["frozen-fish-seafod", "fish-fillets"],
    "locations": {
      "vic": {
        "price": 7.5,
        "promoText": " ",
        "packageSize": "250g",
        "packagePrice": "$30.00 per 1Kg"
      }
    }
  },
  {
    "id": "coles-frozen-salmon-fillets",
    "brand": "Coles",
    "name": "Frozen Salmon Fillets",
    "imageUrl": "https://shop.coles.com.au/wcsstore/ColesResponsiveStorefrontAssetStore/dist/ccfc54aed6e361b650bcf0582f7b576b/img/img_product-placeholder.png",
    "categories": ["frozen"],
    "tags": ["frozen-fish-seafod", "fish-fillets"],
    "locations": {
      "vic": {
        "price": 28,
        "promoText": " ",
        "packageSize": "1kg",
        "packagePrice": "$28.00 per 1Kg"
      }
    }
  },
  {
    "id": "i-j-original-crumb-fish-fillets-3615759p",
    "brand": "I&J",
    "name": "Original Crumb Wild Caught Fish Fillets",
    "imageUrl": "https://shop.coles.com.au/wcsstore/Coles-CAS/images/3/6/1/3615759-th.jpg",
    "categories": ["frozen"],
    "tags": ["frozen-fish-seafod", "fish-fillets"],
    "locations": {
      "vic": {
        "price": 7.5,
        "promoText": " ",
        "packageSize": "550g",
        "packagePrice": "$1.36 per 100G"
      }
    }
  },
  {
    "id": "birds-eye-southern-blue-whiting-crumb-fillets-frozen",
    "brand": "Birds Eye",
    "name": "Frozen Southern Blue Whiting Fish Fillets 6 Pack",
    "imageUrl": "https://shop.coles.com.au/wcsstore/Coles-CAS/images/7/4/0/7407877-th.jpg",
    "categories": ["frozen"],
    "tags": ["frozen-fish-seafod", "fish-fillets"],
    "locations": {
      "vic": {
        "price": 10,
        "promoText": " ",
        "packageSize": "425g",
        "packagePrice": "$23.53 per 1Kg"
      }
    }
  },
  {
    "id": "birds-eye-deli-whiting-salt-pepper-crumb",
    "brand": "Birds Eye",
    "name": "Frozen Deli New Zealand Whiting Cracked Pepper Blend & Sea Salt Fillets 5 Pack",
    "imageUrl": "https://shop.coles.com.au/wcsstore/Coles-CAS/images/3/3/0/3303406-th.jpg",
    "categories": ["frozen"],
    "tags": ["frozen-fish-seafod", "fish-fillets"],
    "locations": {
      "vic": {
        "price": 7.5,
        "promoText": " ",
        "packageSize": "250g",
        "packagePrice": "$30.00 per 1Kg"
      }
    }
  },
  {
    "id": "by-george-frozen-natural-salmon-portions",
    "brand": "By George",
    "name": "Frozen Natural Salmon Fillets",
    "imageUrl": "https://shop.coles.com.au/wcsstore/Coles-CAS/images/2/3/5/2351425-th.jpg",
    "categories": ["frozen"],
    "tags": ["frozen-fish-seafod", "fish-fillets"],
    "locations": {
      "vic": {
        "price": 7,
        "promoText": " ",
        "packageSize": "250g",
        "packagePrice": "$28.00 per 1Kg"
      }
    }
  },
  {
    "id": "coles-frozen-original-crumbed-hoki-fish-fillets",
    "brand": "Coles",
    "name": "Frozen Crumbed Original White Fish Fillet 6 pack",
    "imageUrl": "https://shop.coles.com.au/wcsstore/Coles-CAS/images/2/2/8/2285524-th.jpg",
    "categories": ["frozen"],
    "tags": ["frozen-fish-seafod", "fish-fillets"],
    "locations": {
      "vic": {
        "price": 4.4,
        "promoText": " ",
        "packageSize": "425g",
        "packagePrice": "$10.35 per 1Kg"
      }
    }
  },
  {
    "id": "i-j-tuna-portions",
    "brand": "I&J",
    "name": "The Finest Frozen Tuna Portions",
    "imageUrl": "https://shop.coles.com.au/wcsstore/Coles-CAS/images/3/5/8/3580111-th.jpg",
    "categories": ["frozen"],
    "tags": ["frozen-fish-seafod", "fish-fillets"],
    "locations": {
      "vic": {
        "price": 10,
        "promoText": "$2.50 ",
        "packageSize": "500g",
        "packagePrice": "$20.00 per 1Kg"
      }
    }
  },
  {
    "id": "birds-eye-fish-fillets-battered-frozen",
    "brand": "Birds Eye",
    "name": "Frozen Fish Fillets With Original Lightly Battered Oven Bake 6 Pack",
    "imageUrl": "https://shop.coles.com.au/wcsstore/Coles-CAS/images/8/4/4/84430-th.jpg",
    "categories": ["frozen"],
    "tags": ["frozen-fish-seafod", "fish-fillets"],
    "locations": {
      "vic": {
        "price": 10,
        "promoText": " ",
        "packageSize": "425g",
        "packagePrice": "$23.53 per 1Kg"
      }
    }
  },
  {
    "id": "birds-eye-fish-fillets-deep-sea-dory-frozen",
    "brand": "Birds Eye",
    "name": "Frozen Deep Sea Dory Fish Fillets",
    "imageUrl": "https://shop.coles.com.au/wcsstore/Coles-CAS/images/5/4/9/5490235-th.jpg",
    "categories": ["frozen"],
    "tags": ["frozen-fish-seafod", "fish-fillets"],
    "locations": {
      "vic": {
        "price": 10,
        "promoText": " ",
        "packageSize": "425g",
        "packagePrice": "$23.53 per 1Kg"
      }
    }
  },
  {
    "id": "birds-eye-salmon-atlantic--fillets-lemon-frozen",
    "brand": "Birds Eye",
    "name": "Frozen Atlantic Salmon Fillets With Lemon Pepper 2 pack",
    "imageUrl": "https://shop.coles.com.au/wcsstore/Coles-CAS/images/9/4/6/9461476-th.jpg",
    "categories": ["frozen"],
    "tags": ["frozen-fish-seafod", "fish-fillets"],
    "locations": {
      "vic": {
        "price": 12.5,
        "promoText": " ",
        "packageSize": "270g",
        "packagePrice": "$46.30 per 1Kg"
      }
    }
  },
  {
    "id": "birds-eye-deli-whiting-crisp-light-batter",
    "brand": "Birds Eye",
    "name": "Frozen Deli New Zealand Whiting Crisp Light Batter Fillets 5 Pack",
    "imageUrl": "https://shop.coles.com.au/wcsstore/Coles-CAS/images/3/2/6/3264010-th.jpg",
    "categories": ["frozen"],
    "tags": ["frozen-fish-seafod", "fish-fillets"],
    "locations": {
      "vic": {
        "price": 7.5,
        "promoText": " ",
        "packageSize": "250g",
        "packagePrice": "$3.00 per 100G"
      }
    }
  },
  {
    "id": "birds-eye-steamfresh-fish-sweet-soy-lemongrass",
    "brand": "Birds Eye",
    "name": "Frozen Steam Fresh Fish Fillets with Sweet Soy Garlic & Lemongrass Sauce 2 Pack",
    "imageUrl": "https://shop.coles.com.au/wcsstore/Coles-CAS/images/3/3/0/3303483-th.jpg",
    "categories": ["frozen"],
    "tags": ["frozen-fish-seafod", "fish-fillets"],
    "locations": {
      "vic": {
        "price": 7,
        "promoText": "$2.00 ",
        "packageSize": "380g",
        "packagePrice": "$18.42 per 1Kg"
      }
    }
  },
  {
    "id": "coles-frozen-beer-battered-hoki-fish-fillets",
    "brand": "Coles",
    "name": "Frozen Beer Battered White Fish Fillet 6 pack",
    "imageUrl": "https://shop.coles.com.au/wcsstore/Coles-CAS/images/2/2/8/2285546-th.jpg",
    "categories": ["frozen"],
    "tags": ["frozen-fish-seafod", "fish-fillets"],
    "locations": {
      "vic": {
        "price": 4.4,
        "promoText": " ",
        "packageSize": "425g",
        "packagePrice": "$10.35 per 1Kg"
      }
    }
  },
  {
    "id": "coles-frozen-herb-garlic-crumbed-hoki-fish-fillets",
    "brand": "Coles",
    "name": "Frozen Crumbed Herb & Garlic White Fish Fillets 6 pack",
    "imageUrl": "https://shop.coles.com.au/wcsstore/Coles-CAS/images/2/2/8/2285535-th.jpg",
    "categories": ["frozen"],
    "tags": ["frozen-fish-seafod", "fish-fillets"],
    "locations": {
      "vic": {
        "price": 4.4,
        "promoText": " ",
        "packageSize": "425g",
        "packagePrice": "$10.35 per 1Kg"
      }
    }
  },
  {
    "id": "coles-frozen-lemon-crumbed-hoki-fish-fillets",
    "brand": "Coles",
    "name": "Frozen Crumbed Lemon White Fish Fillets 6 pack",
    "imageUrl": "https://shop.coles.com.au/wcsstore/Coles-CAS/images/2/2/8/2288249-th.jpg",
    "categories": ["frozen"],
    "tags": ["frozen-fish-seafod", "fish-fillets"],
    "locations": {
      "vic": {
        "price": 4.4,
        "promoText": " ",
        "packageSize": "425g",
        "packagePrice": "$10.35 per 1Kg"
      }
    }
  },
  {
    "id": "i-j-original-crumb-fish-fillets",
    "brand": "I&J",
    "name": "Original Crumb Wild Caught Fish Fillets",
    "imageUrl": "https://shop.coles.com.au/wcsstore/Coles-CAS/images/3/6/1/3615726-th.jpg",
    "categories": ["frozen"],
    "tags": ["frozen-fish-seafod", "fish-fillets"],
    "locations": {
      "vic": {
        "price": 11,
        "promoText": " ",
        "packageSize": "1.03kg",
        "packagePrice": "$10.68 per 1Kg"
      }
    }
  },
  {
    "id": "birds-eye-hoki-lemon-pepper",
    "brand": "Birds Eye",
    "name": "Hoki Lemon & Pepper",
    "imageUrl": "https://shop.coles.com.au/wcsstore/Coles-CAS/images/3/6/1/3615690-th.jpg",
    "categories": ["frozen"],
    "tags": ["frozen-fish-seafod", "fish-fillets"],
    "locations": {
      "vic": {
        "price": 7.5,
        "promoText": " ",
        "packageSize": "225g",
        "packagePrice": "$33.33 per 1Kg"
      }
    }
  },
  {
    "id": "i-j-lemon-crumb-fish-fillets-3615781p",
    "brand": "I&J",
    "name": "Lemon Crumb Wild Caught Fish Fillets",
    "imageUrl": "https://shop.coles.com.au/wcsstore/Coles-CAS/images/3/6/1/3615781-th.jpg",
    "categories": ["frozen"],
    "tags": ["frozen-fish-seafod", "fish-fillets"],
    "locations": {
      "vic": {
        "price": 7.5,
        "promoText": " ",
        "packageSize": "550g",
        "packagePrice": "$1.36 per 100G"
      }
    }
  },
  {
    "id": "sealord-wholemeal-crumbed-frozen-hoki-fillets",
    "brand": "Sealord",
    "name": "Frozen Wholemeal Crumb Fillets",
    "imageUrl": "https://shop.coles.com.au/wcsstore/Coles-CAS/images/2/3/6/2362294-th.jpg",
    "categories": ["frozen"],
    "tags": ["frozen-fish-seafod", "fish-fillets"],
    "locations": {
      "vic": {
        "price": 7.3,
        "promoText": " ",
        "packageSize": "300g",
        "packagePrice": "$2.43 per 100G"
      }
    }
  },
  {
    "id": "sealord-hoki-sea-salt-pepper-fillets",
    "brand": "Sealord",
    "name": "Frozen Marlborough Sea Salt & Pepper Fillets",
    "imageUrl": "https://shop.coles.com.au/wcsstore/Coles-CAS/images/3/0/4/3045730-th.jpg",
    "categories": ["frozen"],
    "tags": ["frozen-fish-seafod", "fish-fillets"],
    "locations": {
      "vic": {
        "price": 7.3,
        "promoText": " ",
        "packageSize": "300g",
        "packagePrice": "$2.43 per 100G"
      }
    }
  },
  {
    "id": "birds-eye-hoki-murray-river-salt",
    "brand": "Birds Eye",
    "name": "Hoki Murray River Salt",
    "imageUrl": "https://shop.coles.com.au/wcsstore/Coles-CAS/images/3/6/1/3615680-th.jpg",
    "categories": ["frozen"],
    "tags": ["frozen-fish-seafod", "fish-fillets"],
    "locations": {
      "vic": {
        "price": 7.5,
        "promoText": " ",
        "packageSize": "225g",
        "packagePrice": "$33.33 per 1Kg"
      }
    }
  },
  {
    "id": "i-j-beer-batter-fish-fillets",
    "brand": "I&J",
    "name": "Beer Batter Wild Caught Fish Fillets",
    "imageUrl": "https://shop.coles.com.au/wcsstore/Coles-CAS/images/3/6/1/3615748-th.jpg",
    "categories": ["frozen"],
    "tags": ["frozen-fish-seafod", "fish-fillets"],
    "locations": {
      "vic": {
        "price": 11,
        "promoText": " ",
        "packageSize": "1.03kg",
        "packagePrice": "$10.68 per 1Kg"
      }
    }
  },
  {
    "id": "i-j-beer-batter-fish-fillets-3618939p",
    "brand": "I&J",
    "name": "Beer Batter Wild Caught Fish Fillets",
    "imageUrl": "https://shop.coles.com.au/wcsstore/Coles-CAS/images/3/6/1/3618939-th.jpg",
    "categories": ["frozen"],
    "tags": ["frozen-fish-seafod", "fish-fillets"],
    "locations": {
      "vic": {
        "price": 7.5,
        "promoText": " ",
        "packageSize": "550g",
        "packagePrice": "$1.36 per 100G"
      }
    }
  },
  {
    "id": "i-j-tempura-batter-fish-fillets",
    "brand": "I&J",
    "name": "Tempura Batter Wild Caught Fish Fillets",
    "imageUrl": "https://shop.coles.com.au/wcsstore/Coles-CAS/images/3/6/1/3615806-th.jpg",
    "categories": ["frozen"],
    "tags": ["frozen-fish-seafod", "fish-fillets"],
    "locations": {
      "vic": {
        "price": 7.5,
        "promoText": " ",
        "packageSize": "550g",
        "packagePrice": "$1.36 per 100G"
      }
    }
  },
  {
    "id": "i-j-strn-blue-whiting-fillets",
    "brand": "I&J",
    "name": "Southern Blue Whiting Fillets",
    "imageUrl": "https://shop.coles.com.au/wcsstore/ColesResponsiveStorefrontAssetStore/dist/ccfc54aed6e361b650bcf0582f7b576b/img/img_product-placeholder.png",
    "categories": ["frozen"],
    "tags": ["frozen-fish-seafod", "fish-fillets"],
    "locations": {
      "vic": {
        "price": 8,
        "promoText": "$2.00 ",
        "packageSize": "500g",
        "packagePrice": "$16.00 per 1Kg"
      }
    }
  },
  {
    "id": "our-family-table-australian-whiting-fillet",
    "brand": "Our Family Table",
    "name": "Premium Australian Whiting Fillets",
    "imageUrl": "https://shop.coles.com.au/wcsstore/Coles-CAS/images/3/6/1/3618826-th.jpg",
    "categories": ["frozen"],
    "tags": ["frozen-fish-seafod", "fish-fillets"],
    "locations": {
      "vic": {
        "price": 11,
        "promoText": " ",
        "packageSize": "295g",
        "packagePrice": "$37.29 per 1Kg"
      }
    }
  },
  {
    "id": "our-family-table-fish-goujons",
    "brand": "Our Family Table",
    "name": "Fish Goujons",
    "imageUrl": "https://shop.coles.com.au/wcsstore/Coles-CAS/images/3/6/1/3618804-th.jpg",
    "categories": ["frozen"],
    "tags": ["frozen-fish-seafod", "fish-fillets"],
    "locations": {
      "vic": {
        "price": 11,
        "promoText": " ",
        "packageSize": "315g",
        "packagePrice": "$34.92 per 1Kg"
      }
    }
  },
  {
    "id": "sealord-3-seed-crumbed-frozen-hoki-fillets",
    "brand": "Sealord",
    "name": "Frozen 3 Seed Crumb Fillets",
    "imageUrl": "https://shop.coles.com.au/wcsstore/Coles-CAS/images/2/3/6/2362308-th.jpg",
    "categories": ["frozen"],
    "tags": ["frozen-fish-seafod", "fish-fillets"],
    "locations": {
      "vic": {
        "price": 7.3,
        "promoText": " ",
        "packageSize": "300g",
        "packagePrice": "$2.43 per 100G"
      }
    }
  },
  {
    "id": "sealord-premium-hoki-honey-soy-tempura-batter",
    "brand": "Sealord",
    "name": "Frozen Honey Soy Tempura Batter Fillets",
    "imageUrl": "https://shop.coles.com.au/wcsstore/Coles-CAS/images/3/2/7/3271660-th.jpg",
    "categories": ["frozen"],
    "tags": ["frozen-fish-seafod", "fish-fillets"],
    "locations": {
      "vic": {
        "price": 7.3,
        "promoText": " ",
        "packageSize": "280g",
        "packagePrice": "$26.07 per 1Kg"
      }
    }
  },
  {
    "id": "kailis-bros-salt-pepper-squid",
    "brand": "KB",
    "name": "Salt & Pepper Squid",
    "imageUrl": "https://shop.coles.com.au/wcsstore/Coles-CAS/images/3/6/1/3615635-th.jpg",
    "categories": ["frozen"],
    "tags": ["frozen-fish-seafod", "seafod-frozen"],
    "locations": {
      "vic": {
        "price": 8.5,
        "promoText": " ",
        "packageSize": "360g",
        "packagePrice": "$23.61 per 1Kg"
      }
    }
  },
  {
    "id": "coles-marinara-seafood-mix-frozen",
    "brand": "Coles",
    "name": "Marinara Seafood Mix",
    "imageUrl": "https://shop.coles.com.au/wcsstore/Coles-CAS/images/4/8/4/4847385-th.jpg",
    "categories": ["frozen"],
    "tags": ["frozen-fish-seafod", "seafod-frozen"],
    "locations": {
      "vic": {
        "price": 14.75,
        "promoText": " ",
        "packageSize": "1kg",
        "packagePrice": "$14.75 per 1Kg"
      }
    }
  },
  {
    "id": "coles-barramundi-portions-skin",
    "brand": "Coles",
    "name": "Frozen Barramundi Portions Skin On 5 Pack",
    "imageUrl": "https://shop.coles.com.au/wcsstore/Coles-CAS/images/2/9/3/2930310-th.jpg",
    "categories": ["frozen"],
    "tags": ["frozen-fish-seafod", "seafod-frozen"],
    "locations": {
      "vic": {
        "price": 15,
        "promoText": " ",
        "packageSize": "600g",
        "packagePrice": "$25.00 per 1Kg"
      }
    }
  },
  {
    "id": "i-j-lobster-tails-garlic-butter",
    "brand": "I&J",
    "name": "The Finest Frozen Lobster Tails With Garlic & Herb Butter",
    "imageUrl": "https://shop.coles.com.au/wcsstore/Coles-CAS/images/3/5/8/3580315-th.jpg",
    "categories": ["frozen"],
    "tags": ["frozen-fish-seafod", "seafod-frozen"],
    "locations": {
      "vic": {
        "price": 22,
        "promoText": "$6.00 ",
        "packageSize": "270g",
        "packagePrice": "$81.48 per 1Kg"
      }
    }
  },
  {
    "id": "coles-frozen-cooked-mussel-meat",
    "brand": "Coles",
    "name": "Frozen Mussel Meat",
    "imageUrl": "https://shop.coles.com.au/wcsstore/Coles-CAS/images/1/9/7/1973340-th.jpg",
    "categories": ["frozen"],
    "tags": ["frozen-fish-seafod", "seafod-frozen"],
    "locations": {
      "vic": {
        "price": 7,
        "promoText": " ",
        "packageSize": "500g",
        "packagePrice": "$14.00 per 1Kg"
      }
    }
  },
  {
    "id": "i-j-squid-tube",
    "brand": "I&J",
    "name": "The Finest Frozen Squid Tubes",
    "imageUrl": "https://shop.coles.com.au/wcsstore/Coles-CAS/images/3/5/8/3580202-th.jpg",
    "categories": ["frozen"],
    "tags": ["frozen-fish-seafod", "seafod-frozen"],
    "locations": {
      "vic": {
        "price": 9.5,
        "promoText": "$2.50 ",
        "packageSize": "1kg",
        "packagePrice": "$9.50 per 1Kg"
      }
    }
  },
  {
    "id": "blue-grenadier-fillet-300g",
    "brand": "Coles",
    "name": "Blue Grenadier Fillet",
    "imageUrl": "https://shop.coles.com.au/wcsstore/ColesResponsiveStorefrontAssetStore/dist/ccfc54aed6e361b650bcf0582f7b576b/img/img_product-placeholder.png",
    "categories": ["frozen"],
    "tags": ["frozen-fish-seafod", "seafod-frozen"],
    "locations": {
      "vic": {
        "price": 8,
        "promoText": " ",
        "packageSize": "300g",
        "packagePrice": "$2.67 per 100G"
      }
    }
  },
  {
    "id": "kailis-bros-salt-pepper-prawns",
    "brand": "KB",
    "name": "Salt & Pepper Prawns",
    "imageUrl": "https://shop.coles.com.au/wcsstore/Coles-CAS/images/3/6/1/3616467-th.jpg",
    "categories": ["frozen"],
    "tags": ["frozen-fish-seafod", "seafod-frozen"],
    "locations": {
      "vic": {
        "price": 8.5,
        "promoText": " ",
        "packageSize": "300g",
        "packagePrice": "$28.33 per 1Kg"
      }
    }
  },
  {
    "id": "by-george-crumbed-prawn-cutlets",
    "brand": "Coles",
    "name": "Frozen Crumbed Prawn Cutlets",
    "imageUrl": "https://shop.coles.com.au/wcsstore/Coles-CAS/images/2/3/6/2362239-th.jpg",
    "categories": ["frozen"],
    "tags": ["frozen-fish-seafod", "seafod-frozen"],
    "locations": {
      "vic": {
        "price": 6,
        "promoText": " ",
        "packageSize": "360g",
        "packagePrice": "$16.67 per 1Kg"
      }
    }
  },
  {
    "id": "mt-barramundi-",
    "brand": "Coles",
    "name": "Barramundi",
    "imageUrl": "https://shop.coles.com.au/wcsstore/ColesResponsiveStorefrontAssetStore/dist/ccfc54aed6e361b650bcf0582f7b576b/img/img_product-placeholder.png",
    "categories": ["frozen"],
    "tags": ["frozen-fish-seafod", "seafod-frozen"],
    "locations": {
      "vic": {
        "price": 7,
        "promoText": " ",
        "packageSize": "260g",
        "packagePrice": "$2.69 per 100G"
      }
    }
  },
  {
    "id": "smoked-cod-fillet-300g",
    "brand": "Coles",
    "name": "Smoked Cod Fillet",
    "imageUrl": "https://shop.coles.com.au/wcsstore/ColesResponsiveStorefrontAssetStore/dist/ccfc54aed6e361b650bcf0582f7b576b/img/img_product-placeholder.png",
    "categories": ["frozen"],
    "tags": ["frozen-fish-seafod", "seafod-frozen"],
    "locations": {
      "vic": {
        "price": 8,
        "promoText": " ",
        "packageSize": "300g",
        "packagePrice": "$2.67 per 100G"
      }
    }
  },
  {
    "id": "kailis-bros-lemon-pepper-squid",
    "brand": "KB",
    "name": "Lemon & Pepper Squid",
    "imageUrl": "https://shop.coles.com.au/wcsstore/Coles-CAS/images/3/6/1/3615613-th.jpg",
    "categories": ["frozen"],
    "tags": ["frozen-fish-seafod", "seafod-frozen"],
    "locations": {
      "vic": {
        "price": 8.5,
        "promoText": " ",
        "packageSize": "360g",
        "packagePrice": "$23.61 per 1Kg"
      }
    }
  },
  {
    "id": "pink-ling-fillets-300g",
    "brand": "MT",
    "name": "Pink Ling Fillets",
    "imageUrl": "https://shop.coles.com.au/wcsstore/ColesResponsiveStorefrontAssetStore/dist/ccfc54aed6e361b650bcf0582f7b576b/img/img_product-placeholder.png",
    "categories": ["frozen"],
    "tags": ["frozen-fish-seafod", "seafod-frozen"],
    "locations": {
      "vic": {
        "price": 9,
        "promoText": " ",
        "packageSize": "300g",
        "packagePrice": "$30.00 per 1Kg"
      }
    }
  },
  {
    "id": "coles-fruit-blueberry-frozen",
    "brand": "Coles",
    "name": "Frozen Blueberries",
    "imageUrl": "https://shop.coles.com.au/wcsstore/Coles-CAS/images/6/1/1/6110023-th.jpg",
    "categories": ["frozen"],
    "tags": ["frozen-fruit", "berries"],
    "locations": {
      "vic": {
        "price": 4,
        "promoText": " ",
        "packageSize": "500g",
        "packagePrice": "$8.00 per 1Kg"
      }
    }
  },
  {
    "id": "coles-fruit-raspberry-frozen",
    "brand": "Coles",
    "name": "Frozen Raspberries",
    "imageUrl": "https://shop.coles.com.au/wcsstore/Coles-CAS/images/6/1/0/6109975-th.jpg",
    "categories": ["frozen"],
    "tags": ["frozen-fruit", "berries"],
    "locations": {
      "vic": {
        "price": 4,
        "promoText": " ",
        "packageSize": "500g",
        "packagePrice": "$8.00 per 1Kg"
      }
    }
  },
  {
    "id": "coles-frozen-fruit-mixed-berries",
    "brand": "Coles",
    "name": "Frozen Mixed Berries",
    "imageUrl": "https://shop.coles.com.au/wcsstore/Coles-CAS/images/1/3/0/1301206-th.jpg",
    "categories": ["frozen"],
    "tags": ["frozen-fruit", "berries"],
    "locations": {
      "vic": {
        "price": 4,
        "promoText": " ",
        "packageSize": "500g",
        "packagePrice": "$8.00 per 1Kg"
      }
    }
  },
  {
    "id": "coles-fruit-strawberries-sliced-frozen",
    "brand": "Coles",
    "name": "Frozen Sliced Strawberries",
    "imageUrl": "https://shop.coles.com.au/wcsstore/Coles-CAS/images/1/3/0/1301192-th.jpg",
    "categories": ["frozen"],
    "tags": ["frozen-fruit", "berries"],
    "locations": {
      "vic": {
        "price": 4,
        "promoText": " ",
        "packageSize": "500g",
        "packagePrice": "$8.00 per 1Kg"
      }
    }
  },
  {
    "id": "coles-frozen-pineapple-pieces",
    "brand": "Coles",
    "name": "Frozen Pineapple Pieces",
    "imageUrl": "https://shop.coles.com.au/wcsstore/Coles-CAS/images/2/5/9/2591600-th.jpg",
    "categories": ["frozen"],
    "tags": ["frozen-fruit", "berries"],
    "locations": {
      "vic": {
        "price": 4,
        "promoText": " ",
        "packageSize": "500g",
        "packagePrice": "$8.00 per 1Kg"
      }
    }
  },
  {
    "id": "coles-frozen-cherries",
    "brand": "Coles",
    "name": "Frozen Pitted Cherries",
    "imageUrl": "https://shop.coles.com.au/wcsstore/Coles-CAS/images/2/3/5/2350207-th.jpg",
    "categories": ["frozen"],
    "tags": ["frozen-fruit", "berries"],
    "locations": {
      "vic": {
        "price": 4,
        "promoText": " ",
        "packageSize": "500g",
        "packagePrice": "$8.00 per 1Kg"
      }
    }
  },
  {
    "id": "coles-frozen-mixed-fruits",
    "brand": "Coles",
    "name": "Frozen Four Fruits Mix",
    "imageUrl": "https://shop.coles.com.au/wcsstore/Coles-CAS/images/2/5/9/2599690-th.jpg",
    "categories": ["frozen"],
    "tags": ["frozen-fruit", "berries"],
    "locations": {
      "vic": {
        "price": 4,
        "promoText": " ",
        "packageSize": "500g",
        "packagePrice": "$8.00 per 1Kg"
      }
    }
  },
  {
    "id": "coles-fruit-blackberries-frozen",
    "brand": "Coles",
    "name": "Frozen Blackberries",
    "imageUrl": "https://shop.coles.com.au/wcsstore/Coles-CAS/images/1/3/0/1304770-th.jpg",
    "categories": ["frozen"],
    "tags": ["frozen-fruit", "berries"],
    "locations": {
      "vic": {
        "price": 4,
        "promoText": " ",
        "packageSize": "500g",
        "packagePrice": "$8.00 per 1Kg"
      }
    }
  },
  {
    "id": "creative-gourmet-fruit-raspberries-frozen",
    "brand": "Creative Gourmet",
    "name": "Frozen Raspberries",
    "imageUrl": "https://shop.coles.com.au/wcsstore/Coles-CAS/images/5/1/6/5164388-th.jpg",
    "categories": ["frozen"],
    "tags": ["frozen-fruit", "berries"],
    "locations": {
      "vic": {
        "price": 5.65,
        "promoText": " ",
        "packageSize": "300g",
        "packagePrice": "$18.83 per 1Kg"
      }
    }
  },
  {
    "id": "creative-gourmet-fruit-blueberries-frozen",
    "brand": "Creative Gourmet",
    "name": "Frozen Blueberries",
    "imageUrl": "https://shop.coles.com.au/wcsstore/Coles-CAS/images/5/1/6/5164399-th.jpg",
    "categories": ["frozen"],
    "tags": ["frozen-fruit", "berries"],
    "locations": {
      "vic": {
        "price": 5.65,
        "promoText": " ",
        "packageSize": "300g",
        "packagePrice": "$18.83 per 1Kg"
      }
    }
  },
  {
    "id": "oob-organic-frozen-blueberries",
    "brand": "OOB Organic",
    "name": "Frozen Blueberries",
    "imageUrl": "https://shop.coles.com.au/wcsstore/Coles-CAS/images/2/5/0/2508618-th.jpg",
    "categories": ["frozen"],
    "tags": ["frozen-fruit", "berries"],
    "locations": {
      "vic": {
        "price": 9.7,
        "promoText": " ",
        "packageSize": "450g",
        "packagePrice": "$21.56 per 1Kg"
      }
    }
  },
  {
    "id": "oob-organic-frozen-mixed-berries",
    "brand": "OOB Organic",
    "name": "Frozen Mixed Berries",
    "imageUrl": "https://shop.coles.com.au/wcsstore/Coles-CAS/images/2/5/0/2508378-th.jpg",
    "categories": ["frozen"],
    "tags": ["frozen-fruit", "berries"],
    "locations": {
      "vic": {
        "price": 9.7,
        "promoText": " ",
        "packageSize": "500g",
        "packagePrice": "$1.94 per 100G"
      }
    }
  },
  {
    "id": "creative-gourmet-value-pack-mixed-berries",
    "brand": "Creative Gourmet",
    "name": "Frozen Mixed Berries",
    "imageUrl": "https://shop.coles.com.au/wcsstore/Coles-CAS/images/3/5/7/3573105-th.jpg",
    "categories": ["frozen"],
    "tags": ["frozen-fruit", "berries"],
    "locations": {
      "vic": {
        "price": 8,
        "promoText": " ",
        "packageSize": "750g",
        "packagePrice": "$1.07 per 100G"
      }
    }
  },
  {
    "id": "creative-gourmet-passionfruit",
    "brand": "Creative Gourmet",
    "name": "Frozen Passionfruit Pulp",
    "imageUrl": "https://shop.coles.com.au/wcsstore/Coles-CAS/images/3/5/7/3573047-th.jpg",
    "categories": ["frozen"],
    "tags": ["frozen-fruit", "berries"],
    "locations": {
      "vic": {
        "price": 5.65,
        "promoText": " ",
        "packageSize": "300g",
        "packagePrice": "$18.83 per 1Kg"
      }
    }
  },
  {
    "id": "creative-gourmet-pink-dragonfruit",
    "brand": "Creative Gourmet",
    "name": "Frozen Pink Dragonfruit Chunks",
    "imageUrl": "https://shop.coles.com.au/wcsstore/Coles-CAS/images/3/5/7/3573070-th.jpg",
    "categories": ["frozen"],
    "tags": ["frozen-fruit", "berries"],
    "locations": {
      "vic": {
        "price": 5.65,
        "promoText": " ",
        "packageSize": "300g",
        "packagePrice": "$18.83 per 1Kg"
      }
    }
  },
  {
    "id": "coles-fruit-mango-diced-frozen",
    "brand": "Coles",
    "name": "Frozen Diced Mango",
    "imageUrl": "https://shop.coles.com.au/wcsstore/Coles-CAS/images/1/3/0/1301170-th.jpg",
    "categories": ["frozen"],
    "tags": ["frozen-fruit", "tropical"],
    "locations": {
      "vic": {
        "price": 4,
        "promoText": " ",
        "packageSize": "500g",
        "packagePrice": "$8.00 per 1Kg"
      }
    }
  },
  {
    "id": "creative-gourmet-frozen-banana",
    "brand": "Creative Gourmet",
    "name": "Frozen Banana Chunks",
    "imageUrl": "https://shop.coles.com.au/wcsstore/Coles-CAS/images/3/0/5/3059972-th.jpg",
    "categories": ["frozen"],
    "tags": ["frozen-fruit", "tropical"],
    "locations": {
      "vic": {
        "price": 5,
        "promoText": " ",
        "packageSize": "500g",
        "packagePrice": "$10.00 per 1Kg"
      }
    }
  },
  {
    "id": "coles-frozen-pomegranate-arils",
    "brand": "Coles",
    "name": "Frozen Pomegranate Arils",
    "imageUrl": "https://shop.coles.com.au/wcsstore/Coles-CAS/images/3/3/9/3394682-th.jpg",
    "categories": ["frozen"],
    "tags": ["frozen-fruit", "tropical"],
    "locations": {
      "vic": {
        "price": 4,
        "promoText": " ",
        "packageSize": "250g",
        "packagePrice": "$1.60 per 100G"
      }
    }
  },
  {
    "id": "creative-gourmet-frozen-lychees",
    "brand": "Creative Gourmet",
    "name": "Frozen Lychees",
    "imageUrl": "https://shop.coles.com.au/wcsstore/Coles-CAS/images/3/3/1/3311903-th.jpg",
    "categories": ["frozen"],
    "tags": ["frozen-fruit", "tropical"],
    "locations": {
      "vic": {
        "price": 5.65,
        "promoText": " ",
        "packageSize": "300g",
        "packagePrice": "$1.88 per 100G"
      }
    }
  },
  {
    "id": "serious-organic-frozen-bluebrerries",
    "brand": "Serious Organic",
    "name": "Frozen Blueberries",
    "imageUrl": "https://shop.coles.com.au/wcsstore/Coles-CAS/images/3/7/1/3717679-th.jpg",
    "categories": ["frozen"],
    "tags": ["frozen-fruit", "tropical"],
    "locations": {
      "vic": {
        "price": 6,
        "promoText": "Any 2 $10",
        "packageSize": "250g",
        "packagePrice": "$2.40 per 100G"
      }
    }
  },
  {
    "id": "coles-frozen-tropical-smoothie-mix",
    "brand": "Coles",
    "name": "Frozen Tropical Smoothie Mix",
    "imageUrl": "https://shop.coles.com.au/wcsstore/Coles-CAS/images/2/8/4/2849732-th.jpg",
    "categories": ["frozen"],
    "tags": ["frozen-fruit", "tropical"],
    "locations": {
      "vic": {
        "price": 4,
        "promoText": " ",
        "packageSize": "500g",
        "packagePrice": "$8.00 per 1Kg"
      }
    }
  },
  {
    "id": "serious-organic-frozen-raspberries",
    "brand": "Serious Organic",
    "name": "Frozen Raspberries",
    "imageUrl": "https://shop.coles.com.au/wcsstore/Coles-CAS/images/3/7/1/3717715-th.jpg",
    "categories": ["frozen"],
    "tags": ["frozen-fruit", "tropical"],
    "locations": {
      "vic": {
        "price": 6,
        "promoText": "Any 2 $10",
        "packageSize": "250g",
        "packagePrice": "$2.40 per 100G"
      }
    }
  },
  {
    "id": "serious-organic-mixed-berries",
    "brand": "Serious Organic",
    "name": "Mixed Berries",
    "imageUrl": "https://shop.coles.com.au/wcsstore/Coles-CAS/images/3/7/1/3717748-th.jpg",
    "categories": ["frozen"],
    "tags": ["frozen-fruit", "tropical"],
    "locations": {
      "vic": {
        "price": 6,
        "promoText": "Any 2 $10",
        "packageSize": "250g",
        "packagePrice": "$2.40 per 100G"
      }
    }
  },
  {
    "id": "serious-smoothies-bodyguard",
    "brand": "Serious Smoothies",
    "name": "Frozen Bodyguard Smoothies",
    "imageUrl": "https://shop.coles.com.au/wcsstore/Coles-CAS/images/3/1/6/3164671-th.jpg",
    "categories": ["frozen"],
    "tags": ["frozen-fruit", "tropical"],
    "locations": {
      "vic": {
        "price": 5,
        "promoText": " ",
        "packageSize": "250g",
        "packagePrice": "$2.00 per 100G"
      }
    }
  },
  {
    "id": "weis-frozen-yoghurt-mango-coconut",
    "brand": "Weis",
    "name": "Mango & Toasted Coconut Frozen Yoghurt",
    "imageUrl": "https://shop.coles.com.au/wcsstore/Coles-CAS/images/3/5/8/3582456-th.jpg",
    "categories": ["frozen"],
    "tags": ["ice-cream", "frozen-yoghurt"],
    "locations": {
      "vic": {
        "price": 6,
        "promoText": "$2.00 ",
        "packageSize": "1L",
        "packagePrice": "$6.00 per 1L"
      }
    }
  },
  {
    "id": "denada-ice-cream-vanilla",
    "brand": "Denada",
    "name": "Vanilla Ice Cream Tub",
    "imageUrl": "https://shop.coles.com.au/wcsstore/Coles-CAS/images/3/5/0/3508282-th.jpg",
    "categories": ["frozen"],
    "tags": ["ice-cream", "ice-cream-desserts"],
    "locations": {
      "vic": {
        "price": 11.5,
        "promoText": " ",
        "packageSize": "475mL",
        "packagePrice": "$2.42 per 100mL"
      }
    }
  },
  {
    "id": "streets-cornetto-vegan-ice-confection-mp4",
    "brand": "Streets",
    "name": "Cornetto Ice Cream 4 pack",
    "imageUrl": "https://shop.coles.com.au/wcsstore/Coles-CAS/images/3/5/7/3572850-th.jpg",
    "categories": ["frozen"],
    "tags": ["ice-cream", "ice-cream-desserts"],
    "locations": {
      "vic": {
        "price": 9,
        "promoText": " ",
        "packageSize": "360mL",
        "packagePrice": "$2.50 per 100mL"
      }
    }
  },
  {
    "id": "oreo-sandwich-cookie",
    "brand": "Oreo",
    "name": "Frozen Cookie Sandwich With Oreo Biscuit Pieces 4 pack",
    "imageUrl": "https://shop.coles.com.au/wcsstore/Coles-CAS/images/3/2/5/3251368-th.jpg",
    "categories": ["frozen"],
    "tags": ["ice-cream", "ice-cream-sticks"],
    "locations": {
      "vic": {
        "price": 6,
        "promoText": "$2.50 ",
        "packageSize": "440mL",
        "packagePrice": "$1.36 per 100mL"
      }
    }
  },
  {
    "id": "peters-drumstick-mini-boysenberry-6pk",
    "brand": "Peters",
    "name": "Drumstick Minis Boysenberry Swirl Ice Cream Cones 6 Pack",
    "imageUrl": "https://shop.coles.com.au/wcsstore/Coles-CAS/images/3/5/4/3542713-th.jpg",
    "categories": ["frozen"],
    "tags": ["ice-cream", "ice-cream-sticks"],
    "locations": {
      "vic": {
        "price": 8.4,
        "promoText": " ",
        "packageSize": "480mL",
        "packagePrice": "$1.75 per 100mL"
      }
    }
  },
  {
    "id": "coles-ice-cream-classic-almond-4-pack",
    "brand": "Coles",
    "name": "Creamy Vanilla With Classics Almond Ice Cream Sticks 4 pack",
    "imageUrl": "https://shop.coles.com.au/wcsstore/Coles-CAS/images/7/2/0/7203017-th.jpg",
    "categories": ["frozen"],
    "tags": ["ice-cream", "ice-cream-sticks"],
    "locations": {
      "vic": {
        "price": 3.8,
        "promoText": " ",
        "packageSize": "468mL",
        "packagePrice": "$0.81 per 100mL"
      }
    }
  },
  {
    "id": "coles-ice-cream-classic-caramel-vanilla-biscuit",
    "brand": "Coles",
    "name": "Ice Cream Classic Caramel & Vanilla Biscuit",
    "imageUrl": "https://shop.coles.com.au/wcsstore/Coles-CAS/images/3/6/7/3679332-th.jpg",
    "categories": ["frozen"],
    "tags": ["ice-cream", "ice-cream-sticks"],
    "locations": {
      "vic": {
        "price": 4,
        "promoText": " ",
        "packageSize": "400mL",
        "packagePrice": "$1.00 per 100mL"
      }
    }
  },
  {
    "id": "oreo-cone",
    "brand": "Oreo",
    "name": "Chocolate Wafer Ice Cream Cone With Oreo Biscuit Pieces 4 pack",
    "imageUrl": "https://shop.coles.com.au/wcsstore/Coles-CAS/images/3/2/5/3251437-th.jpg",
    "categories": ["frozen"],
    "tags": ["ice-cream", "ice-cream-sticks"],
    "locations": {
      "vic": {
        "price": 6,
        "promoText": "$2.50 ",
        "packageSize": "475mL",
        "packagePrice": "$1.26 per 100mL"
      }
    }
  },
  {
    "id": "peters-drumstick-messina-vegan-vanilla-choc-almond",
    "brand": "Peters",
    "name": "Drumstick Vegan Vanilla Choc Almond 4 Pack",
    "imageUrl": "https://shop.coles.com.au/wcsstore/Coles-CAS/images/3/7/1/3717169-th.jpg",
    "categories": ["frozen"],
    "tags": ["ice-cream", "ice-cream-sticks"],
    "locations": {
      "vic": {
        "price": 7,
        "promoText": "$3.00 ",
        "packageSize": "475mL",
        "packagePrice": "$1.47 per 100mL"
      }
    }
  },
  {
    "id": "yo-pro-frozen-dessert-chocolate-mint-4pk",
    "brand": "Yo Pro",
    "name": "Frozen Dessert Chocolate Mint 4 pack",
    "imageUrl": "https://shop.coles.com.au/wcsstore/Coles-CAS/images/3/7/8/3783822-th.jpg",
    "categories": ["frozen"],
    "tags": ["ice-cream", "ice-cream-sticks"],
    "locations": {
      "vic": {
        "price": 12,
        "promoText": " ",
        "packageSize": "540mL",
        "packagePrice": "$2.22 per 100mL"
      }
    }
  },
  {
    "id": "cadbury-picnic-stick-4pk",
    "brand": "Cadbury",
    "name": "Picnic Caramel Flavour Ice Cream Sticks 4 pack",
    "imageUrl": "https://shop.coles.com.au/wcsstore/Coles-CAS/images/3/5/4/3542270-th.jpg",
    "categories": ["frozen"],
    "tags": ["ice-cream", "ice-cream-sticks"],
    "locations": {
      "vic": {
        "price": 6,
        "promoText": "$2.50 ",
        "packageSize": "360mL",
        "packagePrice": "$1.67 per 100mL"
      }
    }
  },
  {
    "id": "coles-ice-cream-classic-vanilla-mini-6-pack",
    "brand": "Coles",
    "name": "Mini Classics Vanilla Ice Cream Sticks 6 pack",
    "imageUrl": "https://shop.coles.com.au/wcsstore/Coles-CAS/images/7/2/0/7202874-th.jpg",
    "categories": ["frozen"],
    "tags": ["ice-cream", "ice-cream-sticks"],
    "locations": {
      "vic": {
        "price": 4,
        "promoText": " ",
        "packageSize": "360mL",
        "packagePrice": "$1.11 per 100mL"
      }
    }
  },
  {
    "id": "coles-ice-cream-almond-mini-6-pack",
    "brand": "Coles",
    "name": "Creamy Vanilla With Mini Classics Almond Ice Cream Sticks 6 Pack",
    "imageUrl": "https://shop.coles.com.au/wcsstore/Coles-CAS/images/7/2/0/7202863-th.jpg",
    "categories": ["frozen"],
    "tags": ["ice-cream", "ice-cream-sticks"],
    "locations": {
      "vic": {
        "price": 4,
        "promoText": " ",
        "packageSize": "360mL",
        "packagePrice": "$1.11 per 100mL"
      }
    }
  },
  {
    "id": "coles-berry-biscuit-white-choc-classics",
    "brand": "Coles",
    "name": "Classics Berry Biscuit White Chocolate Ice Cream 4 pack",
    "imageUrl": "https://shop.coles.com.au/wcsstore/Coles-CAS/images/3/3/8/3380270-th.jpg",
    "categories": ["frozen"],
    "tags": ["ice-cream", "ice-cream-sticks"],
    "locations": {
      "vic": {
        "price": 4,
        "promoText": " ",
        "packageSize": "400mL",
        "packagePrice": "$1.00 per 100mL"
      }
    }
  },
  {
    "id": "peters-proud-punch-coconuts-for-mango",
    "brand": "Proud & Punch",
    "name": "Gluten Free Multiflavour Coconut Pops 6 Packs",
    "imageUrl": "https://shop.coles.com.au/wcsstore/Coles-CAS/images/3/2/5/3258662-th.jpg",
    "categories": ["frozen"],
    "tags": ["ice-cream", "ice-cream-sticks"],
    "locations": {
      "vic": {
        "price": 8,
        "promoText": " ",
        "packageSize": "450mL",
        "packagePrice": "$1.78 per 100mL"
      }
    }
  },
  {
    "id": "twisted-licks-99-sugar-fre-van-latte-stick-4pk",
    "brand": "Twisted Licks",
    "name": "99% Sugar Free Sticks Coffee Latte 4 Pack",
    "imageUrl": "https://shop.coles.com.au/wcsstore/Coles-CAS/images/3/7/7/3778072-th.jpg",
    "categories": ["frozen"],
    "tags": ["ice-cream", "ice-cream-sticks"],
    "locations": {
      "vic": {
        "price": 8.5,
        "promoText": " ",
        "packageSize": "355g",
        "packagePrice": "$2.39 per 100G"
      }
    }
  },
  {
    "id": "peters-connoisseur-sicilian-blood-orange-ice-cream-4-pack",
    "brand": "Connoisseur",
    "name": "Sicilian Blood Orange With Chocolate Gourmet Ice Cream Sticks 4 pack",
    "imageUrl": "https://shop.coles.com.au/wcsstore/Coles-CAS/images/2/4/0/2406979-th.jpg",
    "categories": ["frozen"],
    "tags": ["ice-cream", "ice-cream-sticks"],
    "locations": {
      "vic": {
        "price": 8.6,
        "promoText": " ",
        "packageSize": "455mL",
        "packagePrice": "$1.89 per 100mL"
      }
    }
  },
  {
    "id": "peters-connoisseur-montana-mountain-mint-ice-cream-4-pack",
    "brand": "Connoisseur",
    "name": "Mint With Cookies Gourmet Ice Cream Sticks 4 Pack",
    "imageUrl": "https://shop.coles.com.au/wcsstore/Coles-CAS/images/2/4/0/2406968-th.jpg",
    "categories": ["frozen"],
    "tags": ["ice-cream", "ice-cream-sticks"],
    "locations": {
      "vic": {
        "price": 8.6,
        "promoText": " ",
        "packageSize": "455mL",
        "packagePrice": "$1.89 per 100mL"
      }
    }
  },
  {
    "id": "peters-connoisseur-belgian-chocolate-hazelnut-ice-cream-4-pack",
    "brand": "Connoisseur",
    "name": "Belgian Chocolate Fudge With Hazelnut Gourmet Ice Cream Sticks 4 pack",
    "imageUrl": "https://shop.coles.com.au/wcsstore/Coles-CAS/images/2/7/5/2751707-th.jpg",
    "categories": ["frozen"],
    "tags": ["ice-cream", "ice-cream-sticks"],
    "locations": {
      "vic": {
        "price": 8.6,
        "promoText": " ",
        "packageSize": "456mL",
        "packagePrice": "$1.89 per 100mL"
      }
    }
  },
  {
    "id": "connoisseur-australian-wild-hibiscus-berry",
    "brand": "Connoisseur",
    "name": "Wild Hibiscus & Berry Gourmet Ice Cream Sticks 4 Pack",
    "imageUrl": "https://shop.coles.com.au/wcsstore/Coles-CAS/images/3/5/5/3554381-th.jpg",
    "categories": ["frozen"],
    "tags": ["ice-cream", "ice-cream-sticks"],
    "locations": {
      "vic": {
        "price": 8.6,
        "promoText": " ",
        "packageSize": "400mL",
        "packagePrice": "$2.15 per 100mL"
      }
    }
  },
  {
    "id": "hersheys-coolies-cream-sticks",
    "brand": "Hershey's",
    "name": "Frozen Cookies 'N' Crme Sticks",
    "imageUrl": "https://shop.coles.com.au/wcsstore/Coles-CAS/images/3/4/0/3407300-th.jpg",
    "categories": ["frozen"],
    "tags": ["ice-cream", "ice-cream-sticks"],
    "locations": {
      "vic": {
        "price": 8.5,
        "promoText": " ",
        "packageSize": "473mL",
        "packagePrice": "$1.80 per 100mL"
      }
    }
  },
  {
    "id": "magnum-luxe-ice-cream-chocolate-cake-batter-3pk",
    "brand": "Magnum",
    "name": "Chocolate Cake Batter Luxe Ice Cream 3 Pack",
    "imageUrl": "https://shop.coles.com.au/wcsstore/Coles-CAS/images/3/7/1/3713463-th.jpg",
    "categories": ["frozen"],
    "tags": ["ice-cream", "ice-cream-sticks"],
    "locations": {
      "vic": {
        "price": 9,
        "promoText": " ",
        "packageSize": "279mL",
        "packagePrice": "$3.23 per 100mL"
      }
    }
  },
  {
    "id": "strets-golden-gaytime-krispy-kreme-4pk",
    "brand": "Streets",
    "name": "Golden Gaytime Krispy Kreme 4 Pack",
    "imageUrl": "https://shop.coles.com.au/wcsstore/Coles-CAS/images/3/7/2/3720298-th.jpg",
    "categories": ["frozen"],
    "tags": ["ice-cream", "ice-cream-sticks"],
    "locations": {
      "vic": {
        "price": 8.5,
        "promoText": " ",
        "packageSize": "400mL",
        "packagePrice": "$2.13 per 100mL"
      }
    }
  },
  {
    "id": "bulla-murray-st-icecream-sticks-van-bean-choc-al",
    "brand": "Bulla",
    "name": "Murray St Vanilla Bean & Chocolate Almonds Ice cream Sticks 4 Pack",
    "imageUrl": "https://shop.coles.com.au/wcsstore/Coles-CAS/images/3/6/9/3697083-th.jpg",
    "categories": ["frozen"],
    "tags": ["ice-cream", "ice-cream-sticks"],
    "locations": {
      "vic": {
        "price": 10,
        "promoText": " ",
        "packageSize": "400mL",
        "packagePrice": "$2.50 per 100mL"
      }
    }
  },
  {
    "id": "coles-ice-cream-cones-vanilla",
    "brand": "Coles",
    "name": "Vanilla Ice Cream Cones 4 Pack",
    "imageUrl": "https://shop.coles.com.au/wcsstore/Coles-CAS/images/8/5/5/8559575-th.jpg",
    "categories": ["frozen"],
    "tags": ["ice-cream", "ice-cream-sticks"],
    "locations": {
      "vic": {
        "price": 3.5,
        "promoText": " ",
        "packageSize": "475mL",
        "packagePrice": "$0.74 per 100mL"
      }
    }
  },
  {
    "id": "peters-connoisseur-strawberries-and-cream",
    "brand": "Connoisseur",
    "name": "Tasmanian Strawberries With Cream Gourmet Ice Cream Sticks 4 Pack",
    "imageUrl": "https://shop.coles.com.au/wcsstore/Coles-CAS/images/3/2/5/3251244-th.jpg",
    "categories": ["frozen"],
    "tags": ["ice-cream", "ice-cream-sticks"],
    "locations": {
      "vic": {
        "price": 8.6,
        "promoText": " ",
        "packageSize": "455mL",
        "packagePrice": "$1.89 per 100mL"
      }
    }
  },
  {
    "id": "halo-top-sticks-peanut-butter-swirl",
    "brand": "Halo Top",
    "name": "Peanut Butter Swirl Ice Cream Sticks 4 Pack",
    "imageUrl": "https://shop.coles.com.au/wcsstore/Coles-CAS/images/3/5/7/3572634-th.jpg",
    "categories": ["frozen"],
    "tags": ["ice-cream", "ice-cream-sticks"],
    "locations": {
      "vic": {
        "price": 7,
        "promoText": "$2.00 ",
        "packageSize": "400mL",
        "packagePrice": "$1.75 per 100mL"
      }
    }
  },
  {
    "id": "magnum-luxe-ice-cream-raspberry-panna-cotta-3pk",
    "brand": "Magnum",
    "name": "Raspberry Panna Cotta Luxe Ice Cream",
    "imageUrl": "https://shop.coles.com.au/wcsstore/Coles-CAS/images/3/7/1/3713623-th.jpg",
    "categories": ["frozen"],
    "tags": ["ice-cream", "ice-cream-sticks"],
    "locations": {
      "vic": {
        "price": 9,
        "promoText": " ",
        "packageSize": "270mL",
        "packagePrice": "$3.33 per 100mL"
      }
    }
  },
  {
    "id": "peters-connoiseur-cokie-sandwich-tas-mint-choc",
    "brand": "Peters",
    "name": "Connoisseur Tasmanian Mint Chocolate Cookie Sandwich 4 Pack",
    "imageUrl": "https://shop.coles.com.au/wcsstore/Coles-CAS/images/3/7/1/3717227-th.jpg",
    "categories": ["frozen"],
    "tags": ["ice-cream", "ice-cream-sticks"],
    "locations": {
      "vic": {
        "price": 8.6,
        "promoText": " ",
        "packageSize": "480mL",
        "packagePrice": "$1.79 per 100mL"
      }
    }
  },
  {
    "id": "proud-punch-choc-banana-smoothie-pop",
    "brand": "Proud & Punch",
    "name": "Chocolate Banana Smoothie Pop 6 pack",
    "imageUrl": "https://shop.coles.com.au/wcsstore/Coles-CAS/images/3/6/2/3628014-th.jpg",
    "categories": ["frozen"],
    "tags": ["ice-cream", "ice-cream-sticks"],
    "locations": {
      "vic": {
        "price": 8,
        "promoText": " ",
        "packageSize": "450mL",
        "packagePrice": "$1.78 per 100mL"
      }
    }
  },
  {
    "id": "hersheys-reesess-peanut-butter-sticks",
    "brand": "Reese's",
    "name": "Peanut Butter Chocolate Ice Cream Sticks 4 pack",
    "imageUrl": "https://shop.coles.com.au/wcsstore/Coles-CAS/images/3/5/4/3544945-th.jpg",
    "categories": ["frozen"],
    "tags": ["ice-cream", "ice-cream-sticks"],
    "locations": {
      "vic": {
        "price": 8.5,
        "promoText": " ",
        "packageSize": "360mL",
        "packagePrice": "$2.36 per 100mL"
      }
    }
  },
  {
    "id": "strets-ice-confection-feast-triple-choc-mp4",
    "brand": "Streets",
    "name": "Ice Confection Feast Triple Choc Mp4",
    "imageUrl": "https://shop.coles.com.au/wcsstore/Coles-CAS/images/3/7/8/3789228-th.jpg",
    "categories": ["frozen"],
    "tags": ["ice-cream", "ice-cream-sticks"],
    "locations": {
      "vic": {
        "price": 8.5,
        "promoText": " ",
        "packageSize": "376mL",
        "packagePrice": "$2.26 per 100mL"
      }
    }
  },
  {
    "id": "bulla-murray-st-icecream-sticks-caramel-maple-maca",
    "brand": "Bulla",
    "name": "Murray St Caramel Maple Macadamia Ice Cream Sticks 4 pack",
    "imageUrl": "https://shop.coles.com.au/wcsstore/Coles-CAS/images/3/6/9/3697040-th.jpg",
    "categories": ["frozen"],
    "tags": ["ice-cream", "ice-cream-sticks"],
    "locations": {
      "vic": {
        "price": 10,
        "promoText": " ",
        "packageSize": "400mL",
        "packagePrice": "$2.50 per 100mL"
      }
    }
  },
  {
    "id": "cadbury-freddo-4pk-ice-cream",
    "brand": "Cadbury",
    "name": "Dairy Milk Freddo Vanilla & Chocolate Reduced Fat Ice Cream 4 Pack",
    "imageUrl": "https://shop.coles.com.au/wcsstore/Coles-CAS/images/3/5/4/3542702-th.jpg",
    "categories": ["frozen"],
    "tags": ["ice-cream", "ice-cream-sticks"],
    "locations": {
      "vic": {
        "price": 7,
        "promoText": " ",
        "packageSize": "328mL",
        "packagePrice": "$2.13 per 100mL"
      }
    }
  },
  {
    "id": "coles-ice-cream-caramel-latte-pops-8-pk",
    "brand": "Coles",
    "name": "Ice Cream Caramel Latte Pops 8 Pack",
    "imageUrl": "https://shop.coles.com.au/wcsstore/Coles-CAS/images/3/6/7/3679423-th.jpg",
    "categories": ["frozen"],
    "tags": ["ice-cream", "ice-cream-sticks"],
    "locations": {
      "vic": {
        "price": 5,
        "promoText": " ",
        "packageSize": "576mL",
        "packagePrice": "$0.87 per 100mL"
      }
    }
  },
  {
    "id": "coles-ice-cream-mythical-pops-10pk",
    "brand": "Coles",
    "name": "Mystical Pops Ice Cream Sticks 10 Pack",
    "imageUrl": "https://shop.coles.com.au/wcsstore/Coles-CAS/images/3/6/7/3679354-th.jpg",
    "categories": ["frozen"],
    "tags": ["ice-cream", "ice-cream-sticks"],
    "locations": {
      "vic": {
        "price": 5,
        "promoText": " ",
        "packageSize": "576mL",
        "packagePrice": "$0.87 per 100mL"
      }
    }
  },
  {
    "id": "peters-connoisseur-vanilla-ice-cream",
    "brand": "Connoisseur",
    "name": "Vanilla With Fresh Gourmet Ice Cream Sticks 4 pack",
    "imageUrl": "https://shop.coles.com.au/wcsstore/Coles-CAS/images/2/9/8/2982550-th.jpg",
    "categories": ["frozen"],
    "tags": ["ice-cream", "ice-cream-sticks"],
    "locations": {
      "vic": {
        "price": 8.6,
        "promoText": " ",
        "packageSize": "456mL",
        "packagePrice": "$1.89 per 100mL"
      }
    }
  },
  {
    "id": "connoisseur-australian-4p-wattleseed-hazelnut-stick",
    "brand": "Connoisseur",
    "name": "Wattleseed & Hazelnut Gourmet Ice Cream Sticks 4 Pack",
    "imageUrl": "https://shop.coles.com.au/wcsstore/Coles-CAS/images/3/5/4/3544480-th.jpg",
    "categories": ["frozen"],
    "tags": ["ice-cream", "ice-cream-sticks"],
    "locations": {
      "vic": {
        "price": 8.6,
        "promoText": " ",
        "packageSize": "400mL",
        "packagePrice": "$2.15 per 100mL"
      }
    }
  },
  {
    "id": "magnum-luxe-ice-cream-caramel-hazelnut-truffle",
    "brand": "Magnum",
    "name": "Caramel Hazelnut Truffle Luxe Ice Cream Sticks 3 Pack",
    "imageUrl": "https://shop.coles.com.au/wcsstore/Coles-CAS/images/3/7/1/3713452-th.jpg",
    "categories": ["frozen"],
    "tags": ["ice-cream", "ice-cream-sticks"],
    "locations": {
      "vic": {
        "price": 9,
        "promoText": " ",
        "packageSize": "270mL",
        "packagePrice": "$3.33 per 100mL"
      }
    }
  },
  {
    "id": "nestle-milky-bar-ice-cream-6pk",
    "brand": "Nestle",
    "name": "Milky Bar Ice Cream 6 Pack",
    "imageUrl": "https://shop.coles.com.au/wcsstore/Coles-CAS/images/3/7/1/3712380-th.jpg",
    "categories": ["frozen"],
    "tags": ["ice-cream", "ice-cream-sticks"],
    "locations": {
      "vic": {
        "price": 6,
        "promoText": "$2.50 ",
        "packageSize": "365mL",
        "packagePrice": "$1.64 per 100mL"
      }
    }
  },
  {
    "id": "nestle-maxibon-honeycomb-ice-cream",
    "brand": "Peters",
    "name": "Maxibon Honeycomb Flavour Ice Cream Bars 4 pack",
    "imageUrl": "https://shop.coles.com.au/wcsstore/Coles-CAS/images/9/9/2/9923630-th.jpg",
    "categories": ["frozen"],
    "tags": ["ice-cream", "ice-cream-sticks"],
    "locations": {
      "vic": {
        "price": 8.4,
        "promoText": " ",
        "packageSize": "620mL",
        "packagePrice": "$1.35 per 100mL"
      }
    }
  },
  {
    "id": "stsreets-dairy-free-magnum-classic-mps",
    "brand": "Streets",
    "name": "Dairy Free Magnum Classic 3 pack",
    "imageUrl": "https://shop.coles.com.au/wcsstore/Coles-CAS/images/3/3/9/3399347-th.jpg",
    "categories": ["frozen"],
    "tags": ["ice-cream", "ice-cream-sticks"],
    "locations": {
      "vic": {
        "price": 7,
        "promoText": " ",
        "packageSize": "270mL",
        "packagePrice": "$2.59 per 100mL"
      }
    }
  },
  {
    "id": "streets-magnum-double-dipped-duet-mp4",
    "brand": "Streets",
    "name": "Magnum Double Dipped Duet Ice Cream Sticks 4 pack",
    "imageUrl": "https://shop.coles.com.au/wcsstore/Coles-CAS/images/3/5/7/3572770-th.jpg",
    "categories": ["frozen"],
    "tags": ["ice-cream", "ice-cream-sticks"],
    "locations": {
      "vic": {
        "price": 6.5,
        "promoText": "$2.50 ",
        "packageSize": "340mL",
        "packagePrice": "$1.91 per 100mL"
      }
    }
  },
  {
    "id": "strets-blue-ribbon-protein-choc-mint-4pk",
    "brand": "Streets",
    "name": "Blue Ribbon Mint Protein Choc 4 Pack",
    "imageUrl": "https://shop.coles.com.au/wcsstore/Coles-CAS/images/3/7/1/3715731-th.jpg",
    "categories": ["frozen"],
    "tags": ["ice-cream", "ice-cream-sticks"],
    "locations": {
      "vic": {
        "price": 10,
        "promoText": " ",
        "packageSize": "268mL",
        "packagePrice": "$3.73 per 100mL"
      }
    }
  },
  {
    "id": "twisted-healthy-treats-priobiotic-choc-coconut",
    "brand": "Twisted Healthy Treats",
    "name": "Probiotic Power Multiflavour Lite Ice Cream Mini Cups 4 Pack",
    "imageUrl": "https://shop.coles.com.au/wcsstore/Coles-CAS/images/3/5/7/3579826-th.jpg",
    "categories": ["frozen"],
    "tags": ["ice-cream", "ice-cream-sticks"],
    "locations": {
      "vic": {
        "price": 9.5,
        "promoText": " ",
        "packageSize": "480mL",
        "packagePrice": "$1.98 per 100mL"
      }
    }
  },
  {
    "id": "ben-and-jerrys-ice-cream-choc-chip-cookies",
    "brand": "Ben & Jerry's",
    "name": "Chocolate Chip Cookie Dough Ice Cream Tub",
    "imageUrl": "https://shop.coles.com.au/wcsstore/Coles-CAS/images/7/8/0/7806125-th.jpg",
    "categories": ["frozen"],
    "tags": ["ice-cream", "ice-cream-tubs"],
    "locations": {
      "vic": {
        "price": 9,
        "promoText": "$3.00 ",
        "packageSize": "458mL",
        "packagePrice": "$1.97 per 100mL"
      }
    }
  },
  {
    "id": "ben-and-jerrys-the-tonight-dough-ice-cream",
    "brand": "Ben & Jerry's",
    "name": "The Tonight Dough Ice Cream Tub",
    "imageUrl": "https://shop.coles.com.au/wcsstore/Coles-CAS/images/2/7/5/2750930-th.jpg",
    "categories": ["frozen"],
    "tags": ["ice-cream", "ice-cream-tubs"],
    "locations": {
      "vic": {
        "price": 9,
        "promoText": "$3.00 ",
        "packageSize": "458mL",
        "packagePrice": "$1.97 per 100mL"
      }
    }
  },
  {
    "id": "connoisseur-australian-pint-flav-bush-honey",
    "brand": "Connoisseur",
    "name": "Bush Honey & Nougat Gourmet Ice Cream Tub",
    "imageUrl": "https://shop.coles.com.au/wcsstore/Coles-CAS/images/3/5/4/3544446-th.jpg",
    "categories": ["frozen"],
    "tags": ["ice-cream", "ice-cream-tubs"],
    "locations": {
      "vic": {
        "price": 5,
        "promoText": "$5.00 ",
        "packageSize": "470mL",
        "packagePrice": "$1.06 per 100mL"
      }
    }
  },
  {
    "id": "haagen-dazs-ice-cream-strawberries-and-cream",
    "brand": "Haagen-Dazs",
    "name": "Strawberries & Cream Ice Cream Tub",
    "imageUrl": "https://shop.coles.com.au/wcsstore/Coles-CAS/images/2/9/8/2983837-th.jpg",
    "categories": ["frozen"],
    "tags": ["ice-cream", "ice-cream-tubs"],
    "locations": {
      "vic": {
        "price": 11.5,
        "promoText": " ",
        "packageSize": "457mL",
        "packagePrice": "$2.52 per 100mL"
      }
    }
  },
  {
    "id": "coles-vanilla-ice-cream-2426251p",
    "brand": "Coles",
    "name": "Vanilla Bean Ice Cream Tub",
    "imageUrl": "https://shop.coles.com.au/wcsstore/Coles-CAS/images/2/4/2/2426251-th.jpg",
    "categories": ["frozen"],
    "tags": ["ice-cream", "ice-cream-tubs"],
    "locations": {
      "vic": {
        "price": 5,
        "promoText": " ",
        "packageSize": "1L",
        "packagePrice": "$5.00 per 1L"
      }
    }
  },
  {
    "id": "bulla-creamy-classic-boysenberry",
    "brand": "Bulla",
    "name": "Creamy Classics Vanilla & Boysenberry Ice Cream Tub",
    "imageUrl": "https://shop.coles.com.au/wcsstore/Coles-CAS/images/2/8/5/2858336-th.jpg",
    "categories": ["frozen"],
    "tags": ["ice-cream", "ice-cream-tubs"],
    "locations": {
      "vic": {
        "price": 6,
        "promoText": "$2.50 ",
        "packageSize": "2L",
        "packagePrice": "$0.30 per 100mL"
      }
    }
  },
  {
    "id": "halo-top-sea-salt-caramel",
    "brand": "Halo Top",
    "name": "Sea Salt Caramel Ice Cream Tub",
    "imageUrl": "https://shop.coles.com.au/wcsstore/Coles-CAS/images/3/1/4/3146862-th.jpg",
    "categories": ["frozen"],
    "tags": ["ice-cream", "ice-cream-tubs"],
    "locations": {
      "vic": {
        "price": 9,
        "promoText": " ",
        "packageSize": "473mL",
        "packagePrice": "$1.90 per 100mL"
      }
    }
  },
  {
    "id": "sara-lee-ice-cream-ultra-chocolate",
    "brand": "Sara Lee",
    "name": "Classic Ultra Chocolate Ice Cream",
    "imageUrl": "https://shop.coles.com.au/wcsstore/Coles-CAS/images/5/0/5/5050163-th.jpg",
    "categories": ["frozen"],
    "tags": ["ice-cream", "ice-cream-tubs"],
    "locations": {
      "vic": {
        "price": 6,
        "promoText": "$3.00 ",
        "packageSize": "1L",
        "packagePrice": "$0.60 per 100mL"
      }
    }
  },
  {
    "id": "bulla-murray-st-icecream-caramelised-peanut-britle",
    "brand": "Bulla",
    "name": "Murray St Caramelised Peanut Brittle Ice Cream Tub",
    "imageUrl": "https://shop.coles.com.au/wcsstore/Coles-CAS/images/3/6/9/3697017-th.jpg",
    "categories": ["frozen"],
    "tags": ["ice-cream", "ice-cream-tubs"],
    "locations": {
      "vic": {
        "price": 10,
        "promoText": " ",
        "packageSize": "460mL",
        "packagePrice": "$2.17 per 100mL"
      }
    }
  },
  {
    "id": "coles-ice-cream-premium-honey-caramel-macadamia",
    "brand": "Coles",
    "name": "Honey Caramel & Macadamia Ice Cream Tub",
    "imageUrl": "https://shop.coles.com.au/wcsstore/Coles-CAS/images/7/6/9/7695272-th.jpg",
    "categories": ["frozen"],
    "tags": ["ice-cream", "ice-cream-tubs"],
    "locations": {
      "vic": {
        "price": 5,
        "promoText": " ",
        "packageSize": "1L",
        "packagePrice": "$0.50 per 100mL"
      }
    }
  },
  {
    "id": "magnum-luxe-ice-cream-chocolate-ganache-tub",
    "brand": "Magnum",
    "name": "Chocolate Ganache Luxe Ice Cream Tub",
    "imageUrl": "https://shop.coles.com.au/wcsstore/Coles-CAS/images/3/7/1/3713645-th.jpg",
    "categories": ["frozen"],
    "tags": ["ice-cream", "ice-cream-tubs"],
    "locations": {
      "vic": {
        "price": 9,
        "promoText": " ",
        "packageSize": "440mL",
        "packagePrice": "$2.05 per 100mL"
      }
    }
  },
  {
    "id": "peters-connoisseur-ice-cream-strawberry",
    "brand": "Peters",
    "name": "Connoisseur Strawberry Ice Cream",
    "imageUrl": "https://shop.coles.com.au/wcsstore/Coles-CAS/images/3/7/1/3716508-th.jpg",
    "categories": ["frozen"],
    "tags": ["ice-cream", "ice-cream-tubs"],
    "locations": {
      "vic": {
        "price": 11,
        "promoText": " ",
        "packageSize": "1L",
        "packagePrice": "$1.10 per 100mL"
      }
    }
  },
  {
    "id": "streets-blue-ribbon-ice-cream-buttermilk-vanilla",
    "brand": "Blue Ribbon",
    "name": "Buttermilk Vanilla Ice Cream Tub",
    "imageUrl": "https://shop.coles.com.au/wcsstore/Coles-CAS/images/3/2/6/3266387-th.jpg",
    "categories": ["frozen"],
    "tags": ["ice-cream", "ice-cream-tubs"],
    "locations": {
      "vic": {
        "price": 6,
        "promoText": "Was $10.00 on Sep 2019 ",
        "packageSize": "1L",
        "packagePrice": "$0.60 per 100mL"
      }
    }
  },
  {
    "id": "coles-ice-cream-peanut-butter-3307713p",
    "brand": "Coles",
    "name": "Peanut Butter Ice Cream Tub",
    "imageUrl": "https://shop.coles.com.au/wcsstore/Coles-CAS/images/3/3/0/3307713-th.jpg",
    "categories": ["frozen"],
    "tags": ["ice-cream", "ice-cream-tubs"],
    "locations": {
      "vic": {
        "price": 5,
        "promoText": " ",
        "packageSize": "1L",
        "packagePrice": "$0.50 per 100mL"
      }
    }
  },
  {
    "id": "coles-belgian-choc-ripple-ice-cream-w-choc-swirl",
    "brand": "Coles",
    "name": "Belgian Chocolate Ripple Ice Cream Tub",
    "imageUrl": "https://shop.coles.com.au/wcsstore/Coles-CAS/images/3/5/4/3543192-th.jpg",
    "categories": ["frozen"],
    "tags": ["ice-cream", "ice-cream-tubs"],
    "locations": {
      "vic": {
        "price": 5,
        "promoText": " ",
        "packageSize": "1L",
        "packagePrice": "$5.00 per 1L"
      }
    }
  },
  {
    "id": "coles-ice-cream-mocha",
    "brand": "Coles",
    "name": "Mocha Ice Cream",
    "imageUrl": "https://shop.coles.com.au/wcsstore/Coles-CAS/images/3/6/7/3679321-th.jpg",
    "categories": ["frozen"],
    "tags": ["ice-cream", "ice-cream-tubs"],
    "locations": {
      "vic": {
        "price": 5,
        "promoText": " ",
        "packageSize": "1L",
        "packagePrice": "$5.00 per 1L"
      }
    }
  },
  {
    "id": "magnum-luxe-ice-cream-salted-caramel-tub",
    "brand": "Magnum",
    "name": "Salted Caramel Luxe Ice Cream Tub",
    "imageUrl": "https://shop.coles.com.au/wcsstore/Coles-CAS/images/3/7/1/3713634-th.jpg",
    "categories": ["frozen"],
    "tags": ["ice-cream", "ice-cream-tubs"],
    "locations": {
      "vic": {
        "price": 9,
        "promoText": " ",
        "packageSize": "440mL",
        "packagePrice": "$2.05 per 100mL"
      }
    }
  },
  {
    "id": "ben-and-jerrys-moophoria-pb-dough",
    "brand": "Ben & Jerry's",
    "name": "Moophoria PB Dough Ice Cream Tub",
    "imageUrl": "https://shop.coles.com.au/wcsstore/Coles-CAS/images/3/4/0/3402124-th.jpg",
    "categories": ["frozen"],
    "tags": ["ice-cream", "ice-cream-tubs"],
    "locations": {
      "vic": {
        "price": 9,
        "promoText": "$3.00 ",
        "packageSize": "458mL",
        "packagePrice": "$1.97 per 100mL"
      }
    }
  },
  {
    "id": "ben-jerrys-ice-cream-netflix-chill-d-pint",
    "brand": "Ben & Jerry's",
    "name": "Netflix & Chill'd Pint Ice Cream",
    "imageUrl": "https://shop.coles.com.au/wcsstore/Coles-CAS/images/3/7/1/3713317-th.jpg",
    "categories": ["frozen"],
    "tags": ["ice-cream", "ice-cream-tubs"],
    "locations": {
      "vic": {
        "price": 9,
        "promoText": "$3.00 ",
        "packageSize": "458mL",
        "packagePrice": "$1.97 per 100mL"
      }
    }
  },
  {
    "id": "peters-connoisseur-derwent-valley-raspberry-white-ice-cream",
    "brand": "Connoisseur",
    "name": "Derwent Valley Raspberry With White Gourmet Ice Cream Tub",
    "imageUrl": "https://shop.coles.com.au/wcsstore/Coles-CAS/images/2/4/4/2442735-th.jpg",
    "categories": ["frozen"],
    "tags": ["ice-cream", "ice-cream-tubs"],
    "locations": {
      "vic": {
        "price": 11,
        "promoText": " ",
        "packageSize": "1L",
        "packagePrice": "$1.10 per 100mL"
      }
    }
  },
  {
    "id": "halo-top-peanut-butter-cup",
    "brand": "Halo Top",
    "name": "Peanut Butter Ice Cream Tub",
    "imageUrl": "https://shop.coles.com.au/wcsstore/Coles-CAS/images/3/1/4/3146851-th.jpg",
    "categories": ["frozen"],
    "tags": ["ice-cream", "ice-cream-tubs"],
    "locations": {
      "vic": {
        "price": 9,
        "promoText": " ",
        "packageSize": "473mL",
        "packagePrice": "$1.90 per 100mL"
      }
    }
  },
  {
    "id": "pana-dairy-free-icecream-banana-and-caramel",
    "brand": "Pana Organic",
    "name": "Banana & Caramel Dairy Free Ice Cream Tub",
    "imageUrl": "https://shop.coles.com.au/wcsstore/Coles-CAS/images/3/5/8/3585160-th.jpg",
    "categories": ["frozen"],
    "tags": ["ice-cream", "ice-cream-tubs"],
    "locations": {
      "vic": {
        "price": 11,
        "promoText": " ",
        "packageSize": "475mL",
        "packagePrice": "$2.32 per 100mL"
      }
    }
  },
  {
    "id": "sara-lee-ice-cream-french-vanilla",
    "brand": "Sara Lee",
    "name": "Classic French Vanilla Ice Cream",
    "imageUrl": "https://shop.coles.com.au/wcsstore/Coles-CAS/images/5/0/5/5050130-th.jpg",
    "categories": ["frozen"],
    "tags": ["ice-cream", "ice-cream-tubs"],
    "locations": {
      "vic": {
        "price": 6,
        "promoText": "$3.00 ",
        "packageSize": "1L",
        "packagePrice": "$0.60 per 100mL"
      }
    }
  },
  {
    "id": "strets-blue-ribbon-chocolate-brownie",
    "brand": "Streets",
    "name": "Blue Ribbon Chocolate Brownie",
    "imageUrl": "https://shop.coles.com.au/wcsstore/Coles-CAS/images/3/7/1/3715710-th.jpg",
    "categories": ["frozen"],
    "tags": ["ice-cream", "ice-cream-tubs"],
    "locations": {
      "vic": {
        "price": 6,
        "promoText": "Was $10.00 on Jan 2020 ",
        "packageSize": "1L",
        "packagePrice": "$6.00 per 1L"
      }
    }
  },
  {
    "id": "ben-jerrys-cookie-dough-chocolate-chip",
    "brand": "Ben & Jerry's",
    "name": "Chocolate Chip Cookie Dough Core Milk Ice Cream Tub",
    "imageUrl": "https://shop.coles.com.au/wcsstore/Coles-CAS/images/3/5/7/3572656-th.jpg",
    "categories": ["frozen"],
    "tags": ["ice-cream", "ice-cream-tubs"],
    "locations": {
      "vic": {
        "price": 9,
        "promoText": "$3.00 ",
        "packageSize": "458mL",
        "packagePrice": "$1.97 per 100mL"
      }
    }
  },
  {
    "id": "ben-jerry-s-tub-ice-cream-salted-caramel",
    "brand": "Ben & Jerry's",
    "name": "Salted Caramel Ice Cream Tub",
    "imageUrl": "https://shop.coles.com.au/wcsstore/Coles-CAS/images/3/7/1/3713340-th.jpg",
    "categories": ["frozen"],
    "tags": ["ice-cream", "ice-cream-tubs"],
    "locations": {
      "vic": {
        "price": 9,
        "promoText": "$3.00 ",
        "packageSize": "458mL",
        "packagePrice": "$1.97 per 100mL"
      }
    }
  },
  {
    "id": "ben-jerry-s-non-dairy-choc-chip-cokie-dough",
    "brand": "Ben & Jerry's",
    "name": "Non Dairy Choc Chip Cookie Dough",
    "imageUrl": "https://shop.coles.com.au/wcsstore/Coles-CAS/images/3/7/1/3713350-th.jpg",
    "categories": ["frozen"],
    "tags": ["ice-cream", "ice-cream-tubs"],
    "locations": {
      "vic": {
        "price": 9,
        "promoText": "$3.00 ",
        "packageSize": "458mL",
        "packagePrice": "$1.97 per 100mL"
      }
    }
  },
  {
    "id": "streets-blue-ribbon-ice-cream-chocolate-3402226p",
    "brand": "Blue Ribbon",
    "name": "Creamy Chocolate Ice Cream Tub",
    "imageUrl": "https://shop.coles.com.au/wcsstore/Coles-CAS/images/3/4/0/3402226-th.jpg",
    "categories": ["frozen"],
    "tags": ["ice-cream", "ice-cream-tubs"],
    "locations": {
      "vic": {
        "price": 8,
        "promoText": " ",
        "packageSize": "460mL",
        "packagePrice": "$1.74 per 100mL"
      }
    }
  },
  {
    "id": "cadbury-dairy-milk-vanilla-ice-cream",
    "brand": "Cadbury",
    "name": "Dairy Milk Vanilla Ice Cream Tub",
    "imageUrl": "https://shop.coles.com.au/wcsstore/Coles-CAS/images/3/6/2/3627984-th.jpg",
    "categories": ["frozen"],
    "tags": ["ice-cream", "ice-cream-tubs"],
    "locations": {
      "vic": {
        "price": 6,
        "promoText": "$3.00 ",
        "packageSize": "1.2L",
        "packagePrice": "$0.50 per 100mL"
      }
    }
  },
  {
    "id": "coles-ultimate-icecream-chocolate-brownie",
    "brand": "Coles",
    "name": "Ultimate Double Chocolate Brownie Ice Cream Tub",
    "imageUrl": "https://shop.coles.com.au/wcsstore/Coles-CAS/images/3/2/4/3245376-th.jpg",
    "categories": ["frozen"],
    "tags": ["ice-cream", "ice-cream-tubs"],
    "locations": {
      "vic": {
        "price": 6,
        "promoText": " ",
        "packageSize": "473mL",
        "packagePrice": "$1.27 per 100mL"
      }
    }
  },
  {
    "id": "hagen-dazs-mini-cup-classic-collection-4pk",
    "brand": "Haagen-Dazs",
    "name": "Mini Cup Classic Collection 4 pack",
    "imageUrl": "https://shop.coles.com.au/wcsstore/Coles-CAS/images/2/9/8/2983860-th.jpg",
    "categories": ["frozen"],
    "tags": ["ice-cream", "ice-cream-tubs"],
    "locations": {
      "vic": {
        "price": 12.5,
        "promoText": " ",
        "packageSize": "380mL",
        "packagePrice": "$3.29 per 100mL"
      }
    }
  },
  {
    "id": "streets-blue-ribbon-neapolitan",
    "brand": "Blue Ribbon",
    "name": "Classic Neapolitan Ice Cream Tub",
    "imageUrl": "https://shop.coles.com.au/wcsstore/Coles-CAS/images/3/2/5/3252804-th.jpg",
    "categories": ["frozen"],
    "tags": ["ice-cream", "ice-cream-tubs"],
    "locations": {
      "vic": {
        "price": 4.9,
        "promoText": " ",
        "packageSize": "2L",
        "packagePrice": "$0.25 per 100mL"
      }
    }
  },
  {
    "id": "coles-ultimate-icecream-peanut-butter-cups",
    "brand": "Coles",
    "name": "Ultimate Peanut Butter Cups Ice Cream Tubs",
    "imageUrl": "https://shop.coles.com.au/wcsstore/Coles-CAS/images/3/2/4/3245343-th.jpg",
    "categories": ["frozen"],
    "tags": ["ice-cream", "ice-cream-tubs"],
    "locations": {
      "vic": {
        "price": 6,
        "promoText": " ",
        "packageSize": "473mL",
        "packagePrice": "$1.27 per 100mL"
      }
    }
  },
  {
    "id": "coles-df-coconut-mango-passionfruit-frozn-desert",
    "brand": "Coles",
    "name": "Dairy Free Coconut & Mango With a Passionfruit Swirl Frozen Dessert Tub",
    "imageUrl": "https://shop.coles.com.au/wcsstore/Coles-CAS/images/3/5/7/3573535-th.jpg",
    "categories": ["frozen"],
    "tags": ["ice-cream", "ice-cream-tubs"],
    "locations": {
      "vic": {
        "price": 6,
        "promoText": " ",
        "packageSize": "473mL",
        "packagePrice": "$1.27 per 100mL"
      }
    }
  },
  {
    "id": "peters-light-creamy-ice-cream-raspberry-ripple",
    "brand": "Peters",
    "name": "Light & Creamy Raspberry Ripple Fat Free Ice Cream Tub",
    "imageUrl": "https://shop.coles.com.au/wcsstore/Coles-CAS/images/7/2/0/7207030-th.jpg",
    "categories": ["frozen"],
    "tags": ["ice-cream", "ice-cream-tubs"],
    "locations": {
      "vic": {
        "price": 4,
        "promoText": "$1.00 ",
        "packageSize": "1.8L",
        "packagePrice": "$2.22 per 1L"
      }
    }
  },
  {
    "id": "strets-blue-ribbon-caramel-crunch",
    "brand": "Streets",
    "name": "Blue Ribbon Sticky Honeycomb Caramel Ice Cream",
    "imageUrl": "https://shop.coles.com.au/wcsstore/Coles-CAS/images/3/7/1/3715720-th.jpg",
    "categories": ["frozen"],
    "tags": ["ice-cream", "ice-cream-tubs"],
    "locations": {
      "vic": {
        "price": 6,
        "promoText": "Was $10.00 on Jan 2020 ",
        "packageSize": "1L",
        "packagePrice": "$0.60 per 100mL"
      }
    }
  },
  {
    "id": "ben-jerry-s-ice-cream-chip-happens",
    "brand": "Ben & Jerry's",
    "name": "Ice Cream Chip Happens",
    "imageUrl": "https://shop.coles.com.au/wcsstore/Coles-CAS/images/3/7/6/3767021-th.jpg",
    "categories": ["frozen"],
    "tags": ["ice-cream", "ice-cream-tubs"],
    "locations": {
      "vic": {
        "price": 9,
        "promoText": "$3.00 ",
        "packageSize": "458mL",
        "packagePrice": "$1.97 per 100mL"
      }
    }
  },
  {
    "id": "bulla-murray-st-icecream-vanilla-bean-choc-alm",
    "brand": "Bulla",
    "name": "Murray St Vanilla Bean & Chocolate Almond Ice Cream Tub",
    "imageUrl": "https://shop.coles.com.au/wcsstore/Coles-CAS/images/3/6/9/3697006-th.jpg",
    "categories": ["frozen"],
    "tags": ["ice-cream", "ice-cream-tubs"],
    "locations": {
      "vic": {
        "price": 10,
        "promoText": " ",
        "packageSize": "460mL",
        "packagePrice": "$2.17 per 100mL"
      }
    }
  },
  {
    "id": "cadbury-crunchie-ice-cram",
    "brand": "Cadbury",
    "name": "Crunchie Honeycomb And Chocolate Flavour Ice Cream Tub",
    "imageUrl": "https://shop.coles.com.au/wcsstore/Coles-CAS/images/3/6/2/3626380-th.jpg",
    "categories": ["frozen"],
    "tags": ["ice-cream", "ice-cream-tubs"],
    "locations": {
      "vic": {
        "price": 6,
        "promoText": "$3.00 ",
        "packageSize": "1.2L",
        "packagePrice": "$0.50 per 100mL"
      }
    }
  },
  {
    "id": "coles-ice-cream-rum-raisin",
    "brand": "Coles",
    "name": "Rum & Raisin Ice Cream Tub",
    "imageUrl": "https://shop.coles.com.au/wcsstore/Coles-CAS/images/8/5/5/8554130-th.jpg",
    "categories": ["frozen"],
    "tags": ["ice-cream", "ice-cream-tubs"],
    "locations": {
      "vic": {
        "price": 5,
        "promoText": " ",
        "packageSize": "1L",
        "packagePrice": "$5.00 per 1L"
      }
    }
  },
  {
    "id": "coles-ultimate-ice-cream-rocky-road-6pk",
    "brand": "Coles",
    "name": "Ultimate Rocky Road Ice Cream",
    "imageUrl": "https://shop.coles.com.au/wcsstore/Coles-CAS/images/3/6/7/3679263-th.jpg",
    "categories": ["frozen"],
    "tags": ["ice-cream", "ice-cream-tubs"],
    "locations": {
      "vic": {
        "price": 6,
        "promoText": " ",
        "packageSize": "473mL",
        "packagePrice": "$1.27 per 100mL"
      }
    }
  },
  {
    "id": "halo-top-icecream-chocolate",
    "brand": "Halo Top",
    "name": "Chocolate Ice Cream Tub",
    "imageUrl": "https://shop.coles.com.au/wcsstore/Coles-CAS/images/3/1/4/3146884-th.jpg",
    "categories": ["frozen"],
    "tags": ["ice-cream", "ice-cream-tubs"],
    "locations": {
      "vic": {
        "price": 9,
        "promoText": " ",
        "packageSize": "473mL",
        "packagePrice": "$1.90 per 100mL"
      }
    }
  },
  {
    "id": "halo-top-dairy-free-choc-chip-cookie-dough-3406103p",
    "brand": "Halo Top",
    "name": "Chocolate Chip Cookie Dough Ice Cream Tub",
    "imageUrl": "https://shop.coles.com.au/wcsstore/Coles-CAS/images/3/4/0/3406103-th.jpg",
    "categories": ["frozen"],
    "tags": ["ice-cream", "ice-cream-tubs"],
    "locations": {
      "vic": {
        "price": 9,
        "promoText": " ",
        "packageSize": "473mL",
        "packagePrice": "$1.90 per 100mL"
      }
    }
  },
  {
    "id": "pana-mint-choc-chip-ice-cream-475-ml",
    "brand": "Pana Organic",
    "name": "Dairy Free Mint Chocolate Chip Ice Cream Tub",
    "imageUrl": "https://shop.coles.com.au/wcsstore/Coles-CAS/images/3/2/4/3249800-th.jpg",
    "categories": ["frozen"],
    "tags": ["ice-cream", "ice-cream-tubs"],
    "locations": {
      "vic": {
        "price": 11,
        "promoText": " ",
        "packageSize": "475mL",
        "packagePrice": "$2.32 per 100mL"
      }
    }
  },
  {
    "id": "peters-light-creamy-ice-cream-classic-vanilla",
    "brand": "Peters",
    "name": "Light & Creamy Classic Vanilla Ice Cream Tub",
    "imageUrl": "https://shop.coles.com.au/wcsstore/Coles-CAS/images/7/2/0/7206977-th.jpg",
    "categories": ["frozen"],
    "tags": ["ice-cream", "ice-cream-tubs"],
    "locations": {
      "vic": {
        "price": 4,
        "promoText": "$1.00 ",
        "packageSize": "1.8L",
        "packagePrice": "$0.22 per 100mL"
      }
    }
  },
  {
    "id": "hersheys-reeses-peanut-butter-tub",
    "brand": "Reese's",
    "name": "Peanut Butter Chocolate Ice Cream Tub",
    "imageUrl": "https://shop.coles.com.au/wcsstore/Coles-CAS/images/3/4/0/3407274-th.jpg",
    "categories": ["frozen"],
    "tags": ["ice-cream", "ice-cream-tubs"],
    "locations": {
      "vic": {
        "price": 8.5,
        "promoText": " ",
        "packageSize": "473mL",
        "packagePrice": "$1.80 per 100mL"
      }
    }
  },
  {
    "id": "sara-lee-ice-cream-dulce-de-leche",
    "brand": "Sara Lee",
    "name": "Dulce De Leche Ice Cream Tub",
    "imageUrl": "https://shop.coles.com.au/wcsstore/Coles-CAS/images/3/5/8/3582048-th.jpg",
    "categories": ["frozen"],
    "tags": ["ice-cream", "ice-cream-tubs"],
    "locations": {
      "vic": {
        "price": 6,
        "promoText": "$3.00 ",
        "packageSize": "1L",
        "packagePrice": "$6.00 per 1L"
      }
    }
  },
  {
    "id": "so-god-frozen-icecream-mango-bliss",
    "brand": "So Good",
    "name": "Dairy Free Mango Bliss Ice Cream",
    "imageUrl": "https://shop.coles.com.au/wcsstore/Coles-CAS/images/3/7/1/3717635-th.jpg",
    "categories": ["frozen"],
    "tags": ["ice-cream", "ice-cream-tubs"],
    "locations": {
      "vic": {
        "price": 6.6,
        "promoText": " ",
        "packageSize": "1L",
        "packagePrice": "$0.66 per 100mL"
      }
    }
  },
  {
    "id": "strets-blue-ribbon-ice-cream-banana-split",
    "brand": "Streets",
    "name": "Blue Ribbon Banana Split Ice Cream",
    "imageUrl": "https://shop.coles.com.au/wcsstore/Coles-CAS/images/3/7/1/3713656-th.jpg",
    "categories": ["frozen"],
    "tags": ["ice-cream", "ice-cream-tubs"],
    "locations": {
      "vic": {
        "price": 6,
        "promoText": "Was $10.00 on Jan 2020 ",
        "packageSize": "1L",
        "packagePrice": "$6.00 per 1L"
      }
    }
  },
  {
    "id": "on-the-menu-hotcakes-with-maple-syrup",
    "brand": "On The Menu",
    "name": "Frozen Hot Cakes With Maple Flavoured Syrup",
    "imageUrl": "https://shop.coles.com.au/wcsstore/Coles-CAS/images/3/2/2/3222982-th.jpg",
    "categories": ["frozen"],
    "tags": ["frozen-meat", "bef-pork"],
    "locations": {
      "vic": {
        "price": 3.8,
        "promoText": " ",
        "packageSize": "120g",
        "packagePrice": "$3.17 per 100G"
      }
    }
  },
  {
    "id": "on-the-menu-pulled-pork-bun",
    "brand": "On The Menu",
    "name": "Frozen Pulled Pork Bun",
    "imageUrl": "https://shop.coles.com.au/wcsstore/Coles-CAS/images/3/2/2/3223012-th.jpg",
    "categories": ["frozen"],
    "tags": ["frozen-meat", "bef-pork"],
    "locations": {
      "vic": {
        "price": 4,
        "promoText": " ",
        "packageSize": "140g",
        "packagePrice": "$2.86 per 100G"
      }
    }
  },
  {
    "id": "coles-cheeseburger-chips",
    "brand": "Coles",
    "name": "Frozen Cheeseburger Beef Chips",
    "imageUrl": "https://shop.coles.com.au/wcsstore/Coles-CAS/images/3/2/5/3258221-th.jpg",
    "categories": ["frozen"],
    "tags": ["frozen-meat", "burgers"],
    "locations": {
      "vic": {
        "price": 5,
        "promoText": " ",
        "packageSize": "275g",
        "packagePrice": "$1.82 per 100G"
      }
    }
  },
  {
    "id": "ready-go-eat-roll-roast-chicken-frozen",
    "brand": "On The Menu",
    "name": "Frozen Chicken Roll Roast",
    "imageUrl": "https://shop.coles.com.au/wcsstore/Coles-CAS/images/6/9/5/6957191-th.jpg",
    "categories": ["frozen"],
    "tags": ["frozen-meat", "burgers"],
    "locations": {
      "vic": {
        "price": 4,
        "promoText": " ",
        "packageSize": "179g",
        "packagePrice": "$2.23 per 100G"
      }
    }
  },
  {
    "id": "ready-go-eat-on-the-menu-burger-chicken-fillet-frozen",
    "brand": "On The Menu",
    "name": "Frozen Chicken Fillet Burger",
    "imageUrl": "https://shop.coles.com.au/wcsstore/Coles-CAS/images/6/9/5/6957090-th.jpg",
    "categories": ["frozen"],
    "tags": ["frozen-meat", "burgers"],
    "locations": {
      "vic": {
        "price": 3.15,
        "promoText": " ",
        "packageSize": "165g",
        "packagePrice": "$1.91 per 100G"
      }
    }
  },
  {
    "id": "steggles-crunch-burger",
    "brand": "Steggles",
    "name": "Crunch Burger",
    "imageUrl": "https://shop.coles.com.au/wcsstore/Coles-CAS/images/3/5/1/3511505-th.jpg",
    "categories": ["frozen"],
    "tags": ["frozen-meat", "burgers"],
    "locations": {
      "vic": {
        "price": 4,
        "promoText": "$4.00 ",
        "packageSize": "340g",
        "packagePrice": "$11.76 per 1Kg"
      }
    }
  },
  {
    "id": "coles-australian-beef-burgers",
    "brand": "Coles",
    "name": "Frozen Beef Burgers 10 pack",
    "imageUrl": "https://shop.coles.com.au/wcsstore/Coles-CAS/images/2/7/0/2700580-th.jpg",
    "categories": ["frozen"],
    "tags": ["frozen-meat", "burgers"],
    "locations": {
      "vic": {
        "price": 8.4,
        "promoText": " ",
        "packageSize": "800g",
        "packagePrice": "$10.50 per 1Kg"
      }
    }
  },
  {
    "id": "lilydale-parmesan-herb-schnitzel",
    "brand": "Lilydale",
    "name": "Frozen Free Range Herb & Parmesan Baked Chicken Schnitzels",
    "imageUrl": "https://shop.coles.com.au/wcsstore/Coles-CAS/images/3/0/8/3081814-th.jpg",
    "categories": ["frozen"],
    "tags": ["frozen-meat", "chicken-pieces-nuggets"],
    "locations": {
      "vic": {
        "price": 7.6,
        "promoText": "$1.90 ",
        "packageSize": "400g",
        "packagePrice": "$19.00 per 1Kg"
      }
    }
  },
  {
    "id": "coles-kiev-chicken-frozen",
    "brand": "Coles",
    "name": "Frozen Chicken Breast Kiev 2 pack",
    "imageUrl": "https://shop.coles.com.au/wcsstore/Coles-CAS/images/5/4/2/5428264-th.jpg",
    "categories": ["frozen"],
    "tags": ["frozen-meat", "chicken-pieces-nuggets"],
    "locations": {
      "vic": {
        "price": 5.5,
        "promoText": " ",
        "packageSize": "350g",
        "packagePrice": "$1.57 per 100G"
      }
    }
  },
  {
    "id": "coles-corn-chip-crumbed-tenders",
    "brand": "Coles",
    "name": "Frozen Corn Chip Crumbed Chicken Tenders",
    "imageUrl": "https://shop.coles.com.au/wcsstore/Coles-CAS/images/3/1/8/3186186-th.jpg",
    "categories": ["frozen"],
    "tags": ["frozen-meat", "chicken-pieces-nuggets"],
    "locations": {
      "vic": {
        "price": 6.15,
        "promoText": " ",
        "packageSize": "400g",
        "packagePrice": "$15.38 per 1Kg"
      }
    }
  },
  {
    "id": "coles-honey-soy-chicken-wing-nibbles",
    "brand": "Coles",
    "name": "Frozen  RSPCA Approved Honey Soy Chicken Wing Nibbles",
    "imageUrl": "https://shop.coles.com.au/wcsstore/Coles-CAS/images/3/1/8/3186109-th.jpg",
    "categories": ["frozen"],
    "tags": ["frozen-meat", "chicken-pieces-nuggets"],
    "locations": {
      "vic": {
        "price": 6.6,
        "promoText": " ",
        "packageSize": "550g",
        "packagePrice": "$12.00 per 1Kg"
      }
    }
  },
  {
    "id": "coles-roast-garlic-chicken-wing-nibbles",
    "brand": "Coles",
    "name": "Frozen Roast Garlic Chicken Wing Nibbles",
    "imageUrl": "https://shop.coles.com.au/wcsstore/Coles-CAS/images/3/1/8/3186131-th.jpg",
    "categories": ["frozen"],
    "tags": ["frozen-meat", "chicken-pieces-nuggets"],
    "locations": {
      "vic": {
        "price": 6.6,
        "promoText": " ",
        "packageSize": "550g",
        "packagePrice": "$12.00 per 1Kg"
      }
    }
  },
  {
    "id": "coles-garlic-herb-chicken-schnitzel",
    "brand": "Coles",
    "name": "Frozen Herb & Garlic Chicken Schnitzels 2 Pack",
    "imageUrl": "https://shop.coles.com.au/wcsstore/Coles-CAS/images/3/1/8/3186153-th.jpg",
    "categories": ["frozen"],
    "tags": ["frozen-meat", "chicken-pieces-nuggets"],
    "locations": {
      "vic": {
        "price": 7.7,
        "promoText": " ",
        "packageSize": "380g",
        "packagePrice": "$20.26 per 1Kg"
      }
    }
  },
  {
    "id": "lilydale-chicken-breast-sea-salt-cracked-pepper",
    "brand": "Lilydale",
    "name": "Chicken Breast Sea Salt & Cracked Pepper",
    "imageUrl": "https://shop.coles.com.au/wcsstore/Coles-CAS/images/3/7/3/3736538-th.jpg",
    "categories": ["frozen"],
    "tags": ["frozen-meat", "chicken-pieces-nuggets"],
    "locations": {
      "vic": {
        "price": 7.6,
        "promoText": "$1.90 ",
        "packageSize": "400g",
        "packagePrice": "$19.00 per 1Kg"
      }
    }
  },
  {
    "id": "lilydale-chicken-breast-bites-ciabatta-herb",
    "brand": "Lilydale",
    "name": "Chicken Breast Bites Ciabatta & Herb",
    "imageUrl": "https://shop.coles.com.au/wcsstore/Coles-CAS/images/3/7/3/3736527-th.jpg",
    "categories": ["frozen"],
    "tags": ["frozen-meat", "chicken-pieces-nuggets"],
    "locations": {
      "vic": {
        "price": 7.6,
        "promoText": "$1.90 ",
        "packageSize": "400g",
        "packagePrice": "$19.00 per 1Kg"
      }
    }
  },
  {
    "id": "steggles-chicken-breast-fingers-salt-pepper-frozen",
    "brand": "Steggles",
    "name": "Frozen Salt & Pepper Chicken Breast Fingers",
    "imageUrl": "https://shop.coles.com.au/wcsstore/Coles-CAS/images/6/6/3/6632200-th.jpg",
    "categories": ["frozen"],
    "tags": ["frozen-meat", "chicken-pieces-nuggets"],
    "locations": {
      "vic": {
        "price": 8.5,
        "promoText": " ",
        "packageSize": "400g",
        "packagePrice": "$21.25 per 1Kg"
      }
    }
  },
  {
    "id": "coles-chicken-gravy-kiev",
    "brand": "Coles",
    "name": "Frozen Chicken Breast Gravy Kiev 2 pack",
    "imageUrl": "https://shop.coles.com.au/wcsstore/Coles-CAS/images/3/1/8/3186164-th.jpg",
    "categories": ["frozen"],
    "tags": ["frozen-meat", "chicken-pieces-nuggets"],
    "locations": {
      "vic": {
        "price": 7.7,
        "promoText": " ",
        "packageSize": "350g",
        "packagePrice": "$2.20 per 100G"
      }
    }
  },
  {
    "id": "steggles-chicken-pieces-frozen",
    "brand": "Steggles",
    "name": "Frozen Chicken Pieces",
    "imageUrl": "https://shop.coles.com.au/wcsstore/Coles-CAS/images/5/1/1/5114914-th.jpg",
    "categories": ["frozen"],
    "tags": ["frozen-meat", "chicken-pieces-nuggets"],
    "locations": {
      "vic": {
        "price": 4,
        "promoText": " ",
        "packageSize": "1kg",
        "packagePrice": "$4.00 per 1Kg"
      }
    }
  },
  {
    "id": "steggles-sweet-chilli-chiken-strips",
    "brand": "Steggles",
    "name": "Frozen Sweet Chilli Chicken Fingers",
    "imageUrl": "https://shop.coles.com.au/wcsstore/Coles-CAS/images/2/7/1/2719985-th.jpg",
    "categories": ["frozen"],
    "tags": ["frozen-meat", "chicken-pieces-nuggets"],
    "locations": {
      "vic": {
        "price": 8.5,
        "promoText": " ",
        "packageSize": "400g",
        "packagePrice": "$21.25 per 1Kg"
      }
    }
  },
  {
    "id": "coles-chicken-schnitzel",
    "brand": "Coles",
    "name": "Frozen Chicken Breast Schnitzel Crumb 2 pack",
    "imageUrl": "https://shop.coles.com.au/wcsstore/Coles-CAS/images/3/1/8/3187531-th.jpg",
    "categories": ["frozen"],
    "tags": ["frozen-meat", "chicken-pieces-nuggets"],
    "locations": {
      "vic": {
        "price": 5,
        "promoText": " ",
        "packageSize": "300g",
        "packagePrice": "$1.67 per 100G"
      }
    }
  },
  {
    "id": "lilydale-chicken-tenders-mexican-spiced",
    "brand": "Lilydale",
    "name": "Frozen Free Range Mexican Spiced Baked Chicken",
    "imageUrl": "https://shop.coles.com.au/wcsstore/Coles-CAS/images/3/0/8/3081745-th.jpg",
    "categories": ["frozen"],
    "tags": ["frozen-meat", "chicken-pieces-nuggets"],
    "locations": {
      "vic": {
        "price": 0,
        "promoText": " ",
        "packageSize": "350g",
        "packagePrice": ""
      }
    }
  },
  {
    "id": "steggles-turkey-breast-roast-frozen",
    "brand": "Steggles",
    "name": "Frozen Turkey Breast Roast",
    "imageUrl": "https://shop.coles.com.au/wcsstore/Coles-CAS/images/5/5/8/5588646-th.jpg",
    "categories": ["frozen"],
    "tags": ["frozen-meat", "whole-birds-roasts"],
    "locations": {
      "vic": {
        "price": 12.5,
        "promoText": "$9.50 ",
        "packageSize": "1kg",
        "packagePrice": "$12.50 per 1Kg"
      }
    }
  },
  {
    "id": "buono-mochi-ice-mango-3785759p",
    "brand": "Buono",
    "name": "Mochi Ice Mango",
    "imageUrl": "https://shop.coles.com.au/wcsstore/ColesResponsiveStorefrontAssetStore/dist/ccfc54aed6e361b650bcf0582f7b576b/img/img_product-placeholder.png",
    "categories": ["frozen"],
    "tags": ["frozen-meat", "whole-birds-roasts"],
    "locations": {
      "vic": {
        "price": 5.6,
        "promoText": "$1.40 ",
        "packageSize": "156g",
        "packagePrice": "$3.59 per 100G"
      }
    }
  },
  {
    "id": "buono-boru-boru-thai-tea-dessert",
    "brand": "Buono",
    "name": "Boru Boru Thai Tea Non-Dairy Dessert",
    "imageUrl": "https://shop.coles.com.au/wcsstore/ColesResponsiveStorefrontAssetStore/dist/ccfc54aed6e361b650bcf0582f7b576b/img/img_product-placeholder.png",
    "categories": ["frozen"],
    "tags": ["frozen-meat", "whole-birds-roasts"],
    "locations": {
      "vic": {
        "price": 8,
        "promoText": "$2.00 ",
        "packageSize": "473g",
        "packagePrice": "$1.69 per 100G"
      }
    }
  },
  {
    "id": "buono-mochi-ice-chocolate-3785760p",
    "brand": "Buono",
    "name": "Mochi Ice Chocolate",
    "imageUrl": "https://shop.coles.com.au/wcsstore/ColesResponsiveStorefrontAssetStore/dist/ccfc54aed6e361b650bcf0582f7b576b/img/img_product-placeholder.png",
    "categories": ["frozen"],
    "tags": ["frozen-meat", "whole-birds-roasts"],
    "locations": {
      "vic": {
        "price": 5.6,
        "promoText": "$1.40 ",
        "packageSize": "156g",
        "packagePrice": "$3.59 per 100G"
      }
    }
  },
  {
    "id": "buono-boru-boru-genmaicha-dessert",
    "brand": "Buono",
    "name": "Boru Boru Genmaicha Non-Dairy Dessert",
    "imageUrl": "https://shop.coles.com.au/wcsstore/ColesResponsiveStorefrontAssetStore/dist/ccfc54aed6e361b650bcf0582f7b576b/img/img_product-placeholder.png",
    "categories": ["frozen"],
    "tags": ["frozen-meat", "whole-birds-roasts"],
    "locations": {
      "vic": {
        "price": 8,
        "promoText": "$2.00 ",
        "packageSize": "473g",
        "packagePrice": "$1.69 per 100G"
      }
    }
  },
  {
    "id": "hanabi-chese-seafod-tofu",
    "brand": "Hanabi",
    "name": "Cheese Seafood Tofu",
    "imageUrl": "https://shop.coles.com.au/wcsstore/ColesResponsiveStorefrontAssetStore/dist/ccfc54aed6e361b650bcf0582f7b576b/img/img_product-placeholder.png",
    "categories": ["frozen"],
    "tags": ["frozen-meat", "whole-birds-roasts"],
    "locations": {
      "vic": {
        "price": 5,
        "promoText": "$1.30 ",
        "packageSize": "300g",
        "packagePrice": "$1.67 per 100G"
      }
    }
  },
  {
    "id": "luv-a-duck-duck-size-21-frozen",
    "brand": "Luv A Duck",
    "name": "Frozen Whole Duck",
    "imageUrl": "https://shop.coles.com.au/wcsstore/Coles-CAS/images/4/6/8/4683889-th.jpg",
    "categories": ["frozen"],
    "tags": ["frozen-meat", "whole-birds-roasts"],
    "locations": {
      "vic": {
        "price": 25,
        "promoText": " ",
        "packageSize": "2.1kg",
        "packagePrice": "$11.90 per 1Kg"
      }
    }
  },
  {
    "id": "poulings-sliced-bef",
    "brand": "Poulings",
    "name": "Sliced Beef",
    "imageUrl": "https://shop.coles.com.au/wcsstore/ColesResponsiveStorefrontAssetStore/dist/ccfc54aed6e361b650bcf0582f7b576b/img/img_product-placeholder.png",
    "categories": ["frozen"],
    "tags": ["frozen-meat", "whole-birds-roasts"],
    "locations": {
      "vic": {
        "price": 7.5,
        "promoText": " ",
        "packageSize": "290g",
        "packagePrice": "$2.59 per 100G"
      }
    }
  },
  {
    "id": "poulings-bef-sliced-pork",
    "brand": "Poulings",
    "name": "Sliced Pork",
    "imageUrl": "https://shop.coles.com.au/wcsstore/ColesResponsiveStorefrontAssetStore/dist/ccfc54aed6e361b650bcf0582f7b576b/img/img_product-placeholder.png",
    "categories": ["frozen"],
    "tags": ["frozen-meat", "whole-birds-roasts"],
    "locations": {
      "vic": {
        "price": 7.5,
        "promoText": " ",
        "packageSize": "290g",
        "packagePrice": "$2.59 per 100G"
      }
    }
  },
  {
    "id": "tu-bao-zi-flaky-scallion-pancake",
    "brand": "Tu Bao Zi",
    "name": "Flaky Scallion Pancake",
    "imageUrl": "https://shop.coles.com.au/wcsstore/ColesResponsiveStorefrontAssetStore/dist/ccfc54aed6e361b650bcf0582f7b576b/img/img_product-placeholder.png",
    "categories": ["frozen"],
    "tags": ["frozen-meat", "whole-birds-roasts"],
    "locations": {
      "vic": {
        "price": 4.8,
        "promoText": "$1.20 ",
        "packageSize": "480g",
        "packagePrice": "$1.00 per 100G"
      }
    }
  },
  {
    "id": "hong-kong-dim-sim-kitchen-bbq-pork-buns",
    "brand": "Hong Kong Dim Sim Kitchen",
    "name": "Frozen BBQ Pork Buns 6 Pieces",
    "imageUrl": "https://shop.coles.com.au/wcsstore/Coles-CAS/images/2/3/5/2356688-th.jpg",
    "categories": ["frozen"],
    "tags": ["frozen-party-fod", "asian-party-fod"],
    "locations": {
      "vic": {
        "price": 5,
        "promoText": "Any 2 $7",
        "packageSize": "200g",
        "packagePrice": "$2.50 per 100G"
      }
    }
  },
  {
    "id": "hong-kong-dim-sim-kitchen-siu-my-bites",
    "brand": "Hong Kong Dim Sim Kitchen",
    "name": "Frozen Siu Mai 10 Pieces",
    "imageUrl": "https://shop.coles.com.au/wcsstore/Coles-CAS/images/2/3/5/2356702-th.jpg",
    "categories": ["frozen"],
    "tags": ["frozen-party-fod", "asian-party-fod"],
    "locations": {
      "vic": {
        "price": 5,
        "promoText": "Any 2 $7",
        "packageSize": "200g",
        "packagePrice": "$2.50 per 100G"
      }
    }
  },
  {
    "id": "marathon-dim-sims-frozen-30-pack",
    "brand": "Marathon",
    "name": "Frozen Dim Sims 30 Pieces",
    "imageUrl": "https://shop.coles.com.au/wcsstore/Coles-CAS/images/1/8/2/182790-th.jpg",
    "categories": ["frozen"],
    "tags": ["frozen-party-fod", "asian-party-fod"],
    "locations": {
      "vic": {
        "price": 9.5,
        "promoText": " ",
        "packageSize": "1.5kg",
        "packagePrice": "$0.63 per 100G"
      }
    }
  },
  {
    "id": "coles-dim-sims-mini",
    "brand": "Coles",
    "name": "Frozen Mini Beef Dim Sims 15 Pieces",
    "imageUrl": "https://shop.coles.com.au/wcsstore/Coles-CAS/images/1/0/9/1093721-th.jpg",
    "categories": ["frozen"],
    "tags": ["frozen-party-fod", "asian-party-fod"],
    "locations": {
      "vic": {
        "price": 2,
        "promoText": " ",
        "packageSize": "250g",
        "packagePrice": "$0.80 per 100G"
      }
    }
  },
  {
    "id": "pacific-west-banquet-asian-mega-value-pack-frozen",
    "brand": "Pacific West",
    "name": "Frozen Asian Banquet 64 pack",
    "imageUrl": "https://shop.coles.com.au/wcsstore/Coles-CAS/images/4/6/7/4675520-th.jpg",
    "categories": ["frozen"],
    "tags": ["frozen-party-fod", "asian-party-fod"],
    "locations": {
      "vic": {
        "price": 11.5,
        "promoText": " ",
        "packageSize": "1kg",
        "packagePrice": "$11.50 per 1KG"
      }
    }
  },
  {
    "id": "ho-mai-appetisers-entertainer-pack-frozen",
    "brand": "Ho Mai",
    "name": "Frozen Yum Cha Entertainer Pack",
    "imageUrl": "https://shop.coles.com.au/wcsstore/Coles-CAS/images/5/8/8/5886780-th.jpg",
    "categories": ["frozen"],
    "tags": ["frozen-party-fod", "asian-party-fod"],
    "locations": {
      "vic": {
        "price": 14,
        "promoText": " ",
        "packageSize": "1kg",
        "packagePrice": "$1.40 per 100G"
      }
    }
  },
  {
    "id": "mr-chens-steamed-prawn-roll",
    "brand": "Mr.Chen's",
    "name": "Frozen Steamed Prawn Roll 5 pack",
    "imageUrl": "https://shop.coles.com.au/wcsstore/Coles-CAS/images/3/0/5/3051405-th.jpg",
    "categories": ["frozen"],
    "tags": ["frozen-party-fod", "asian-party-fod"],
    "locations": {
      "vic": {
        "price": 7.5,
        "promoText": " ",
        "packageSize": "300g",
        "packagePrice": "$2.50 per 100G"
      }
    }
  },
  {
    "id": "edgell-rolls-chiko-4-pack-frozen",
    "brand": "Chiko",
    "name": "Frozen Original Rolls 4 pack",
    "imageUrl": "https://shop.coles.com.au/wcsstore/Coles-CAS/images/6/9/7/6970032-th.jpg",
    "categories": ["frozen"],
    "tags": ["frozen-party-fod", "asian-party-fod"],
    "locations": {
      "vic": {
        "price": 5.35,
        "promoText": " ",
        "packageSize": "650g",
        "packagePrice": "$0.82 per 100G"
      }
    }
  },
  {
    "id": "golden-wok-dim-sims-chicken-mini-frozen",
    "brand": "Golden Wok",
    "name": "Frozen Chicken Mini Dim Sim",
    "imageUrl": "https://shop.coles.com.au/wcsstore/Coles-CAS/images/5/0/7/5077986-th.jpg",
    "categories": ["frozen"],
    "tags": ["frozen-party-fod", "asian-party-fod"],
    "locations": {
      "vic": {
        "price": 10,
        "promoText": " ",
        "packageSize": "660g",
        "packagePrice": "$1.52 per 100G"
      }
    }
  },
  {
    "id": "four-n-twenty-meat-fre-pie",
    "brand": "Four N Twenty",
    "name": "Meat Free Pie",
    "imageUrl": "https://shop.coles.com.au/wcsstore/Coles-CAS/images/3/7/3/3736040-th.jpg",
    "categories": ["frozen"],
    "tags": ["frozen-party-fod", "pies-quiches"],
    "locations": {
      "vic": {
        "price": 3.5,
        "promoText": " ",
        "packageSize": "175g",
        "packagePrice": "$2.00 per 100G"
      }
    }
  },
  {
    "id": "coles-smart-buy-pie-meat-single-frozen",
    "brand": "Coles",
    "name": "Frozen Meat Pie",
    "imageUrl": "https://shop.coles.com.au/wcsstore/Coles-CAS/images/5/0/2/5028834-th.jpg",
    "categories": ["frozen"],
    "tags": ["frozen-party-fod", "pies-quiches"],
    "locations": {
      "vic": {
        "price": 0.75,
        "promoText": " ",
        "packageSize": "150g",
        "packagePrice": "$0.50 per 100G"
      }
    }
  },
  {
    "id": "coles-gourmet-pies-bef-black-pepper",
    "brand": "Coles",
    "name": "Gourmet Beef & Cracked Black Pepper Pies 2 Pack",
    "imageUrl": "https://shop.coles.com.au/wcsstore/Coles-CAS/images/3/7/3/3736094-th.jpg",
    "categories": ["frozen"],
    "tags": ["frozen-party-fod", "pies-quiches"],
    "locations": {
      "vic": {
        "price": 7,
        "promoText": " ",
        "packageSize": "400g",
        "packagePrice": "$1.75 per 100G"
      }
    }
  },
  {
    "id": "four-n-twenty-traveller-mic-phillyches-steak-pie",
    "brand": "Four N Twenty",
    "name": "Traveller Microwave Philly Cheese Steak Pie",
    "imageUrl": "https://shop.coles.com.au/wcsstore/Coles-CAS/images/3/7/3/3736028-th.jpg",
    "categories": ["frozen"],
    "tags": ["frozen-party-fod", "pies-quiches"],
    "locations": {
      "vic": {
        "price": 3,
        "promoText": " ",
        "packageSize": "160g",
        "packagePrice": "$1.88 per 100G"
      }
    }
  },
  {
    "id": "fourn-twenty-limited-edition-pie",
    "brand": "Four'N Twenty",
    "name": "Frozen Beef Pies With A Hickory Bourbon Style Sauce 4 Pack",
    "imageUrl": "https://shop.coles.com.au/wcsstore/Coles-CAS/images/3/1/7/3171575-th.jpg",
    "categories": ["frozen"],
    "tags": ["frozen-party-fod", "pies-quiches"],
    "locations": {
      "vic": {
        "price": 6.5,
        "promoText": " ",
        "packageSize": "700g",
        "packagePrice": "$0.93 per 100G"
      }
    }
  },
  {
    "id": "kailis-bros-kb-prawn-gyoza",
    "brand": "KB",
    "name": "Frozen Prawn Gyoza",
    "imageUrl": "https://shop.coles.com.au/wcsstore/Coles-CAS/images/1/5/4/1548719-th.jpg",
    "categories": ["frozen"],
    "tags": ["frozen-party-fod", "party-fod"],
    "locations": {
      "vic": {
        "price": 13.6,
        "promoText": "$3.40 ",
        "packageSize": "750g",
        "packagePrice": "$1.81 per 100G"
      }
    }
  },
  {
    "id": "coles-ham-cheese-croquette",
    "brand": "Coles",
    "name": "Ham & Cheese Croquette",
    "imageUrl": "https://shop.coles.com.au/wcsstore/Coles-CAS/images/3/3/0/3309560-th.jpg",
    "categories": ["frozen"],
    "tags": ["frozen-party-fod", "party-fod"],
    "locations": {
      "vic": {
        "price": 5,
        "promoText": " ",
        "packageSize": "240g",
        "packagePrice": "$2.08 per 100G"
      }
    }
  },
  {
    "id": "kailis-bros-vegetable-gyoza",
    "brand": "KB",
    "name": "Frozen Vegetable Gyoza",
    "imageUrl": "https://shop.coles.com.au/wcsstore/Coles-CAS/images/2/8/1/2815151-th.jpg",
    "categories": ["frozen"],
    "tags": ["frozen-party-fod", "party-fod"],
    "locations": {
      "vic": {
        "price": 13.6,
        "promoText": "$3.40 ",
        "packageSize": "750g",
        "packagePrice": "$1.81 per 100G"
      }
    }
  },
  {
    "id": "coles-halloumi-chips",
    "brand": "Coles",
    "name": "Halloumi Chips",
    "imageUrl": "https://shop.coles.com.au/wcsstore/Coles-CAS/images/3/3/0/3303213-th.jpg",
    "categories": ["frozen"],
    "tags": ["frozen-party-fod", "party-fod"],
    "locations": {
      "vic": {
        "price": 5,
        "promoText": " ",
        "packageSize": "156g",
        "packagePrice": "$3.21 per 100G"
      }
    }
  },
  {
    "id": "coles-coconut-prawns-9-pack",
    "brand": "Coles",
    "name": "Coconut Prawns 9 Pack",
    "imageUrl": "https://shop.coles.com.au/wcsstore/Coles-CAS/images/3/2/4/3245300-th.jpg",
    "categories": ["frozen"],
    "tags": ["frozen-party-fod", "party-fod"],
    "locations": {
      "vic": {
        "price": 5,
        "promoText": " ",
        "packageSize": "162g",
        "packagePrice": "$8.06 per 100G"
      }
    }
  },
  {
    "id": "coles-jackfruit-parcels",
    "brand": "Coles",
    "name": "Oriental Jackfruit Parcels 10 Pack",
    "imageUrl": "https://shop.coles.com.au/wcsstore/Coles-CAS/images/3/5/8/3585840-th.jpg",
    "categories": ["frozen"],
    "tags": ["frozen-party-fod", "party-fod"],
    "locations": {
      "vic": {
        "price": 5,
        "promoText": " ",
        "packageSize": "200g",
        "packagePrice": "$2.50 per 100G"
      }
    }
  },
  {
    "id": "syndian-natural-food-burgers-lentil-frozen",
    "brand": "Syndian",
    "name": "Frozen Gluten Free Lentil Burgers",
    "imageUrl": "https://shop.coles.com.au/wcsstore/Coles-CAS/images/7/6/0/7601891-th.jpg",
    "categories": ["frozen"],
    "tags": ["frozen-party-fod", "party-fod"],
    "locations": {
      "vic": {
        "price": 7,
        "promoText": " ",
        "packageSize": "400g",
        "packagePrice": "$1.75 per 100G"
      }
    }
  },
  {
    "id": "frys-meat-free-sausage-rolls",
    "brand": "Fry's",
    "name": "Frozen Meat Free Sausage Rolls 4 Pieces",
    "imageUrl": "https://shop.coles.com.au/wcsstore/Coles-CAS/images/3/2/1/3217950-th.jpg",
    "categories": ["frozen"],
    "tags": ["frozen-party-fod", "pastry-shets"],
    "locations": {
      "vic": {
        "price": 6,
        "promoText": " ",
        "packageSize": "400g",
        "packagePrice": "$1.50 per 100G"
      }
    }
  },
  {
    "id": "birds-eye-broad-beans",
    "brand": "Birds Eye",
    "name": "Snap Frozen Broad Beans",
    "imageUrl": "https://shop.coles.com.au/wcsstore/Coles-CAS/images/1/7/7/1777148-th.jpg",
    "categories": ["frozen"],
    "tags": ["frozen-vegetables", "beans"],
    "locations": {
      "vic": {
        "price": 3,
        "promoText": " ",
        "packageSize": "500g",
        "packagePrice": "$6.00 per 1Kg"
      }
    }
  },
  {
    "id": "birds-eye-beans-baby-whole-frozen",
    "brand": "Birds Eye",
    "name": "Snap Frozen Baby Beans",
    "imageUrl": "https://shop.coles.com.au/wcsstore/Coles-CAS/images/3/0/0/300729-th.jpg",
    "categories": ["frozen"],
    "tags": ["frozen-vegetables", "beans"],
    "locations": {
      "vic": {
        "price": 3.1,
        "promoText": " ",
        "packageSize": "500g",
        "packagePrice": "$6.20 per 1Kg"
      }
    }
  },
  {
    "id": "hanabi-frozen-edamame-soybean-pods",
    "brand": "Hanabi",
    "name": "Frozen Edamame Soybean Pods",
    "imageUrl": "https://shop.coles.com.au/wcsstore/Coles-CAS/images/2/1/4/2143224-th.jpg",
    "categories": ["frozen"],
    "tags": ["frozen-vegetables", "beans"],
    "locations": {
      "vic": {
        "price": 3,
        "promoText": " ",
        "packageSize": "400g",
        "packagePrice": "$0.75 per 100G"
      }
    }
  },
  {
    "id": "coles-beans-sliced-australian-frozen-186474p",
    "brand": "Coles",
    "name": "Snap Frozen Cut Beans",
    "imageUrl": "https://shop.coles.com.au/wcsstore/Coles-CAS/images/1/8/6/186474-th.jpg",
    "categories": ["frozen"],
    "tags": ["frozen-vegetables", "beans"],
    "locations": {
      "vic": {
        "price": 2,
        "promoText": " ",
        "packageSize": "1kg",
        "packagePrice": "$2.00 per 1Kg"
      }
    }
  },
  {
    "id": "birds-eye-corn-cobs-sweet-frozen-extra-juicy",
    "brand": "Birds Eye",
    "name": "Snap Frozen Corn Cobs",
    "imageUrl": "https://shop.coles.com.au/wcsstore/Coles-CAS/images/1/7/6/176812-th.jpg",
    "categories": ["frozen"],
    "tags": ["frozen-vegetables", "corn-4405237"],
    "locations": {
      "vic": {
        "price": 5,
        "promoText": " ",
        "packageSize": "1kg",
        "packagePrice": "$5.00 per 1Kg"
      }
    }
  },
  {
    "id": "birds-eye-corn-kernels-sweet-extra-juicy-frozen-5179454p",
    "brand": "Birds Eye",
    "name": "Snap Frozen Corn Kernels",
    "imageUrl": "https://shop.coles.com.au/wcsstore/Coles-CAS/images/5/1/7/5179454-th.jpg",
    "categories": ["frozen"],
    "tags": ["frozen-vegetables", "corn-4405237"],
    "locations": {
      "vic": {
        "price": 5,
        "promoText": " ",
        "packageSize": "1kg",
        "packagePrice": "$5.00 per 1Kg"
      }
    }
  },
  {
    "id": "birds-eye-corn-kernels-sweet-extra-juicy-frozen",
    "brand": "Birds Eye",
    "name": "Snap Frozen Field Fresh Corn Kernels",
    "imageUrl": "https://shop.coles.com.au/wcsstore/Coles-CAS/images/4/6/6/466903-th.jpg",
    "categories": ["frozen"],
    "tags": ["frozen-vegetables", "corn-4405237"],
    "locations": {
      "vic": {
        "price": 2.85,
        "promoText": " ",
        "packageSize": "500g",
        "packagePrice": "$5.70 per 1Kg"
      }
    }
  },
  {
    "id": "coles-corn-kernels-australian-frozen-203642p",
    "brand": "Coles",
    "name": "Snap Frozen Corn Kernels",
    "imageUrl": "https://shop.coles.com.au/wcsstore/Coles-CAS/images/2/0/3/203642-th.jpg",
    "categories": ["frozen"],
    "tags": ["frozen-vegetables", "corn-4405237"],
    "locations": {
      "vic": {
        "price": 2.7,
        "promoText": " ",
        "packageSize": "1kg",
        "packagePrice": "$2.70 per 1Kg"
      }
    }
  },
  {
    "id": "coles-corn-cobs-frozen",
    "brand": "Coles",
    "name": "Snap Frozen Corn Cobs",
    "imageUrl": "https://shop.coles.com.au/wcsstore/Coles-CAS/images/2/9/3/293565-th.jpg",
    "categories": ["frozen"],
    "tags": ["frozen-vegetables", "corn-4405237"],
    "locations": {
      "vic": {
        "price": 2.5,
        "promoText": " ",
        "packageSize": "1kg",
        "packagePrice": "$2.50 per 1Kg"
      }
    }
  },
  {
    "id": "birds-eye-country-harvest-carrot-peas-corn-frozen",
    "brand": "Birds Eye",
    "name": "Frozen Country Harvest Carrot Peas & Corn",
    "imageUrl": "https://shop.coles.com.au/wcsstore/Coles-CAS/images/5/0/7/5072778-th.jpg",
    "categories": ["frozen"],
    "tags": ["frozen-vegetables", "mixed-veg"],
    "locations": {
      "vic": {
        "price": 5,
        "promoText": " ",
        "packageSize": "1kg",
        "packagePrice": "$5.00 per 1Kg"
      }
    }
  },
  {
    "id": "birds-eye-country-harvest-garden-mix-frozen",
    "brand": "Birds Eye",
    "name": "Snap Frozen Country Harvest Garden Mixed Vegetables",
    "imageUrl": "https://shop.coles.com.au/wcsstore/Coles-CAS/images/5/0/7/5075084-th.jpg",
    "categories": ["frozen"],
    "tags": ["frozen-vegetables", "mixed-veg"],
    "locations": {
      "vic": {
        "price": 5,
        "promoText": " ",
        "packageSize": "1kg",
        "packagePrice": "$5.00 per 1Kg"
      }
    }
  },
  {
    "id": "coles-smart-buy-vegetables-mixed-frozen-1499158p",
    "brand": "Coles",
    "name": "Frozen Mixed Vegetables",
    "imageUrl": "https://shop.coles.com.au/wcsstore/Coles-CAS/images/1/4/9/1499158-th.jpg",
    "categories": ["frozen"],
    "tags": ["frozen-vegetables", "mixed-veg"],
    "locations": {
      "vic": {
        "price": 1.6,
        "promoText": " ",
        "packageSize": "1kg",
        "packagePrice": "$1.60 per 1Kg"
      }
    }
  },
  {
    "id": "coles-carrots-peas-corn-australian-frozen-5300850p",
    "brand": "Coles",
    "name": "Snap Frozen Carrots Peas & Corn",
    "imageUrl": "https://shop.coles.com.au/wcsstore/Coles-CAS/images/5/3/0/5300850-th.jpg",
    "categories": ["frozen"],
    "tags": ["frozen-vegetables", "mixed-veg"],
    "locations": {
      "vic": {
        "price": 3,
        "promoText": " ",
        "packageSize": "1kg",
        "packagePrice": "$3.00 per 1Kg"
      }
    }
  },
  {
    "id": "birds-eye-peas-corn-capsicum-frozen",
    "brand": "Birds Eye",
    "name": "Frozen Peas Corn & Capsicum",
    "imageUrl": "https://shop.coles.com.au/wcsstore/Coles-CAS/images/1/0/5/105701-th.jpg",
    "categories": ["frozen"],
    "tags": ["frozen-vegetables", "mixed-veg"],
    "locations": {
      "vic": {
        "price": 2.6,
        "promoText": " ",
        "packageSize": "500g",
        "packagePrice": "$5.20 per 1Kg"
      }
    }
  },
  {
    "id": "coles-vegetables-winter-mix-australian-frozen",
    "brand": "Coles",
    "name": "Snap Frozen Winter Vegetables",
    "imageUrl": "https://shop.coles.com.au/wcsstore/Coles-CAS/images/9/7/3/9738570-th.jpg",
    "categories": ["frozen"],
    "tags": ["frozen-vegetables", "mixed-veg"],
    "locations": {
      "vic": {
        "price": 2,
        "promoText": " ",
        "packageSize": "500g",
        "packagePrice": "$4.00 per 1Kg"
      }
    }
  },
  {
    "id": "coles-frozen-stir-fry-vegetables",
    "brand": "Coles",
    "name": "Snap Frozen Stir Fry Vegetables",
    "imageUrl": "https://shop.coles.com.au/wcsstore/Coles-CAS/images/2/2/7/2270243-th.jpg",
    "categories": ["frozen"],
    "tags": ["frozen-vegetables", "mixed-veg"],
    "locations": {
      "vic": {
        "price": 2,
        "promoText": "Was $2.20 on Feb 2020 ",
        "packageSize": "500g",
        "packagePrice": "$4.00 per 1Kg"
      }
    }
  },
  {
    "id": "birds-eye-country-harvest-peas-supersweet-corn-frozen",
    "brand": "Birds Eye",
    "name": "Snap Frozen Country Harvest Peas & Supersweet Corn",
    "imageUrl": "https://shop.coles.com.au/wcsstore/Coles-CAS/images/5/0/9/5091502-th.jpg",
    "categories": ["frozen"],
    "tags": ["frozen-vegetables", "mixed-veg"],
    "locations": {
      "vic": {
        "price": 2.6,
        "promoText": " ",
        "packageSize": "500g",
        "packagePrice": "$5.20 per 1Kg"
      }
    }
  },
  {
    "id": "birds-eye-frozen-mediterranean-mix",
    "brand": "Birds Eye",
    "name": "Frozen Seasoned Sides Mediterranean Mix",
    "imageUrl": "https://shop.coles.com.au/wcsstore/Coles-CAS/images/2/2/5/2257620-th.jpg",
    "categories": ["frozen"],
    "tags": ["frozen-vegetables", "mixed-veg"],
    "locations": {
      "vic": {
        "price": 5,
        "promoText": " ",
        "packageSize": "600g",
        "packagePrice": "$8.33 per 1Kg"
      }
    }
  },
  {
    "id": "coles-peas-carrots-cauliflower-australian-frozen",
    "brand": "Coles",
    "name": "Snap Frozen Peas Carrots & Cauliflower",
    "imageUrl": "https://shop.coles.com.au/wcsstore/Coles-CAS/images/5/3/0/5300861-th.jpg",
    "categories": ["frozen"],
    "tags": ["frozen-vegetables", "mixed-veg"],
    "locations": {
      "vic": {
        "price": 3,
        "promoText": " ",
        "packageSize": "1kg",
        "packagePrice": "$3.00 per 1Kg"
      }
    }
  },
  {
    "id": "birds-eye-country-harvest-carrot-cauliflower-broccoli-beans",
    "brand": "Birds Eye",
    "name": "Snap Frozen Country Harvest Carrot Cauliflower Beans & Broccoli",
    "imageUrl": "https://shop.coles.com.au/wcsstore/Coles-CAS/images/1/7/7/1777160-th.jpg",
    "categories": ["frozen"],
    "tags": ["frozen-vegetables", "mixed-veg"],
    "locations": {
      "vic": {
        "price": 2.6,
        "promoText": " ",
        "packageSize": "500g",
        "packagePrice": "$5.20 per 1Kg"
      }
    }
  },
  {
    "id": "birds-eye--country-harvest-winter-vegetables",
    "brand": "Birds Eye",
    "name": "Snap Frozen Country Harvest Winter Vegetables",
    "imageUrl": "https://shop.coles.com.au/wcsstore/Coles-CAS/images/2/7/4/2743254-th.jpg",
    "categories": ["frozen"],
    "tags": ["frozen-vegetables", "mixed-veg"],
    "locations": {
      "vic": {
        "price": 5,
        "promoText": " ",
        "packageSize": "1kg",
        "packagePrice": "$5.00 per 1Kg"
      }
    }
  },
  {
    "id": "coles-vegetable-mix-green-frozen",
    "brand": "Coles",
    "name": "Frozen Green Mixed Vegetables",
    "imageUrl": "https://shop.coles.com.au/wcsstore/Coles-CAS/images/8/9/7/8977644-th.jpg",
    "categories": ["frozen"],
    "tags": ["frozen-vegetables", "mixed-veg"],
    "locations": {
      "vic": {
        "price": 4,
        "promoText": " ",
        "packageSize": "1kg",
        "packagePrice": "$4.00 per 1Kg"
      }
    }
  },
  {
    "id": "coles-peas-corn-australian-frozen",
    "brand": "Coles",
    "name": "Snap Frozen Peas & Corn",
    "imageUrl": "https://shop.coles.com.au/wcsstore/Coles-CAS/images/9/7/2/9727788-th.jpg",
    "categories": ["frozen"],
    "tags": ["frozen-vegetables", "mixed-veg"],
    "locations": {
      "vic": {
        "price": 2.35,
        "promoText": " ",
        "packageSize": "500g",
        "packagePrice": "$4.70 per 1Kg"
      }
    }
  },
  {
    "id": "birds-eye-country-harvest-peas-corn-frozen",
    "brand": "Birds Eye",
    "name": "Frozen Country Harvest Peas & Supersweet Corn",
    "imageUrl": "https://shop.coles.com.au/wcsstore/Coles-CAS/images/5/0/7/5072790-th.jpg",
    "categories": ["frozen"],
    "tags": ["frozen-vegetables", "mixed-veg"],
    "locations": {
      "vic": {
        "price": 5,
        "promoText": " ",
        "packageSize": "1kg",
        "packagePrice": "$5.00 per 1Kg"
      }
    }
  },
  {
    "id": "coles-vegetable-mix-frozen",
    "brand": "Coles",
    "name": "Snap Frozen Vegetable Mix",
    "imageUrl": "https://shop.coles.com.au/wcsstore/Coles-CAS/images/1/8/6/186576-th.jpg",
    "categories": ["frozen"],
    "tags": ["frozen-vegetables", "mixed-veg"],
    "locations": {
      "vic": {
        "price": 3,
        "promoText": " ",
        "packageSize": "1kg",
        "packagePrice": "$3.00 per 1Kg"
      }
    }
  },
  {
    "id": "birds-eye-country-harvest-carrot-cauliflower-broccoli-frozen",
    "brand": "Birds Eye",
    "name": "Snap Frozen Country Harvest Carrot Cauliflower & Broccoli",
    "imageUrl": "https://shop.coles.com.au/wcsstore/Coles-CAS/images/4/5/2/4525844-th.jpg",
    "categories": ["frozen"],
    "tags": ["frozen-vegetables", "mixed-veg"],
    "locations": {
      "vic": {
        "price": 5,
        "promoText": " ",
        "packageSize": "1kg",
        "packagePrice": "$5.00 per 1Kg"
      }
    }
  },
  {
    "id": "birds-eye-veggie-mash-pumpkin-cauli",
    "brand": "Birds Eye",
    "name": "Frozen Veggie Mash Pumpkin & Cauli",
    "imageUrl": "https://shop.coles.com.au/wcsstore/Coles-CAS/images/3/6/3/3635257-th.jpg",
    "categories": ["frozen"],
    "tags": ["frozen-vegetables", "mixed-veg"],
    "locations": {
      "vic": {
        "price": 4.2,
        "promoText": " ",
        "packageSize": "500g",
        "packagePrice": "$0.84 per 100G"
      }
    }
  },
  {
    "id": "birds-eye-baby-peas-frozen",
    "brand": "Birds Eye",
    "name": "Frozen Baby Peas",
    "imageUrl": "https://shop.coles.com.au/wcsstore/Coles-CAS/images/9/2/5/9257582-th.jpg",
    "categories": ["frozen"],
    "tags": ["frozen-vegetables", "peas"],
    "locations": {
      "vic": {
        "price": 4.7,
        "promoText": " ",
        "packageSize": "1kg",
        "packagePrice": "$4.70 per 1Kg"
      }
    }
  },
  {
    "id": "birds-eye-peas-frozen-222396p",
    "brand": "Birds Eye",
    "name": "Snap Frozen Garden Peas",
    "imageUrl": "https://shop.coles.com.au/wcsstore/Coles-CAS/images/2/2/2/222396-th.jpg",
    "categories": ["frozen"],
    "tags": ["frozen-vegetables", "peas"],
    "locations": {
      "vic": {
        "price": 3.7,
        "promoText": "Was $4.39 on Mar 2018 ",
        "packageSize": "1kg",
        "packagePrice": "$3.70 per 1Kg"
      }
    }
  },
  {
    "id": "coles-smart-buy-peas-frozen",
    "brand": "Coles",
    "name": "Frozen Peas",
    "imageUrl": "https://shop.coles.com.au/wcsstore/Coles-CAS/images/3/9/9/399067-th.jpg",
    "categories": ["frozen"],
    "tags": ["frozen-vegetables", "peas"],
    "locations": {
      "vic": {
        "price": 2,
        "promoText": " ",
        "packageSize": "1kg",
        "packagePrice": "$2.00 per 1Kg"
      }
    }
  },
  {
    "id": "coles-peas-australian-frozen",
    "brand": "Coles",
    "name": "Snap Frozen Peas",
    "imageUrl": "https://shop.coles.com.au/wcsstore/Coles-CAS/images/1/8/6/186339-th.jpg",
    "categories": ["frozen"],
    "tags": ["frozen-vegetables", "peas"],
    "locations": {
      "vic": {
        "price": 2.9,
        "promoText": " ",
        "packageSize": "1kg",
        "packagePrice": "$2.90 per 1Kg"
      }
    }
  },
  {
    "id": "coles-peas-baby-australian-frozen",
    "brand": "Coles",
    "name": "Snap Frozen Baby Peas",
    "imageUrl": "https://shop.coles.com.au/wcsstore/Coles-CAS/images/5/4/3/5431644-th.jpg",
    "categories": ["frozen"],
    "tags": ["frozen-vegetables", "peas"],
    "locations": {
      "vic": {
        "price": 1.7,
        "promoText": " ",
        "packageSize": "500g",
        "packagePrice": "$3.40 per 1Kg"
      }
    }
  },
  {
    "id": "birds-eye-peas-baby-whole-frozen",
    "brand": "Birds Eye",
    "name": "Frozen Peas Baby Whole",
    "imageUrl": "https://shop.coles.com.au/wcsstore/Coles-CAS/images/6/8/4/6847127-th.jpg",
    "categories": ["frozen"],
    "tags": ["frozen-vegetables", "peas"],
    "locations": {
      "vic": {
        "price": 3.35,
        "promoText": " ",
        "packageSize": "500g",
        "packagePrice": "$6.70 per 1Kg"
      }
    }
  },
  {
    "id": "coles-peas-australian-frozen-186328p",
    "brand": "Coles",
    "name": "Snap Frozen Peas",
    "imageUrl": "https://shop.coles.com.au/wcsstore/Coles-CAS/images/1/8/6/186328-th.jpg",
    "categories": ["frozen"],
    "tags": ["frozen-vegetables", "peas"],
    "locations": {
      "vic": {
        "price": 1.6,
        "promoText": " ",
        "packageSize": "500g",
        "packagePrice": "$3.20 per 1Kg"
      }
    }
  },
  {
    "id": "coles-frozen-baby-peas",
    "brand": "Coles",
    "name": "Snap Frozen Baby Peas",
    "imageUrl": "https://shop.coles.com.au/wcsstore/Coles-CAS/images/9/7/3/9738026-th.jpg",
    "categories": ["frozen"],
    "tags": ["frozen-vegetables", "peas"],
    "locations": {
      "vic": {
        "price": 3.3,
        "promoText": " ",
        "packageSize": "1kg",
        "packagePrice": "$3.30 per 1Kg"
      }
    }
  },
  {
    "id": "birds-eye-steam-fresh-carrots-peas-corn",
    "brand": "Birds Eye",
    "name": "Frozen Steam Fresh Carrots Peas & Corn Mix 3 pack",
    "imageUrl": "https://shop.coles.com.au/wcsstore/Coles-CAS/images/1/7/7/1777250-th.jpg",
    "categories": ["frozen"],
    "tags": ["frozen-vegetables", "steamed"],
    "locations": {
      "vic": {
        "price": 3.5,
        "promoText": " ",
        "packageSize": "450g",
        "packagePrice": "$7.78 per 1Kg"
      }
    }
  },
  {
    "id": "birds-eye-steam-fresh-broccoli-corn-peas-beans",
    "brand": "Birds Eye",
    "name": "Frozen Steam Fresh Peas Beans Corn & Broccoli Mix 3 pack",
    "imageUrl": "https://shop.coles.com.au/wcsstore/Coles-CAS/images/1/7/7/1777261-th.jpg",
    "categories": ["frozen"],
    "tags": ["frozen-vegetables", "steamed"],
    "locations": {
      "vic": {
        "price": 3.5,
        "promoText": " ",
        "packageSize": "450g",
        "packagePrice": "$7.78 per 1Kg"
      }
    }
  },
  {
    "id": "birds-eye-steam-fresh-pea-bean-corn-broccoli",
    "brand": "Birds Eye",
    "name": "Frozen Steam Fresh Peas Beans Corn & Broccoli Mix 5 pack",
    "imageUrl": "https://shop.coles.com.au/wcsstore/Coles-CAS/images/2/7/4/2740096-th.jpg",
    "categories": ["frozen"],
    "tags": ["frozen-vegetables", "steamed"],
    "locations": {
      "vic": {
        "price": 5,
        "promoText": " ",
        "packageSize": "750g",
        "packagePrice": "$6.67 per 1Kg"
      }
    }
  },
  {
    "id": "birds-eye-steam-fresh-carrot-corn-broccoli-2741011p",
    "brand": "Birds Eye",
    "name": "Frozen Steam Fresh Carrot Broccoli & Corn Mix 5 pack",
    "imageUrl": "https://shop.coles.com.au/wcsstore/Coles-CAS/images/2/7/4/2741011-th.jpg",
    "categories": ["frozen"],
    "tags": ["frozen-vegetables", "steamed"],
    "locations": {
      "vic": {
        "price": 5,
        "promoText": " ",
        "packageSize": "750g",
        "packagePrice": "$6.67 per 1Kg"
      }
    }
  },
  {
    "id": "birds-eye-steam-fresh-broccoli-cauliflower-carrot",
    "brand": "Birds Eye",
    "name": "Frozen Steam Fresh Carrot Cauliflower & Broccoli Mix 3 pack",
    "imageUrl": "https://shop.coles.com.au/wcsstore/Coles-CAS/images/1/7/7/1777240-th.jpg",
    "categories": ["frozen"],
    "tags": ["frozen-vegetables", "steamed"],
    "locations": {
      "vic": {
        "price": 3.5,
        "promoText": " ",
        "packageSize": "450g",
        "packagePrice": "$7.78 per 1Kg"
      }
    }
  },
  {
    "id": "birds-eye-steam-fresh-bean-broccoli-sugar-snap-peas",
    "brand": "Birds Eye",
    "name": "Frozen Steam Fresh Bean Broccoli & Sugar Snap Peas 3 pack",
    "imageUrl": "https://shop.coles.com.au/wcsstore/Coles-CAS/images/2/7/4/2740052-th.jpg",
    "categories": ["frozen"],
    "tags": ["frozen-vegetables", "steamed"],
    "locations": {
      "vic": {
        "price": 3.5,
        "promoText": " ",
        "packageSize": "450g",
        "packagePrice": "$7.78 per 1Kg"
      }
    }
  },
  {
    "id": "birds-eye-steam-fresh-carrot-caulifwr-broccoli",
    "brand": "Birds Eye",
    "name": "Frozen Steam Fresh Carrot Cauliflower & Broccoli 5 pack",
    "imageUrl": "https://shop.coles.com.au/wcsstore/Coles-CAS/images/2/7/4/2740085-th.jpg",
    "categories": ["frozen"],
    "tags": ["frozen-vegetables", "steamed"],
    "locations": {
      "vic": {
        "price": 5,
        "promoText": " ",
        "packageSize": "750g",
        "packagePrice": "$6.67 per 1Kg"
      }
    }
  },
  {
    "id": "birds-eye-steamfresh-fried-rice-vegetables",
    "brand": "Birds Eye",
    "name": "Frozen Steamfresh Fried Rice Vegetables 2Pack",
    "imageUrl": "https://shop.coles.com.au/wcsstore/Coles-CAS/images/3/6/3/3635235-th.jpg",
    "categories": ["frozen"],
    "tags": ["frozen-vegetables", "steamed"],
    "locations": {
      "vic": {
        "price": 4.2,
        "promoText": " ",
        "packageSize": "400g",
        "packagePrice": "$1.05 per 100G"
      }
    }
  },
  {
    "id": "birds-eye-steam-fresh--penne-mediterranean-veg",
    "brand": "Birds Eye",
    "name": "Frozen Steam Fresh Penne Pasta with Mediterranean Vegetables 2 Pack",
    "imageUrl": "https://shop.coles.com.au/wcsstore/Coles-CAS/images/3/1/9/3192440-th.jpg",
    "categories": ["frozen"],
    "tags": ["frozen-vegetables", "steamed"],
    "locations": {
      "vic": {
        "price": 4.2,
        "promoText": " ",
        "packageSize": "400g",
        "packagePrice": "$10.50 per 1Kg"
      }
    }
  },
  {
    "id": "birds-eye-steam-fresh-broccoli-cauliflower-carrots-with-cheese-sauce",
    "brand": "Birds Eye",
    "name": "Frozen SteamFresh Broccoli Cauliflower & Carrots With Cheese Sauce 2 Pack",
    "imageUrl": "https://shop.coles.com.au/wcsstore/Coles-CAS/images/1/7/7/1777228-th.jpg",
    "categories": ["frozen"],
    "tags": ["frozen-vegetables", "steamed"],
    "locations": {
      "vic": {
        "price": 4.2,
        "promoText": " ",
        "packageSize": "400g",
        "packagePrice": "$10.50 per 1Kg"
      }
    }
  },
  {
    "id": "birds-eye-steam-fresh-broccoli-cauliflower-corn-peas",
    "brand": "Birds Eye",
    "name": "Frozen Steam Fresh Corn Cauliflower Broccoli & Sugar Snap Peas Mix 3 pack",
    "imageUrl": "https://shop.coles.com.au/wcsstore/Coles-CAS/images/1/7/7/1777272-th.jpg",
    "categories": ["frozen"],
    "tags": ["frozen-vegetables", "steamed"],
    "locations": {
      "vic": {
        "price": 3.5,
        "promoText": " ",
        "packageSize": "450g",
        "packagePrice": "$7.78 per 1Kg"
      }
    }
  },
  {
    "id": "birds-eye-steamfresh-potato-mash-with-butter",
    "brand": "Birds Eye",
    "name": "Frozen Steamfresh Potato Mash With Butter",
    "imageUrl": "https://shop.coles.com.au/wcsstore/Coles-CAS/images/2/9/1/2912974-th.jpg",
    "categories": ["frozen"],
    "tags": ["frozen-vegetables", "steamed"],
    "locations": {
      "vic": {
        "price": 4.2,
        "promoText": " ",
        "packageSize": "400g",
        "packagePrice": "$10.50 per 1Kg"
      }
    }
  },
  {
    "id": "birds-eye-steamfresh-thai-inspired-vegetables",
    "brand": "Birds Eye",
    "name": "Frozen Steamfresh Thai Inspired Vegetables 2 pack",
    "imageUrl": "https://shop.coles.com.au/wcsstore/Coles-CAS/images/3/6/3/3635246-th.jpg",
    "categories": ["frozen"],
    "tags": ["frozen-vegetables", "steamed"],
    "locations": {
      "vic": {
        "price": 4.2,
        "promoText": " ",
        "packageSize": "400g",
        "packagePrice": "$1.05 per 100G"
      }
    }
  },
  {
    "id": "birds-eye--steam-fresh-bean-carrot-broccoli-mix",
    "brand": "Birds Eye",
    "name": "Frozen Steam Fresh Beans Carrot & Broccoli Mix 3 pack",
    "imageUrl": "https://shop.coles.com.au/wcsstore/Coles-CAS/images/2/7/4/2740041-th.jpg",
    "categories": ["frozen"],
    "tags": ["frozen-vegetables", "steamed"],
    "locations": {
      "vic": {
        "price": 3.5,
        "promoText": " ",
        "packageSize": "450g",
        "packagePrice": "$7.78 per 1Kg"
      }
    }
  },
  {
    "id": "birds-eye-stir-fry-vegetables-thai-frozen",
    "brand": "Birds Eye",
    "name": "Frozen Stir Fry Thai Vegetables",
    "imageUrl": "https://shop.coles.com.au/wcsstore/Coles-CAS/images/6/8/7/6879123-th.jpg",
    "categories": ["frozen"],
    "tags": ["frozen-vegetables", "stir-fry"],
    "locations": {
      "vic": {
        "price": 3.7,
        "promoText": " ",
        "packageSize": "500g",
        "packagePrice": "$7.40 per 1Kg"
      }
    }
  },
  {
    "id": "birds-eye-create-a-meal-stir-fry-chinese-frozen",
    "brand": "Birds Eye",
    "name": "Frozen Chinese Vegetables Stir Fry",
    "imageUrl": "https://shop.coles.com.au/wcsstore/Coles-CAS/images/8/1/4/8145798-th.jpg",
    "categories": ["frozen"],
    "tags": ["frozen-vegetables", "stir-fry"],
    "locations": {
      "vic": {
        "price": 5,
        "promoText": " ",
        "packageSize": "850g",
        "packagePrice": "$5.88 per 1Kg"
      }
    }
  },
  {
    "id": "birds-eye-stir-fry-oriental",
    "brand": "Birds Eye",
    "name": "Frozen Stir Fry Oriental",
    "imageUrl": "https://shop.coles.com.au/wcsstore/Coles-CAS/images/1/3/3/1333778-th.jpg",
    "categories": ["frozen"],
    "tags": ["frozen-vegetables", "stir-fry"],
    "locations": {
      "vic": {
        "price": 5,
        "promoText": " ",
        "packageSize": "850g",
        "packagePrice": "$5.88 per 1Kg"
      }
    }
  },
  {
    "id": "birds-eye-stir-fry-vegetables-shanghai-mix-frozen",
    "brand": "Birds Eye",
    "name": "Frozen Shanghai Stir Fry",
    "imageUrl": "https://shop.coles.com.au/wcsstore/Coles-CAS/images/9/7/3/9730385-th.jpg",
    "categories": ["frozen"],
    "tags": ["frozen-vegetables", "stir-fry"],
    "locations": {
      "vic": {
        "price": 3.7,
        "promoText": " ",
        "packageSize": "500g",
        "packagePrice": "$0.74 per 100G"
      }
    }
  },
  {
    "id": "birds-eye-stir-fry-vegetables-malaysian-frozen",
    "brand": "Birds Eye",
    "name": "Frozen Malaysian Vegetables Stir Fry",
    "imageUrl": "https://shop.coles.com.au/wcsstore/Coles-CAS/images/6/8/7/6879134-th.jpg",
    "categories": ["frozen"],
    "tags": ["frozen-vegetables", "stir-fry"],
    "locations": {
      "vic": {
        "price": 3.7,
        "promoText": " ",
        "packageSize": "500g",
        "packagePrice": "$7.40 per 1Kg"
      }
    }
  },
  {
    "id": "birds-eye-stir-fry-supreme-mix",
    "brand": "Birds Eye",
    "name": "Frozen Supreme Mixed Vegetables Stir Fry",
    "imageUrl": "https://shop.coles.com.au/wcsstore/Coles-CAS/images/9/1/1/9110358-th.jpg",
    "categories": ["frozen"],
    "tags": ["frozen-vegetables", "stir-fry"],
    "locations": {
      "vic": {
        "price": 5,
        "promoText": " ",
        "packageSize": "850g",
        "packagePrice": "$5.88 per 1Kg"
      }
    }
  },
  {
    "id": "birds-eye-spinach-portions-frozen-7562111p",
    "brand": "Birds Eye",
    "name": "Frozen Chopped Spinach",
    "imageUrl": "https://shop.coles.com.au/wcsstore/Coles-CAS/images/7/5/6/7562111-th.jpg",
    "categories": ["frozen"],
    "tags": ["frozen-vegetables", "other-veg"],
    "locations": {
      "vic": {
        "price": 1.8,
        "promoText": " ",
        "packageSize": "250g",
        "packagePrice": "$7.20 per 1Kg"
      }
    }
  },
  {
    "id": "coles-broccoli-florets-australian-frozen",
    "brand": "Coles",
    "name": "Frozen Broccoli Florets",
    "imageUrl": "https://shop.coles.com.au/wcsstore/Coles-CAS/images/5/3/4/5341010-th.jpg",
    "categories": ["frozen"],
    "tags": ["frozen-vegetables", "other-veg"],
    "locations": {
      "vic": {
        "price": 2.5,
        "promoText": " ",
        "packageSize": "500g",
        "packagePrice": "$5.00 per 1Kg"
      }
    }
  },
  {
    "id": "natures-nutrients-spinach-chopped-frozen",
    "brand": "Natures Nutrients",
    "name": "Frozen Chopped Spinach",
    "imageUrl": "https://shop.coles.com.au/wcsstore/Coles-CAS/images/1/3/1/1313760-th.jpg",
    "categories": ["frozen"],
    "tags": ["frozen-vegetables", "other-veg"],
    "locations": {
      "vic": {
        "price": 1,
        "promoText": " ",
        "packageSize": "250g",
        "packagePrice": "$4.00 per 1Kg"
      }
    }
  },
  {
    "id": "coles-onions-chopped-australian-frozen",
    "brand": "Coles",
    "name": "Snap Frozen Chopped onions",
    "imageUrl": "https://shop.coles.com.au/wcsstore/Coles-CAS/images/9/3/2/9321761-th.jpg",
    "categories": ["frozen"],
    "tags": ["frozen-vegetables", "other-veg"],
    "locations": {
      "vic": {
        "price": 2.1,
        "promoText": " ",
        "packageSize": "500g",
        "packagePrice": "$4.20 per 1Kg"
      }
    }
  },
  {
    "id": "birds-eye-cauliflower-rice",
    "brand": "Birds Eye",
    "name": "Frozen Cauliflower Rice",
    "imageUrl": "https://shop.coles.com.au/wcsstore/Coles-CAS/images/3/3/1/3314162-th.jpg",
    "categories": ["frozen"],
    "tags": ["frozen-vegetables", "other-veg"],
    "locations": {
      "vic": {
        "price": 4.2,
        "promoText": " ",
        "packageSize": "500g",
        "packagePrice": "$8.40 per 1Kg"
      }
    }
  },
  {
    "id": "coles-cauliflower-broccoli-mix-australian-frozen",
    "brand": "Coles",
    "name": "Frozen Cauliflower & Broccoli",
    "imageUrl": "https://shop.coles.com.au/wcsstore/Coles-CAS/images/9/6/2/9625868-th.jpg",
    "categories": ["frozen"],
    "tags": ["frozen-vegetables", "other-veg"],
    "locations": {
      "vic": {
        "price": 2.15,
        "promoText": " ",
        "packageSize": "500g",
        "packagePrice": "$4.30 per 1Kg"
      }
    }
  },
  {
    "id": "coles-brussels-sprouts-frozen",
    "brand": "Coles",
    "name": "Snap Frozen Brussels Sprouts",
    "imageUrl": "https://shop.coles.com.au/wcsstore/Coles-CAS/images/2/0/8/208894-th.jpg",
    "categories": ["frozen"],
    "tags": ["frozen-vegetables", "other-veg"],
    "locations": {
      "vic": {
        "price": 2.35,
        "promoText": " ",
        "packageSize": "500g",
        "packagePrice": "$4.70 per 1Kg"
      }
    }
  },
  {
    "id": "coles-cauliflower-florets-australian-frozen",
    "brand": "Coles",
    "name": "Snap Frozen Cauliflower Prepacked",
    "imageUrl": "https://shop.coles.com.au/wcsstore/Coles-CAS/images/1/8/6/186587-th.jpg",
    "categories": ["frozen"],
    "tags": ["frozen-vegetables", "other-veg"],
    "locations": {
      "vic": {
        "price": 2.15,
        "promoText": " ",
        "packageSize": "500g",
        "packagePrice": "$0.43 per 100G"
      }
    }
  },
  {
    "id": "coles-frozen-carrots-batons",
    "brand": "Coles",
    "name": "Carrots Batons",
    "imageUrl": "https://shop.coles.com.au/wcsstore/Coles-CAS/images/2/2/7/2270276-th.jpg",
    "categories": ["frozen"],
    "tags": ["frozen-vegetables", "other-veg"],
    "locations": {
      "vic": {
        "price": 2.35,
        "promoText": " ",
        "packageSize": "500g",
        "packagePrice": "$4.70 per 1Kg"
      }
    }
  },
  {
    "id": "birds-eye-sweet-potato-rice",
    "brand": "Birds Eye",
    "name": "Frozen Sweet Potato Rice",
    "imageUrl": "https://shop.coles.com.au/wcsstore/Coles-CAS/images/3/4/7/3475060-th.jpg",
    "categories": ["frozen"],
    "tags": ["frozen-vegetables", "other-veg"],
    "locations": {
      "vic": {
        "price": 4.2,
        "promoText": " ",
        "packageSize": "500g",
        "packagePrice": "$8.40 per 1Kg"
      }
    }
  },
  {
    "id": "birds-eye-herbs-garlic",
    "brand": "Birds Eye",
    "name": "Herbs Garlic",
    "imageUrl": "https://shop.coles.com.au/wcsstore/Coles-CAS/images/3/7/5/3757607-th.jpg",
    "categories": ["frozen"],
    "tags": ["frozen-vegetables", "other-veg"],
    "locations": {
      "vic": {
        "price": 4,
        "promoText": " ",
        "packageSize": "75g",
        "packagePrice": "$53.34 per 1Kg"
      }
    }
  },
  {
    "id": "birds-eye-deli-grilled-vegetables",
    "brand": "Birds Eye",
    "name": "Deli Grilled Vegetables",
    "imageUrl": "https://shop.coles.com.au/wcsstore/Coles-CAS/images/3/7/5/3757560-th.jpg",
    "categories": ["frozen"],
    "tags": ["frozen-vegetables", "other-veg"],
    "locations": {
      "vic": {
        "price": 5,
        "promoText": " ",
        "packageSize": "400g",
        "packagePrice": "$12.50 per 1Kg"
      }
    }
  },
  {
    "id": "birds-eye-deli-roast-betrot",
    "brand": "Birds Eye",
    "name": "Birds Eye Deli Roast Beetroot 300G",
    "imageUrl": "https://shop.coles.com.au/wcsstore/Coles-CAS/images/3/7/5/3757550-th.jpg",
    "categories": ["frozen"],
    "tags": ["frozen-vegetables", "other-veg"],
    "locations": {
      "vic": {
        "price": 5,
        "promoText": " ",
        "packageSize": "300g",
        "packagePrice": "$16.67 per 1Kg"
      }
    }
  },
  {
    "id": "bells-ice-pure-bagged",
    "brand": "Bells",
    "name": "Frozen Pure Bagged Ice",
    "imageUrl": "https://shop.coles.com.au/wcsstore/Coles-CAS/images/6/8/9/6893339-th.jpg",
    "categories": ["frozen"],
    "tags": ["ice", "ice-bags"],
    "locations": {
      "vic": {
        "price": 4.75,
        "promoText": " ",
        "packageSize": "5kg",
        "packagePrice": "$0.95 per 1Kg"
      }
    }
  },
  {
    "id": "schweppes-orange-mango-mineral-water",
    "brand": "Schweppes",
    "name": "Orange Mango Mineral Water",
    "imageUrl": "https://shop.coles.com.au/wcsstore/Coles-CAS/images/3/0/1/3014930-th.jpg",
    "categories": ["drinks"],
    "tags": ["soft-drinks", "flavoured-soft-drinks"],
    "locations": {
      "vic": {
        "price": 2,
        "promoText": " ",
        "packageSize": "1.1L",
        "packagePrice": "$1.82 per 1L"
      }
    }
  },
  {
    "id": "sprite-soft-drink-zero-lemonade",
    "brand": "Sprite",
    "name": "Zero Mini Multipack Cans 200 mL",
    "imageUrl": "https://shop.coles.com.au/wcsstore/Coles-CAS/images/1/5/3/1534168-th.jpg",
    "categories": ["drinks"],
    "tags": ["soft-drinks", "flavoured-soft-drinks"],
    "locations": {
      "vic": {
        "price": 6,
        "promoText": "$2.50 ",
        "packageSize": "8 Pack",
        "packagePrice": "$3.75 per 1L"
      }
    }
  },
  {
    "id": "sanpellegrino-cans-4-pack-drink-aranciata-rossa",
    "brand": "Sanpellegrino",
    "name": "Aranciata Rossa Drink Cans",
    "imageUrl": "https://shop.coles.com.au/wcsstore/Coles-CAS/images/3/7/3/3733358-th.jpg",
    "categories": ["drinks"],
    "tags": ["soft-drinks", "flavoured-soft-drinks"],
    "locations": {
      "vic": {
        "price": 6,
        "promoText": " ",
        "packageSize": "4 pack",
        "packagePrice": "$1.50 per 1Ea"
      }
    }
  },
  {
    "id": "waterfords-sparkling-lite-fruity-apple-berry",
    "brand": "Waterford's",
    "name": "Lite & Fruity Apple Berry Sparkling natural Mineral Water",
    "imageUrl": "https://shop.coles.com.au/wcsstore/Coles-CAS/images/3/0/4/3047758-th.jpg",
    "categories": ["drinks"],
    "tags": ["soft-drinks", "flavoured-soft-drinks"],
    "locations": {
      "vic": {
        "price": 1.3,
        "promoText": "$0.50 ",
        "packageSize": "1L",
        "packagePrice": "$1.30 per 1L"
      }
    }
  },
  {
    "id": "coca-cola-soft-drink-coke-no-sugar-vanilla",
    "brand": "Coca-Cola",
    "name": "Vanilla Flavour No Sugar Coke",
    "imageUrl": "https://shop.coles.com.au/wcsstore/Coles-CAS/images/3/2/7/3271060-th.jpg",
    "categories": ["drinks"],
    "tags": ["soft-drinks", "flavoured-soft-drinks"],
    "locations": {
      "vic": {
        "price": 3,
        "promoText": " ",
        "packageSize": "1.25L",
        "packagePrice": "$2.40 per 1L"
      }
    }
  },
  {
    "id": "nexba-kombucha-elderflower-and-lemon",
    "brand": "Nexba",
    "name": "Kombucha Elderflower & Lemon Live Sparkling Probiotic Multipack Bottles 330mL",
    "imageUrl": "https://shop.coles.com.au/wcsstore/Coles-CAS/images/3/5/2/3529205-th.jpg",
    "categories": ["drinks"],
    "tags": ["soft-drinks", "flavoured-soft-drinks"],
    "locations": {
      "vic": {
        "price": 6.4,
        "promoText": "$1.60 ",
        "packageSize": "4 pack",
        "packagePrice": "$4.85 per 1L"
      }
    }
  },
  {
    "id": "pepsi-max-soft-drink-creamy-soda",
    "brand": "Pepsi Max",
    "name": "Creaming Soda",
    "imageUrl": "https://shop.coles.com.au/wcsstore/Coles-CAS/images/3/5/3/3530281-th.jpg",
    "categories": ["drinks"],
    "tags": ["soft-drinks", "flavoured-soft-drinks"],
    "locations": {
      "vic": {
        "price": 1.7,
        "promoText": "$0.50 ",
        "packageSize": "1.25L",
        "packagePrice": "$1.36 per 1L"
      }
    }
  },
  {
    "id": "remedy-kombucha-4x250ml-drinks-raspberry-lemonade",
    "brand": "Remedy",
    "name": "Raspberry Lemonade Organic Kombucha Multipack Cans 250ml",
    "imageUrl": "https://shop.coles.com.au/wcsstore/Coles-CAS/images/3/2/7/3277667-th.jpg",
    "categories": ["drinks"],
    "tags": ["soft-drinks", "flavoured-soft-drinks"],
    "locations": {
      "vic": {
        "price": 8.75,
        "promoText": " ",
        "packageSize": "4 pack",
        "packagePrice": "$8.75 per 1L"
      }
    }
  },
  {
    "id": "schweppes-soft-drink-solo-extreme-lemon",
    "brand": "Solo",
    "name": "Zero Sugar Lemon Flavour Drink",
    "imageUrl": "https://shop.coles.com.au/wcsstore/Coles-CAS/images/1/1/6/1167362-th.jpg",
    "categories": ["drinks"],
    "tags": ["soft-drinks", "flavoured-soft-drinks"],
    "locations": {
      "vic": {
        "price": 1.7,
        "promoText": "$0.50 ",
        "packageSize": "1.25L",
        "packagePrice": "$1.36 per 1L"
      }
    }
  },
  {
    "id": "waterfords-sparkling-1l-lite-fruity-lem-lime-bit",
    "brand": "Waterford's",
    "name": "Lemon Lime Bitters Lite & Fruity Sparkling Mineral Water",
    "imageUrl": "https://shop.coles.com.au/wcsstore/Coles-CAS/images/3/0/4/3047769-th.jpg",
    "categories": ["drinks"],
    "tags": ["soft-drinks", "flavoured-soft-drinks"],
    "locations": {
      "vic": {
        "price": 1.3,
        "promoText": "$0.50 ",
        "packageSize": "1L",
        "packagePrice": "$1.30 per 1L"
      }
    }
  },
  {
    "id": "coca-cola-soft-drink-diet-coke-caffeine-free-chilled",
    "brand": "Coca-Cola",
    "name": "Caffeine Free Diet Coke",
    "imageUrl": "https://shop.coles.com.au/wcsstore/Coles-CAS/images/5/1/1/5117333-th.jpg",
    "categories": ["drinks"],
    "tags": ["soft-drinks", "flavoured-soft-drinks"],
    "locations": {
      "vic": {
        "price": 3,
        "promoText": " ",
        "packageSize": "1.25L",
        "packagePrice": "$2.40 per 1L"
      }
    }
  },
  {
    "id": "schweppes-mineral-water-300ml-bottles",
    "brand": "Schweppes",
    "name": "Mixers Natural Mineral Water 300mL Bottles",
    "imageUrl": "https://shop.coles.com.au/wcsstore/Coles-CAS/images/7/3/5/7351987-th.jpg",
    "categories": ["drinks"],
    "tags": ["soft-drinks", "flavoured-soft-drinks"],
    "locations": {
      "vic": {
        "price": 5.25,
        "promoText": "Any 2 $7",
        "packageSize": "4 pack",
        "packagePrice": "$4.38 per 1L"
      }
    }
  },
  {
    "id": "kirks-soft-drink-lemonade-sugar-free",
    "brand": "Kirks",
    "name": "Sugar Free Lemonade",
    "imageUrl": "https://shop.coles.com.au/wcsstore/Coles-CAS/images/6/1/1/6111376-th.jpg",
    "categories": ["drinks"],
    "tags": ["soft-drinks", "flavoured-soft-drinks"],
    "locations": {
      "vic": {
        "price": 1.15,
        "promoText": "$0.55 ",
        "packageSize": "1.25L",
        "packagePrice": "$0.92 per 1L"
      }
    }
  },
  {
    "id": "nexba-kombucha-mixed-berry",
    "brand": "Nexba",
    "name": "Kombucha Mixed Berry Live Sparkling Probiotic Multipack Bottles 330mL",
    "imageUrl": "https://shop.coles.com.au/wcsstore/Coles-CAS/images/3/5/2/3529191-th.jpg",
    "categories": ["drinks"],
    "tags": ["soft-drinks", "flavoured-soft-drinks"],
    "locations": {
      "vic": {
        "price": 6.4,
        "promoText": "$1.60 ",
        "packageSize": "4 pack",
        "packagePrice": "$4.85 per 1L"
      }
    }
  },
  {
    "id": "remedy-kombucha-4x250ml-drinks-ginger-lemon",
    "brand": "Remedy",
    "name": "Organic Kombucha Ginger Lemon Drink Multipack Cans 250mL",
    "imageUrl": "https://shop.coles.com.au/wcsstore/Coles-CAS/images/3/2/7/3277678-th.jpg",
    "categories": ["drinks"],
    "tags": ["soft-drinks", "flavoured-soft-drinks"],
    "locations": {
      "vic": {
        "price": 8.75,
        "promoText": " ",
        "packageSize": "4 pack",
        "packagePrice": "$8.75 per 1L"
      }
    }
  },
  {
    "id": "deep-spring-mineral-water-pine-grap",
    "brand": "Deep Spring",
    "name": "Pineapple & Pink Grapefruit Sparkling Natural Mineral Water",
    "imageUrl": "https://shop.coles.com.au/wcsstore/Coles-CAS/images/3/5/9/3595120-th.jpg",
    "categories": ["drinks"],
    "tags": ["soft-drinks", "flavoured-soft-drinks"],
    "locations": {
      "vic": {
        "price": 1,
        "promoText": "$1.00 ",
        "packageSize": "1.25L",
        "packagePrice": "$0.80 per 1L"
      }
    }
  },
  {
    "id": "dep-spring-mineral-water-orange-pass",
    "brand": "Deep Spring",
    "name": "Mineral Water Orange Pass",
    "imageUrl": "https://shop.coles.com.au/wcsstore/Coles-CAS/images/3/7/7/3776474-th.jpg",
    "categories": ["drinks"],
    "tags": ["soft-drinks", "flavoured-soft-drinks"],
    "locations": {
      "vic": {
        "price": 3.6,
        "promoText": "$0.90 ",
        "packageSize": "4 pack",
        "packagePrice": "$3.60 per 1L"
      }
    }
  },
  {
    "id": "fanta-soft-drink-orange-224857p",
    "brand": "Fanta",
    "name": "Orange",
    "imageUrl": "https://shop.coles.com.au/wcsstore/Coles-CAS/images/2/2/4/224857-th.jpg",
    "categories": ["drinks"],
    "tags": ["soft-drinks", "flavoured-soft-drinks"],
    "locations": {
      "vic": {
        "price": 2.25,
        "promoText": " ",
        "packageSize": "2L",
        "packagePrice": "$1.13 per 1L"
      }
    }
  },
  {
    "id": "nexba-kombucha-rose-lemonade",
    "brand": "Nexba",
    "name": "Kombucha Rose Lemonade Live Sparkling Probiotic Multipack Bottles 330mL",
    "imageUrl": "https://shop.coles.com.au/wcsstore/Coles-CAS/images/3/5/2/3529227-th.jpg",
    "categories": ["drinks"],
    "tags": ["soft-drinks", "flavoured-soft-drinks"],
    "locations": {
      "vic": {
        "price": 6.4,
        "promoText": "$1.60 ",
        "packageSize": "4 pack",
        "packagePrice": "$4.85 per 1L"
      }
    }
  },
  {
    "id": "pepsi-drink-max-raspberry",
    "brand": "Pepsi",
    "name": "Max Raspberry Soft Drink",
    "imageUrl": "https://shop.coles.com.au/wcsstore/Coles-CAS/images/3/2/7/3271150-th.jpg",
    "categories": ["drinks"],
    "tags": ["soft-drinks", "flavoured-soft-drinks"],
    "locations": {
      "vic": {
        "price": 1.7,
        "promoText": "$0.50 ",
        "packageSize": "1.25L",
        "packagePrice": "$1.36 per 1L"
      }
    }
  },
  {
    "id": "remedy-kombucha-4x250ml-drinks-apple-crisp",
    "brand": "Remedy",
    "name": "Apple Crisp Kombucha Drinks 4x250ml Cans",
    "imageUrl": "https://shop.coles.com.au/wcsstore/Coles-CAS/images/3/2/7/3277689-th.jpg",
    "categories": ["drinks"],
    "tags": ["soft-drinks", "flavoured-soft-drinks"],
    "locations": {
      "vic": {
        "price": 8.75,
        "promoText": " ",
        "packageSize": "4 pack",
        "packagePrice": "$2.19 per 1Ea"
      }
    }
  },
  {
    "id": "sanpellegrino-cans-4-pack-drink-chinotto",
    "brand": "Sanpellegrino",
    "name": "Chinotto Drink Cans",
    "imageUrl": "https://shop.coles.com.au/wcsstore/Coles-CAS/images/3/7/3/3733369-th.jpg",
    "categories": ["drinks"],
    "tags": ["soft-drinks", "flavoured-soft-drinks"],
    "locations": {
      "vic": {
        "price": 6,
        "promoText": " ",
        "packageSize": "4 pack",
        "packagePrice": "$1.50 per 1Ea"
      }
    }
  },
  {
    "id": "schweppes-soft-drink-raspberry-zero",
    "brand": "Schweppes",
    "name": "Zero Sugar Raspberry",
    "imageUrl": "https://shop.coles.com.au/wcsstore/Coles-CAS/images/3/2/7/3270249-th.jpg",
    "categories": ["drinks"],
    "tags": ["soft-drinks", "flavoured-soft-drinks"],
    "locations": {
      "vic": {
        "price": 2,
        "promoText": " ",
        "packageSize": "1.1L",
        "packagePrice": "$1.82 per 1L"
      }
    }
  },
  {
    "id": "sunkist-10x375ml-soft-drink-no-sugar",
    "brand": "Sunkist",
    "name": "No Sugar Soft Drink 375ml",
    "imageUrl": "https://shop.coles.com.au/wcsstore/Coles-CAS/images/3/5/3/3531150-th.jpg",
    "categories": ["drinks"],
    "tags": ["soft-drinks", "flavoured-soft-drinks"],
    "locations": {
      "vic": {
        "price": 6,
        "promoText": "$5.05 ",
        "packageSize": "10 pack",
        "packagePrice": "$1.60 per 1L"
      }
    }
  },
  {
    "id": "cca-glass-4x300ml-soft-drink-coca-cola",
    "brand": "Coca-Cola",
    "name": "Classic Coke Multipack Bottles 300mL",
    "imageUrl": "https://shop.coles.com.au/wcsstore/Coles-CAS/images/3/4/4/3448271-th.jpg",
    "categories": ["drinks"],
    "tags": ["soft-drinks", "flavoured-soft-drinks"],
    "locations": {
      "vic": {
        "price": 7.1,
        "promoText": "Any 2 $9",
        "packageSize": "4 pack",
        "packagePrice": "$5.92 per 1L"
      }
    }
  },
  {
    "id": "cca-no-suger-soft-drink-sprite",
    "brand": "Coca-Cola",
    "name": "No Sugar Soft Drink Sprite",
    "imageUrl": "https://shop.coles.com.au/wcsstore/Coles-CAS/images/3/5/8/3585567-th.jpg",
    "categories": ["drinks"],
    "tags": ["soft-drinks", "flavoured-soft-drinks"],
    "locations": {
      "vic": {
        "price": 2.5,
        "promoText": "Any 2 $3",
        "packageSize": "1.25L",
        "packagePrice": "$2.00 per 1L"
      }
    }
  },
  {
    "id": "fanta-soft-drink-grape-1216537p",
    "brand": "Fanta",
    "name": "Grape",
    "imageUrl": "https://shop.coles.com.au/wcsstore/Coles-CAS/images/1/2/1/1216537-th.jpg",
    "categories": ["drinks"],
    "tags": ["soft-drinks", "flavoured-soft-drinks"],
    "locations": {
      "vic": {
        "price": 2.5,
        "promoText": "Any 2 $3",
        "packageSize": "1.25L",
        "packagePrice": "$2.00 per 1L"
      }
    }
  },
  {
    "id": "fanta-no-sugar",
    "brand": "Fanta",
    "name": "No Sugar Orange",
    "imageUrl": "https://shop.coles.com.au/wcsstore/Coles-CAS/images/3/5/8/3585556-th.jpg",
    "categories": ["drinks"],
    "tags": ["soft-drinks", "flavoured-soft-drinks"],
    "locations": {
      "vic": {
        "price": 2.5,
        "promoText": "Any 2 $3",
        "packageSize": "1.25L",
        "packagePrice": "$2.00 per 1L"
      }
    }
  },
  {
    "id": "schweppes-pepsi-max-mini-200ml-cans",
    "brand": "Pepsi",
    "name": "Max Multipack Mini Cans 200mL",
    "imageUrl": "https://shop.coles.com.au/wcsstore/Coles-CAS/images/2/0/0/2007543-th.jpg",
    "categories": ["drinks"],
    "tags": ["soft-drinks", "flavoured-soft-drinks"],
    "locations": {
      "vic": {
        "price": 4,
        "promoText": "$1.30 ",
        "packageSize": "6 pack",
        "packagePrice": "$3.33 per 1L"
      }
    }
  },
  {
    "id": "remedy-kombucha-peach",
    "brand": "Remedy",
    "name": "Organic Peach Flavour Kombucha Multipack Cans 250mL",
    "imageUrl": "https://shop.coles.com.au/wcsstore/Coles-CAS/images/3/5/2/3529318-th.jpg",
    "categories": ["drinks"],
    "tags": ["soft-drinks", "flavoured-soft-drinks"],
    "locations": {
      "vic": {
        "price": 8.75,
        "promoText": " ",
        "packageSize": "4 pack",
        "packagePrice": "$8.75 per 1L"
      }
    }
  },
  {
    "id": "schweppes-lemonade-mini-200ml-cans",
    "brand": "Schweppes",
    "name": "Lemonade Multipack Mini Cans 200mL",
    "imageUrl": "https://shop.coles.com.au/wcsstore/Coles-CAS/images/2/0/0/2007510-th.jpg",
    "categories": ["drinks"],
    "tags": ["soft-drinks", "flavoured-soft-drinks"],
    "locations": {
      "vic": {
        "price": 4,
        "promoText": "$1.30 ",
        "packageSize": "6 pack",
        "packagePrice": "$3.33 per 1L"
      }
    }
  },
  {
    "id": "schweppes-soft-drink-brn-cream-soda",
    "brand": "Schweppes",
    "name": "Brown Cream Soda",
    "imageUrl": "https://shop.coles.com.au/wcsstore/Coles-CAS/images/3/2/7/3270180-th.jpg",
    "categories": ["drinks"],
    "tags": ["soft-drinks", "flavoured-soft-drinks"],
    "locations": {
      "vic": {
        "price": 2,
        "promoText": " ",
        "packageSize": "1.1L",
        "packagePrice": "$1.82 per 1L"
      }
    }
  },
  {
    "id": "solo-lemon-mini-6-x-200ml-cans",
    "brand": "Solo",
    "name": "Lemon Mini Multipack Cans 200mL",
    "imageUrl": "https://shop.coles.com.au/wcsstore/Coles-CAS/images/2/2/7/2273285-th.jpg",
    "categories": ["drinks"],
    "tags": ["soft-drinks", "flavoured-soft-drinks"],
    "locations": {
      "vic": {
        "price": 4,
        "promoText": "$1.30 ",
        "packageSize": "6 pack",
        "packagePrice": "$3.33 per 1L"
      }
    }
  },
  {
    "id": "schweppes-soft-drink-sunkist-orange-crush",
    "brand": "Sunkist",
    "name": "Orange Crush",
    "imageUrl": "https://shop.coles.com.au/wcsstore/Coles-CAS/images/5/0/3/5037303-th.jpg",
    "categories": ["drinks"],
    "tags": ["soft-drinks", "flavoured-soft-drinks"],
    "locations": {
      "vic": {
        "price": 1.7,
        "promoText": "$0.50 ",
        "packageSize": "1.25L",
        "packagePrice": "$1.36 per 1L"
      }
    }
  },
  {
    "id": "cca-glass-no-sugr-4x300ml-soft-drink-coke",
    "brand": "Coca-Cola",
    "name": "No Sugar Coke Multipack Bottles 300mL",
    "imageUrl": "https://shop.coles.com.au/wcsstore/Coles-CAS/images/3/4/4/3448282-th.jpg",
    "categories": ["drinks"],
    "tags": ["soft-drinks", "flavoured-soft-drinks"],
    "locations": {
      "vic": {
        "price": 7.1,
        "promoText": "Any 2 $9",
        "packageSize": "4 pack",
        "packagePrice": "$5.92 per 1L"
      }
    }
  },
  {
    "id": "dep-spring-mineral-water-lemon-lime",
    "brand": "Deep Spring",
    "name": "Mineral Water Lemon Lime",
    "imageUrl": "https://shop.coles.com.au/wcsstore/Coles-CAS/images/3/7/7/3776463-th.jpg",
    "categories": ["drinks"],
    "tags": ["soft-drinks", "flavoured-soft-drinks"],
    "locations": {
      "vic": {
        "price": 3.6,
        "promoText": "$0.90 ",
        "packageSize": "4 pack",
        "packagePrice": "$3.60 per 1L"
      }
    }
  },
  {
    "id": "tru-blu-la-ice-cola-2506339p",
    "brand": "La Ice",
    "name": "Softy Drink Cola",
    "imageUrl": "https://shop.coles.com.au/wcsstore/Coles-CAS/images/2/5/0/2506339-th.jpg",
    "categories": ["drinks"],
    "tags": ["soft-drinks", "flavoured-soft-drinks"],
    "locations": {
      "vic": {
        "price": 1.5,
        "promoText": " ",
        "packageSize": "2L",
        "packagePrice": "$0.75 per 1L"
      }
    }
  },
  {
    "id": "lift-hard-hitting-lemon-soft-drink-bottle",
    "brand": "Lift",
    "name": "Hard Hitting Lemon",
    "imageUrl": "https://shop.coles.com.au/wcsstore/Coles-CAS/images/2/7/7/2778157-th.jpg",
    "categories": ["drinks"],
    "tags": ["soft-drinks", "flavoured-soft-drinks"],
    "locations": {
      "vic": {
        "price": 2.5,
        "promoText": "Any 2 $3",
        "packageSize": "1.25L",
        "packagePrice": "$2.00 per 1L"
      }
    }
  },
  {
    "id": "pepsi-soft-drink-cola-diet-light-caffeine-free",
    "brand": "Pepsi",
    "name": "Caffeine Free Diet Cola",
    "imageUrl": "https://shop.coles.com.au/wcsstore/Coles-CAS/images/5/1/1/5114390-th.jpg",
    "categories": ["drinks"],
    "tags": ["soft-drinks", "flavoured-soft-drinks"],
    "locations": {
      "vic": {
        "price": 1.7,
        "promoText": "$0.50 ",
        "packageSize": "1.25L",
        "packagePrice": "$1.36 per 1L"
      }
    }
  },
  {
    "id": "kirks-mixer-dry-ginger-ale",
    "brand": "Kirks",
    "name": "Dry Ginger Ale Soft Drink",
    "imageUrl": "https://shop.coles.com.au/wcsstore/Coles-CAS/images/9/6/4/9641220-th.jpg",
    "categories": ["drinks"],
    "tags": ["soft-drinks", "flavoured-soft-drinks"],
    "locations": {
      "vic": {
        "price": 1.15,
        "promoText": "$0.55 ",
        "packageSize": "1.25L",
        "packagePrice": "$0.92 per 1L"
      }
    }
  },
  {
    "id": "nexba-sparkling-infusion-sagar-free-lemon",
    "brand": "Nexba",
    "name": "Naturally Sugar Free Lemon Sparkling Infusion",
    "imageUrl": "https://shop.coles.com.au/wcsstore/Coles-CAS/images/3/0/4/3049287-th.jpg",
    "categories": ["drinks"],
    "tags": ["soft-drinks", "flavoured-soft-drinks"],
    "locations": {
      "vic": {
        "price": 2.5,
        "promoText": " ",
        "packageSize": "1L",
        "packagePrice": "$2.50 per 1L"
      }
    }
  },
  {
    "id": "remedy-kombucha-4x250ml-drinks-cherry-plum",
    "brand": "Remedy",
    "name": "Organic Kombucha Cherry Plum Multipack Cans 250mL",
    "imageUrl": "https://shop.coles.com.au/wcsstore/Coles-CAS/images/3/2/7/3277656-th.jpg",
    "categories": ["drinks"],
    "tags": ["soft-drinks", "flavoured-soft-drinks"],
    "locations": {
      "vic": {
        "price": 8.75,
        "promoText": " ",
        "packageSize": "4 pack",
        "packagePrice": "$8.75 per 1Ea"
      }
    }
  },
  {
    "id": "7-up-soft-drink-lemonade",
    "brand": "Schweppes",
    "name": "7Up Lemonade",
    "imageUrl": "https://shop.coles.com.au/wcsstore/Coles-CAS/images/5/0/8/5080798-th.jpg",
    "categories": ["drinks"],
    "tags": ["soft-drinks", "flavoured-soft-drinks"],
    "locations": {
      "vic": {
        "price": 1.7,
        "promoText": "$0.50 ",
        "packageSize": "1.25L",
        "packagePrice": "$1.36 per 1L"
      }
    }
  },
  {
    "id": "schweppes-lemon-lime-mineral-water",
    "brand": "Schweppes",
    "name": "Lemon Lime Mineral Water",
    "imageUrl": "https://shop.coles.com.au/wcsstore/Coles-CAS/images/3/0/1/3014952-th.jpg",
    "categories": ["drinks"],
    "tags": ["soft-drinks", "flavoured-soft-drinks"],
    "locations": {
      "vic": {
        "price": 2,
        "promoText": " ",
        "packageSize": "1.1L",
        "packagePrice": "$1.82 per 1L"
      }
    }
  },
  {
    "id": "schweppes-soft-drink-lemonade-zero",
    "brand": "Schweppes",
    "name": "Zero Sugar Lemonade",
    "imageUrl": "https://shop.coles.com.au/wcsstore/Coles-CAS/images/3/2/7/3270238-th.jpg",
    "categories": ["drinks"],
    "tags": ["soft-drinks", "flavoured-soft-drinks"],
    "locations": {
      "vic": {
        "price": 2,
        "promoText": " ",
        "packageSize": "1.1L",
        "packagePrice": "$1.82 per 1L"
      }
    }
  },
  {
    "id": "capi-mineral-water-sparkling",
    "brand": "Capi",
    "name": "Premium Sparkling Mineral Water Bottle",
    "imageUrl": "https://shop.coles.com.au/wcsstore/Coles-CAS/images/1/2/6/1263242-th.jpg",
    "categories": ["drinks"],
    "tags": ["soft-drinks", "flavoured-soft-drinks"],
    "locations": {
      "vic": {
        "price": 3,
        "promoText": " ",
        "packageSize": "750mL",
        "packagePrice": "$4.00 per 1L"
      }
    }
  },
  {
    "id": "coles-soft-drink-lime",
    "brand": "Coles",
    "name": "Lime Flavoured Drink",
    "imageUrl": "https://shop.coles.com.au/wcsstore/Coles-CAS/images/5/1/7/5179170-th.jpg",
    "categories": ["drinks"],
    "tags": ["soft-drinks", "flavoured-soft-drinks"],
    "locations": {
      "vic": {
        "price": 0.75,
        "promoText": " ",
        "packageSize": "1.25L",
        "packagePrice": "$0.60 per 1L"
      }
    }
  },
  {
    "id": "coles-soft-drink-orange",
    "brand": "Coles",
    "name": "Orange Flavour Drink",
    "imageUrl": "https://shop.coles.com.au/wcsstore/Coles-CAS/images/5/1/7/5179148-th.jpg",
    "categories": ["drinks"],
    "tags": ["soft-drinks", "flavoured-soft-drinks"],
    "locations": {
      "vic": {
        "price": 0.75,
        "promoText": " ",
        "packageSize": "1.25L",
        "packagePrice": "$0.60 per 1L"
      }
    }
  },
  {
    "id": "fanta-soft-drink-orange-200ml-cans",
    "brand": "Fanta",
    "name": "Orange Flavour Multipack Mini Cans 200mL",
    "imageUrl": "https://shop.coles.com.au/wcsstore/Coles-CAS/images/7/9/1/7910025-th.jpg",
    "categories": ["drinks"],
    "tags": ["soft-drinks", "flavoured-soft-drinks"],
    "locations": {
      "vic": {
        "price": 6,
        "promoText": "$2.50 ",
        "packageSize": "8 pack",
        "packagePrice": "$3.75 per 1L"
      }
    }
  },
  {
    "id": "kirks-soft-drink-pasito-passionfruit",
    "brand": "Kirks",
    "name": "Pasito Flavour Drink",
    "imageUrl": "https://shop.coles.com.au/wcsstore/Coles-CAS/images/5/3/9/5399086-th.jpg",
    "categories": ["drinks"],
    "tags": ["soft-drinks", "flavoured-soft-drinks"],
    "locations": {
      "vic": {
        "price": 1.15,
        "promoText": "$0.55 ",
        "packageSize": "1.25L",
        "packagePrice": "$0.92 per 1L"
      }
    }
  },
  {
    "id": "mountain-dew-soft-drink-citrus",
    "brand": "Mountain Dew",
    "name": "Caffeinated Citrus",
    "imageUrl": "https://shop.coles.com.au/wcsstore/Coles-CAS/images/9/8/5/9855562-th.jpg",
    "categories": ["drinks"],
    "tags": ["soft-drinks", "flavoured-soft-drinks"],
    "locations": {
      "vic": {
        "price": 1.7,
        "promoText": "$0.50 ",
        "packageSize": "1.25L",
        "packagePrice": "$1.36 per 1L"
      }
    }
  },
  {
    "id": "nexba-sparkling-infusion-sugar-free-pineapple-3535060p",
    "brand": "Nexba",
    "name": "Pineapple Flavoured Sparkling Infusion",
    "imageUrl": "https://shop.coles.com.au/wcsstore/Coles-CAS/images/3/5/3/3535060-th.jpg",
    "categories": ["drinks"],
    "tags": ["soft-drinks", "flavoured-soft-drinks"],
    "locations": {
      "vic": {
        "price": 2.5,
        "promoText": " ",
        "packageSize": "1L",
        "packagePrice": "$2.50 per 1L"
      }
    }
  },
  {
    "id": "nexba-tepache-pineapple-coconut",
    "brand": "Nexba",
    "name": "Tepache Pineapple & Coconut Live Sparkling Probiotic Multipack Bottles 330mL",
    "imageUrl": "https://shop.coles.com.au/wcsstore/Coles-CAS/images/3/5/2/3529147-th.jpg",
    "categories": ["drinks"],
    "tags": ["soft-drinks", "flavoured-soft-drinks"],
    "locations": {
      "vic": {
        "price": 6.4,
        "promoText": "$1.60 ",
        "packageSize": "4 pack",
        "packagePrice": "$4.85 per 1L"
      }
    }
  },
  {
    "id": "nexba-kefir-strawberry-peach",
    "brand": "Nexba",
    "name": "Strawberry Peach Flavoured Sparkling Kefir Multipack Bottles 330mL",
    "imageUrl": "https://shop.coles.com.au/wcsstore/Coles-CAS/images/3/5/2/3529125-th.jpg",
    "categories": ["drinks"],
    "tags": ["soft-drinks", "flavoured-soft-drinks"],
    "locations": {
      "vic": {
        "price": 6.4,
        "promoText": "$1.60 ",
        "packageSize": "4 pack",
        "packagePrice": "$4.85 per 1L"
      }
    }
  },
  {
    "id": "remedy-switchel-blood-orange-3529395p",
    "brand": "Remedy",
    "name": "Switchel Blood Orange 250mL",
    "imageUrl": "https://shop.coles.com.au/wcsstore/Coles-CAS/images/3/5/2/3529395-th.jpg",
    "categories": ["drinks"],
    "tags": ["soft-drinks", "flavoured-soft-drinks"],
    "locations": {
      "vic": {
        "price": 8.75,
        "promoText": " ",
        "packageSize": "4 pack",
        "packagePrice": "$2.19 per 1Ea"
      }
    }
  },
  {
    "id": "schweppes-soft-drink-solo-lemon-240230p",
    "brand": "Schweppes",
    "name": "Solo Lemon Flavour Drink",
    "imageUrl": "https://shop.coles.com.au/wcsstore/Coles-CAS/images/2/4/0/240230-th.jpg",
    "categories": ["drinks"],
    "tags": ["soft-drinks", "flavoured-soft-drinks"],
    "locations": {
      "vic": {
        "price": 2,
        "promoText": "Was $3.25 on May 2017 ",
        "packageSize": "2L",
        "packagePrice": "$1.00 per 1L"
      }
    }
  },
  {
    "id": "schweppes-blood-orange-passionfruit",
    "brand": "Schweppes",
    "name": "Blood Orange and Passionfruit Flavour Drink",
    "imageUrl": "https://shop.coles.com.au/wcsstore/Coles-CAS/images/3/0/1/3014941-th.jpg",
    "categories": ["drinks"],
    "tags": ["soft-drinks", "flavoured-soft-drinks"],
    "locations": {
      "vic": {
        "price": 2,
        "promoText": " ",
        "packageSize": "1.1L",
        "packagePrice": "$1.82 per 1L"
      }
    }
  },
  {
    "id": "waterfords-sparkling-1l-lite-fruity-tahitian-lime",
    "brand": "Waterford's",
    "name": "Tahitian Lime Lite & Fruity Sparkling Mineral Water",
    "imageUrl": "https://shop.coles.com.au/wcsstore/Coles-CAS/images/3/0/4/3047780-th.jpg",
    "categories": ["drinks"],
    "tags": ["soft-drinks", "flavoured-soft-drinks"],
    "locations": {
      "vic": {
        "price": 1.3,
        "promoText": "$0.50 ",
        "packageSize": "1L",
        "packagePrice": "$1.30 per 1L"
      }
    }
  },
  {
    "id": "coca-cola-coke",
    "brand": "Coca-Cola",
    "name": "Classic Coke",
    "imageUrl": "https://shop.coles.com.au/wcsstore/Coles-CAS/images/4/8/6/4869333-th.jpg",
    "categories": ["drinks"],
    "tags": ["soft-drinks", "flavoured-soft-drinks"],
    "locations": {
      "vic": {
        "price": 3,
        "promoText": "$1.10 ",
        "packageSize": "1L",
        "packagePrice": "$3.00 per 1L"
      }
    }
  },
  {
    "id": "coca-cola-vanilla-coke-200ml-mini-cans",
    "brand": "Coca-Cola",
    "name": "Vanilla Flavour Coke Multipack Mini Cans 200mL",
    "imageUrl": "https://shop.coles.com.au/wcsstore/Coles-CAS/images/2/6/7/2679891-th.jpg",
    "categories": ["drinks"],
    "tags": ["soft-drinks", "flavoured-soft-drinks"],
    "locations": {
      "vic": {
        "price": 6,
        "promoText": "$2.50 ",
        "packageSize": "8 Pack",
        "packagePrice": "$3.75 per 1L"
      }
    }
  },
  {
    "id": "deep-spring-mineral-water-lem-lime",
    "brand": "Deep Spring",
    "name": "Lemon Lime Citrus Sparkling Natural Mineral Water",
    "imageUrl": "https://shop.coles.com.au/wcsstore/Coles-CAS/images/3/5/9/3595152-th.jpg",
    "categories": ["drinks"],
    "tags": ["soft-drinks", "flavoured-soft-drinks"],
    "locations": {
      "vic": {
        "price": 1,
        "promoText": "$1.00 ",
        "packageSize": "1.25L",
        "packagePrice": "$0.80 per 1L"
      }
    }
  },
  {
    "id": "fanta-soft-drink-orange-123022p",
    "brand": "Fanta",
    "name": "Orange",
    "imageUrl": "https://shop.coles.com.au/wcsstore/Coles-CAS/images/1/2/3/123022-th.jpg",
    "categories": ["drinks"],
    "tags": ["soft-drinks", "flavoured-soft-drinks"],
    "locations": {
      "vic": {
        "price": 2.5,
        "promoText": "Any 2 $3",
        "packageSize": "1.25L",
        "packagePrice": "$2.00 per 1L"
      }
    }
  },
  {
    "id": "kirks-soft-drink-creamy-soda",
    "brand": "Kirks",
    "name": "Creaming Soda",
    "imageUrl": "https://shop.coles.com.au/wcsstore/Coles-CAS/images/5/3/9/5399075-th.jpg",
    "categories": ["drinks"],
    "tags": ["soft-drinks", "flavoured-soft-drinks"],
    "locations": {
      "vic": {
        "price": 1.15,
        "promoText": "$0.55 ",
        "packageSize": "1.25L",
        "packagePrice": "$0.92 per 1L"
      }
    }
  },
  {
    "id": "kirks-soft-drink-ginger-beer",
    "brand": "Kirks",
    "name": "Ginger Beer",
    "imageUrl": "https://shop.coles.com.au/wcsstore/Coles-CAS/images/5/3/9/5399188-th.jpg",
    "categories": ["drinks"],
    "tags": ["soft-drinks", "flavoured-soft-drinks"],
    "locations": {
      "vic": {
        "price": 1.15,
        "promoText": "$0.55 ",
        "packageSize": "1.25L",
        "packagePrice": "$0.92 per 1L"
      }
    }
  },
  {
    "id": "mojo-crafted-ginger-tea",
    "brand": "Mojo",
    "name": "Activated Kombucha Ginger Tea",
    "imageUrl": "https://shop.coles.com.au/wcsstore/Coles-CAS/images/3/5/6/3560908-th.jpg",
    "categories": ["drinks"],
    "tags": ["soft-drinks", "flavoured-soft-drinks"],
    "locations": {
      "vic": {
        "price": 8,
        "promoText": " ",
        "packageSize": "1L",
        "packagePrice": "$8.00 per 1L"
      }
    }
  },
  {
    "id": "nexba-sparkling-infusion-sugar-free-raspberry",
    "brand": "Nexba",
    "name": "Sparkling Raspberry Infusion Sugar Free Drink",
    "imageUrl": "https://shop.coles.com.au/wcsstore/Coles-CAS/images/3/0/4/3049301-th.jpg",
    "categories": ["drinks"],
    "tags": ["soft-drinks", "flavoured-soft-drinks"],
    "locations": {
      "vic": {
        "price": 2.5,
        "promoText": " ",
        "packageSize": "1L",
        "packagePrice": "$2.50 per 1L"
      }
    }
  },
  {
    "id": "nexba-switchel-green-apple",
    "brand": "Nexba",
    "name": "Green Apple & Ginger Sparkling Switchel Multipack Bottles 330mL",
    "imageUrl": "https://shop.coles.com.au/wcsstore/Coles-CAS/images/3/5/2/3529169-th.jpg",
    "categories": ["drinks"],
    "tags": ["soft-drinks", "flavoured-soft-drinks"],
    "locations": {
      "vic": {
        "price": 6.4,
        "promoText": "$1.60 ",
        "packageSize": "4 pack",
        "packagePrice": "$4.85 per 1L"
      }
    }
  },
  {
    "id": "schweppes-pepsi-mini-200ml-cans",
    "brand": "Pepsi",
    "name": "Mini Multipack Cans 200mL",
    "imageUrl": "https://shop.coles.com.au/wcsstore/Coles-CAS/images/2/5/0/2508017-th.jpg",
    "categories": ["drinks"],
    "tags": ["soft-drinks", "flavoured-soft-drinks"],
    "locations": {
      "vic": {
        "price": 4,
        "promoText": "$1.30 ",
        "packageSize": "6 pack",
        "packagePrice": "$3.33 per 1L"
      }
    }
  },
  {
    "id": "pepsi-max-soft-drink-2l-pepsi-max-vanilla",
    "brand": "Pepsi",
    "name": "Vanilla Soft Drink",
    "imageUrl": "https://shop.coles.com.au/wcsstore/Coles-CAS/images/3/0/4/3049210-th.jpg",
    "categories": ["drinks"],
    "tags": ["soft-drinks", "flavoured-soft-drinks"],
    "locations": {
      "vic": {
        "price": 2,
        "promoText": " ",
        "packageSize": "2L",
        "packagePrice": "$1.00 per 1L"
      }
    }
  },
  {
    "id": "pepsi-soft-drink-moutain-dew",
    "brand": "Pepsi",
    "name": "Mountain Dew Soft Drink",
    "imageUrl": "https://shop.coles.com.au/wcsstore/Coles-CAS/images/5/4/1/5415568-th.jpg",
    "categories": ["drinks"],
    "tags": ["soft-drinks", "flavoured-soft-drinks"],
    "locations": {
      "vic": {
        "price": 2,
        "promoText": " ",
        "packageSize": "2L",
        "packagePrice": "$1.00 per 1L"
      }
    }
  },
  {
    "id": "pepsi-soft-drink-max-mango",
    "brand": "Pepsi",
    "name": "Max Mango Soft Drink",
    "imageUrl": "https://shop.coles.com.au/wcsstore/Coles-CAS/images/3/8/1/3812738-th.jpg",
    "categories": ["drinks"],
    "tags": ["soft-drinks", "flavoured-soft-drinks"],
    "locations": {
      "vic": {
        "price": 2.2,
        "promoText": " ",
        "packageSize": "1.25L",
        "packagePrice": "$1.76 per 1L"
      }
    }
  },
  {
    "id": "que-cola-12x375ml-soft-drink-cola",
    "brand": "Que Cola",
    "name": "Cola Multipack Cans 375mL",
    "imageUrl": "https://shop.coles.com.au/wcsstore/Coles-CAS/images/3/2/4/3243574-th.jpg",
    "categories": ["drinks"],
    "tags": ["soft-drinks", "flavoured-soft-drinks"],
    "locations": {
      "vic": {
        "price": 5.5,
        "promoText": " ",
        "packageSize": "12 pack",
        "packagePrice": "$1.22 per 1L"
      }
    }
  },
  {
    "id": "remedy-soda-lemonade",
    "brand": "Remedy",
    "name": "Lemonade Soda Multipack Cans 250mL",
    "imageUrl": "https://shop.coles.com.au/wcsstore/Coles-CAS/images/3/5/2/3529340-th.jpg",
    "categories": ["drinks"],
    "tags": ["soft-drinks", "flavoured-soft-drinks"],
    "locations": {
      "vic": {
        "price": 8.75,
        "promoText": " ",
        "packageSize": "4 Pack",
        "packagePrice": "$8.75 per 1L"
      }
    }
  },
  {
    "id": "schweppes-soft-drink-sunkist-orange-crush-5042653p",
    "brand": "Schweppes",
    "name": "Sunkist Orange Crush",
    "imageUrl": "https://shop.coles.com.au/wcsstore/Coles-CAS/images/5/0/4/5042653-th.jpg",
    "categories": ["drinks"],
    "tags": ["soft-drinks", "flavoured-soft-drinks"],
    "locations": {
      "vic": {
        "price": 2,
        "promoText": "Was $3.25 on May 2017 ",
        "packageSize": "2L",
        "packagePrice": "$1.00 per 1L"
      }
    }
  },
  {
    "id": "schweppes-soft-drink-sarsparilla",
    "brand": "Schweppes",
    "name": "Sarsaparilla",
    "imageUrl": "https://shop.coles.com.au/wcsstore/Coles-CAS/images/3/2/7/3270227-th.jpg",
    "categories": ["drinks"],
    "tags": ["soft-drinks", "flavoured-soft-drinks"],
    "locations": {
      "vic": {
        "price": 2,
        "promoText": " ",
        "packageSize": "1.1L",
        "packagePrice": "$1.82 per 1L"
      }
    }
  },
  {
    "id": "schweppes-soft-drink-lime",
    "brand": "Schweppes",
    "name": "Lime Drink",
    "imageUrl": "https://shop.coles.com.au/wcsstore/Coles-CAS/images/3/2/7/3270205-th.jpg",
    "categories": ["drinks"],
    "tags": ["soft-drinks", "flavoured-soft-drinks"],
    "locations": {
      "vic": {
        "price": 2,
        "promoText": " ",
        "packageSize": "1.1L",
        "packagePrice": "$1.82 per 1L"
      }
    }
  },
  {
    "id": "schweppes-zero-sugar-soft-drink-lemonade",
    "brand": "Schweppes",
    "name": "Zero Sugar Soft Drink Lemonade",
    "imageUrl": "https://shop.coles.com.au/wcsstore/ColesResponsiveStorefrontAssetStore/dist/ccfc54aed6e361b650bcf0582f7b576b/img/img_product-placeholder.png",
    "categories": ["drinks"],
    "tags": ["soft-drinks", "flavoured-soft-drinks"],
    "locations": {
      "vic": {
        "price": 2,
        "promoText": " ",
        "packageSize": "",
        "packagePrice": ""
      }
    }
  },
  {
    "id": "solo-soft-drink-zero-sugar",
    "brand": "Solo",
    "name": "Soft Drink Zero Sugar",
    "imageUrl": "https://shop.coles.com.au/wcsstore/ColesResponsiveStorefrontAssetStore/dist/ccfc54aed6e361b650bcf0582f7b576b/img/img_product-placeholder.png",
    "categories": ["drinks"],
    "tags": ["soft-drinks", "flavoured-soft-drinks"],
    "locations": {
      "vic": {
        "price": 2,
        "promoText": " ",
        "packageSize": "",
        "packagePrice": ""
      }
    }
  },
  {
    "id": "sunkist--sunkist-orange-mini-can-6x200ml",
    "brand": "Sunkist",
    "name": "Orange Multipack Mini Cans 200mL",
    "imageUrl": "https://shop.coles.com.au/wcsstore/Coles-CAS/images/2/5/0/2508028-th.jpg",
    "categories": ["drinks"],
    "tags": ["soft-drinks", "flavoured-soft-drinks"],
    "locations": {
      "vic": {
        "price": 4,
        "promoText": "$1.30 ",
        "packageSize": "6 pack",
        "packagePrice": "$3.33 per 1L"
      }
    }
  },
  {
    "id": "sunkist-zero-sugar-soft-drink-orange-crush",
    "brand": "Sunkist",
    "name": "Zero Sugar Soft Drink Orange Crush",
    "imageUrl": "https://shop.coles.com.au/wcsstore/ColesResponsiveStorefrontAssetStore/dist/ccfc54aed6e361b650bcf0582f7b576b/img/img_product-placeholder.png",
    "categories": ["drinks"],
    "tags": ["soft-drinks", "flavoured-soft-drinks"],
    "locations": {
      "vic": {
        "price": 2,
        "promoText": " ",
        "packageSize": "",
        "packagePrice": ""
      }
    }
  },
  {
    "id": "bundaberg-soft-drink-ginger-beer",
    "brand": "Bundaberg",
    "name": "Ginger Beer Bottle",
    "imageUrl": "https://shop.coles.com.au/wcsstore/Coles-CAS/images/5/0/3/5037234-th.jpg",
    "categories": ["drinks"],
    "tags": ["soft-drinks", "mixers"],
    "locations": {
      "vic": {
        "price": 2,
        "promoText": "$0.95 ",
        "packageSize": "750mL",
        "packagePrice": "$2.67 per 1L"
      }
    }
  },
  {
    "id": "bundaberg-ginger-beer-diet",
    "brand": "Bundaberg",
    "name": "Diet Ginger Beer Bottle",
    "imageUrl": "https://shop.coles.com.au/wcsstore/Coles-CAS/images/9/8/2/9826214-th.jpg",
    "categories": ["drinks"],
    "tags": ["soft-drinks", "mixers"],
    "locations": {
      "vic": {
        "price": 2,
        "promoText": "$0.95 ",
        "packageSize": "750mL",
        "packagePrice": "$2.67 per 1L"
      }
    }
  },
  {
    "id": "bundaberg-brewed-blood-orange-375ml-bottles",
    "brand": "Bundaberg",
    "name": "Brewed Blood Orange 375mL Bottles",
    "imageUrl": "https://shop.coles.com.au/wcsstore/Coles-CAS/images/2/4/8/2481227-th.jpg",
    "categories": ["drinks"],
    "tags": ["soft-drinks", "mixers"],
    "locations": {
      "vic": {
        "price": 4.5,
        "promoText": "$1.20 ",
        "packageSize": "4 pack",
        "packagePrice": "$3.00 per 1L"
      }
    }
  },
  {
    "id": "schweppes-infused-lime-mineral-water",
    "brand": "Schweppes",
    "name": "Infused Lime Mineral Water",
    "imageUrl": "https://shop.coles.com.au/wcsstore/Coles-CAS/images/3/0/1/3014872-th.jpg",
    "categories": ["drinks"],
    "tags": ["soft-drinks", "mixers"],
    "locations": {
      "vic": {
        "price": 2,
        "promoText": " ",
        "packageSize": "1.1L",
        "packagePrice": "$1.82 per 1L"
      }
    }
  },
  {
    "id": "nexba-tonic-water-cans-lemon-lime",
    "brand": "Nexba",
    "name": "Tonic Water Cans Classic 250mL",
    "imageUrl": "https://shop.coles.com.au/wcsstore/Coles-CAS/images/3/7/1/3714262-th.jpg",
    "categories": ["drinks"],
    "tags": ["soft-drinks", "mixers"],
    "locations": {
      "vic": {
        "price": 5.4,
        "promoText": " ",
        "packageSize": "4 pack",
        "packagePrice": "$5.40 per 1L"
      }
    }
  },
  {
    "id": "schweppes-infused-raspberry-mineral-water",
    "brand": "Schweppes",
    "name": "Infused Raspberry Mineral Water",
    "imageUrl": "https://shop.coles.com.au/wcsstore/Coles-CAS/images/3/0/1/3014883-th.jpg",
    "categories": ["drinks"],
    "tags": ["soft-drinks", "mixers"],
    "locations": {
      "vic": {
        "price": 2,
        "promoText": " ",
        "packageSize": "1.1L",
        "packagePrice": "$1.82 per 1L"
      }
    }
  },
  {
    "id": "bundaberg-soft-drink-sarsaparilla-375ml-bottles",
    "brand": "Bundaberg",
    "name": "Sarsaparilla Multipack Bottles 375mL",
    "imageUrl": "https://shop.coles.com.au/wcsstore/Coles-CAS/images/7/3/7/7374520-th.jpg",
    "categories": ["drinks"],
    "tags": ["soft-drinks", "mixers"],
    "locations": {
      "vic": {
        "price": 4.5,
        "promoText": "$1.20 ",
        "packageSize": "4 pack",
        "packagePrice": "$3.00 per 1L"
      }
    }
  },
  {
    "id": "bundaberg-brewed-6x200ml-drink-ginger-beer",
    "brand": "Bundaberg",
    "name": "Ginger Beer Multipack Cans 200mL",
    "imageUrl": "https://shop.coles.com.au/wcsstore/Coles-CAS/images/3/5/3/3532797-th.jpg",
    "categories": ["drinks"],
    "tags": ["soft-drinks", "mixers"],
    "locations": {
      "vic": {
        "price": 6,
        "promoText": " ",
        "packageSize": "6 pack",
        "packagePrice": "$5.00 per 1L"
      }
    }
  },
  {
    "id": "nexba-tonic-water-cans-lime-cucumber-mint",
    "brand": "Nexba",
    "name": "Lime Cucumber Mint Tonic Water Cans 250mL",
    "imageUrl": "https://shop.coles.com.au/wcsstore/Coles-CAS/images/3/7/1/3714273-th.jpg",
    "categories": ["drinks"],
    "tags": ["soft-drinks", "mixers"],
    "locations": {
      "vic": {
        "price": 5.4,
        "promoText": " ",
        "packageSize": "4 pack",
        "packagePrice": "$5.40 per 1L"
      }
    }
  },
  {
    "id": "nexba-tonic-water-cans-cranberry-hibiscus",
    "brand": "Nexba",
    "name": "Tonic Water Cans Cranberry Hibiscus",
    "imageUrl": "https://shop.coles.com.au/wcsstore/Coles-CAS/images/3/7/1/3714284-th.jpg",
    "categories": ["drinks"],
    "tags": ["soft-drinks", "mixers"],
    "locations": {
      "vic": {
        "price": 5.4,
        "promoText": " ",
        "packageSize": "4 pack",
        "packagePrice": "$5.40 per 1L"
      }
    }
  },
  {
    "id": "monster-ultra-500ml-energry-drink",
    "brand": "Monster",
    "name": "Zero Ultra Energy Drink Cans 4 Pack",
    "imageUrl": "https://shop.coles.com.au/wcsstore/Coles-CAS/images/2/7/8/2785108-th.jpg",
    "categories": ["drinks"],
    "tags": ["soft-drinks", "energy-drinks"],
    "locations": {
      "vic": {
        "price": 11.7,
        "promoText": "Any 2 $14",
        "packageSize": "500ml",
        "packagePrice": "$5.85 per 1L"
      }
    }
  },
  {
    "id": "v-energy-drink-8737185p",
    "brand": "V",
    "name": "Energy Drink Can",
    "imageUrl": "https://shop.coles.com.au/wcsstore/Coles-CAS/images/8/7/3/8737185-th.jpg",
    "categories": ["drinks"],
    "tags": ["soft-drinks", "energy-drinks"],
    "locations": {
      "vic": {
        "price": 2.8,
        "promoText": "Any 2 $4",
        "packageSize": "250mL",
        "packagePrice": "$11.20 per 1L"
      }
    }
  },
  {
    "id": "v-multipack-10x200ml-energy-drink-original",
    "brand": "V",
    "name": "Guarana Energy Drink Fridge Pack",
    "imageUrl": "https://shop.coles.com.au/wcsstore/Coles-CAS/images/2/8/9/2894147-th.jpg",
    "categories": ["drinks"],
    "tags": ["soft-drinks", "energy-drinks"],
    "locations": {
      "vic": {
        "price": 12,
        "promoText": " ",
        "packageSize": "10 pack",
        "packagePrice": "$6.00 per 1L"
      }
    }
  },
  {
    "id": "monster-energy-drink-absolute-zero",
    "brand": "Monster",
    "name": "Ultra Sunrise Energy Drink",
    "imageUrl": "https://shop.coles.com.au/wcsstore/Coles-CAS/images/1/3/3/1337382-th.jpg",
    "categories": ["drinks"],
    "tags": ["soft-drinks", "energy-drinks"],
    "locations": {
      "vic": {
        "price": 1.75,
        "promoText": "$1.75 ",
        "packageSize": "500mL",
        "packagePrice": "$0.35 per 100mL"
      }
    }
  },
  {
    "id": "v-energy-drink-rasp-lemonade-3734736p",
    "brand": "V Energy",
    "name": "Drink Rasp Lemonade 275mL",
    "imageUrl": "https://shop.coles.com.au/wcsstore/Coles-CAS/images/3/7/3/3734736-th.jpg",
    "categories": ["drinks"],
    "tags": ["soft-drinks", "energy-drinks"],
    "locations": {
      "vic": {
        "price": 6,
        "promoText": "$3.35 ",
        "packageSize": "4 pack",
        "packagePrice": "$5.45 per 1L"
      }
    }
  },
  {
    "id": "lucozade-energy-drink-original-1503620p",
    "brand": "Lucozade",
    "name": "Original Energy Drink",
    "imageUrl": "https://shop.coles.com.au/wcsstore/Coles-CAS/images/1/5/0/1503620-th.jpg",
    "categories": ["drinks"],
    "tags": ["soft-drinks", "energy-drinks"],
    "locations": {
      "vic": {
        "price": 2.8,
        "promoText": " ",
        "packageSize": "380mL",
        "packagePrice": "$7.37 per 1L"
      }
    }
  },
  {
    "id": "monster-energy-drink-ultra",
    "brand": "Monster",
    "name": "Ultra Energy Drink Can 250mL",
    "imageUrl": "https://shop.coles.com.au/wcsstore/Coles-CAS/images/3/2/9/3299488-th.jpg",
    "categories": ["drinks"],
    "tags": ["soft-drinks", "energy-drinks"],
    "locations": {
      "vic": {
        "price": 7,
        "promoText": "$3.00 ",
        "packageSize": "6 pack",
        "packagePrice": "$4.67 per 1L"
      }
    }
  },
  {
    "id": "monster-energy-can-pineapple-punch-3511469p",
    "brand": "Monster",
    "name": "Pipeline Punch Energy Juice Can",
    "imageUrl": "https://shop.coles.com.au/wcsstore/Coles-CAS/images/3/5/1/3511469-th.jpg",
    "categories": ["drinks"],
    "tags": ["soft-drinks", "energy-drinks"],
    "locations": {
      "vic": {
        "price": 3.5,
        "promoText": " ",
        "packageSize": "500mL",
        "packagePrice": "$7.00 per 1L"
      }
    }
  },
  {
    "id": "red-bull-250ml-energy-drink-watermelon",
    "brand": "Red Bull",
    "name": "Energy Drink Watermelon",
    "imageUrl": "https://shop.coles.com.au/wcsstore/Coles-CAS/images/3/7/4/3741141-th.jpg",
    "categories": ["drinks"],
    "tags": ["soft-drinks", "energy-drinks"],
    "locations": {
      "vic": {
        "price": 2.85,
        "promoText": "Any 2 $4",
        "packageSize": "250mL",
        "packagePrice": "$11.40 per 1L"
      }
    }
  },
  {
    "id": "red-eye-energy-drink-platinum-with-attitude",
    "brand": "Red Eye",
    "name": "Platinum with Attitude Energy Drink",
    "imageUrl": "https://shop.coles.com.au/wcsstore/Coles-CAS/images/8/5/2/8523873-th.jpg",
    "categories": ["drinks"],
    "tags": ["soft-drinks", "energy-drinks"],
    "locations": {
      "vic": {
        "price": 2,
        "promoText": "$0.60 ",
        "packageSize": "330mL",
        "packagePrice": "$6.06 per 1L"
      }
    }
  },
  {
    "id": "summit-energy-drink-regular",
    "brand": "Coles",
    "name": "Summit Regular Energy Drink Can",
    "imageUrl": "https://shop.coles.com.au/wcsstore/Coles-CAS/images/3/4/4/3448588-th.jpg",
    "categories": ["drinks"],
    "tags": ["soft-drinks", "energy-drinks"],
    "locations": {
      "vic": {
        "price": 1.1,
        "promoText": " ",
        "packageSize": "250mL",
        "packagePrice": "$4.40 per 1L"
      }
    }
  },
  {
    "id": "monster--green-energy-drink-can",
    "brand": "Monster",
    "name": "Green Can Energy Drink",
    "imageUrl": "https://shop.coles.com.au/wcsstore/Coles-CAS/images/2/7/8/2787136-th.jpg",
    "categories": ["drinks"],
    "tags": ["soft-drinks", "energy-drinks"],
    "locations": {
      "vic": {
        "price": 3.5,
        "promoText": " ",
        "packageSize": "500mL",
        "packagePrice": "$7.00 per 1L"
      }
    }
  },
  {
    "id": "monster--ultra-energy-drink-can",
    "brand": "Monster",
    "name": "Zero Ultra Energy Drink Can",
    "imageUrl": "https://shop.coles.com.au/wcsstore/Coles-CAS/images/2/7/8/2787147-th.jpg",
    "categories": ["drinks"],
    "tags": ["soft-drinks", "energy-drinks"],
    "locations": {
      "vic": {
        "price": 3.5,
        "promoText": " ",
        "packageSize": "500mL",
        "packagePrice": "$7.00 per 1L"
      }
    }
  },
  {
    "id": "monster-energy-can-mango",
    "brand": "Monster",
    "name": "Mango Laco Energy Drink",
    "imageUrl": "https://shop.coles.com.au/wcsstore/Coles-CAS/images/3/2/9/3290778-th.jpg",
    "categories": ["drinks"],
    "tags": ["soft-drinks", "energy-drinks"],
    "locations": {
      "vic": {
        "price": 3.5,
        "promoText": " ",
        "packageSize": "500mL",
        "packagePrice": "$7.00 per 1L"
      }
    }
  },
  {
    "id": "monster-energy-can-mule",
    "brand": "Monster",
    "name": "Energy Can Mule",
    "imageUrl": "https://shop.coles.com.au/wcsstore/Coles-CAS/images/3/7/3/3733937-th.jpg",
    "categories": ["drinks"],
    "tags": ["soft-drinks", "energy-drinks"],
    "locations": {
      "vic": {
        "price": 3.5,
        "promoText": " ",
        "packageSize": "500mL",
        "packagePrice": "$7.00 per 1L"
      }
    }
  },
  {
    "id": "mother-energy-drink-black",
    "brand": "Mother",
    "name": "Energy Drink Can",
    "imageUrl": "https://shop.coles.com.au/wcsstore/Coles-CAS/images/6/5/2/6526906-th.jpg",
    "categories": ["drinks"],
    "tags": ["soft-drinks", "energy-drinks"],
    "locations": {
      "vic": {
        "price": 2.75,
        "promoText": "Was $2.91 on Dec 2018 ",
        "packageSize": "500mL",
        "packagePrice": "$5.50 per 1L"
      }
    }
  },
  {
    "id": "mother-500ml-can-energy-drink-passionfruit-3189821p",
    "brand": "Mother",
    "name": "Passionfruit Energy Drink Can",
    "imageUrl": "https://shop.coles.com.au/wcsstore/Coles-CAS/images/3/1/8/3189821-th.jpg",
    "categories": ["drinks"],
    "tags": ["soft-drinks", "energy-drinks"],
    "locations": {
      "vic": {
        "price": 2.75,
        "promoText": "Was $2.91 on Dec 2018 ",
        "packageSize": "500mL",
        "packagePrice": "$5.50 per 1L"
      }
    }
  },
  {
    "id": "mother-500ml-can-energy-drink-3504135p",
    "brand": "Mother",
    "name": "Tropical Blast Energy Drink Can",
    "imageUrl": "https://shop.coles.com.au/wcsstore/Coles-CAS/images/3/5/0/3504135-th.jpg",
    "categories": ["drinks"],
    "tags": ["soft-drinks", "energy-drinks"],
    "locations": {
      "vic": {
        "price": 2,
        "promoText": "$0.75 ",
        "packageSize": "500mL",
        "packagePrice": "$4.00 per 1L"
      }
    }
  },
  {
    "id": "mother-energy-drink-sugar-free-3512825p",
    "brand": "Mother",
    "name": "Sugar Free Energy Drink 4 pack",
    "imageUrl": "https://shop.coles.com.au/wcsstore/Coles-CAS/images/3/5/1/3512825-th.jpg",
    "categories": ["drinks"],
    "tags": ["soft-drinks", "energy-drinks"],
    "locations": {
      "vic": {
        "price": 6.2,
        "promoText": " ",
        "packageSize": "500mL",
        "packagePrice": "$3.10 per 1L"
      }
    }
  },
  {
    "id": "red-bull-energy-drink-5801674p",
    "brand": "Red Bull",
    "name": "Energy Drink Can",
    "imageUrl": "https://shop.coles.com.au/wcsstore/Coles-CAS/images/5/8/0/5801674-th.jpg",
    "categories": ["drinks"],
    "tags": ["soft-drinks", "energy-drinks"],
    "locations": {
      "vic": {
        "price": 3.65,
        "promoText": " ",
        "packageSize": "355mL",
        "packagePrice": "$10.28 per 1L"
      }
    }
  },
  {
    "id": "red-bull-energy-drink-summer-edition-tropical-4-x-250ml",
    "brand": "Red Bull",
    "name": "Tropical Energy Drink 250mL Cans",
    "imageUrl": "https://shop.coles.com.au/wcsstore/Coles-CAS/images/2/5/0/2500570-th.jpg",
    "categories": ["drinks"],
    "tags": ["soft-drinks", "energy-drinks"],
    "locations": {
      "vic": {
        "price": 10.2,
        "promoText": " ",
        "packageSize": "4 pack",
        "packagePrice": "$10.20 per 1L"
      }
    }
  },
  {
    "id": "red-bull-zero-energy-drink-can",
    "brand": "Red Bull",
    "name": "Zero Energy Drink Single Can",
    "imageUrl": "https://shop.coles.com.au/wcsstore/Coles-CAS/images/1/4/9/1492454-th.jpg",
    "categories": ["drinks"],
    "tags": ["soft-drinks", "energy-drinks"],
    "locations": {
      "vic": {
        "price": 2.85,
        "promoText": " ",
        "packageSize": "250mL",
        "packagePrice": "$11.40 per 1L"
      }
    }
  },
  {
    "id": "red-bull-sugar-free-energy-drink-can",
    "brand": "Red Bull",
    "name": "Sugar Free Energy Drink Single Can",
    "imageUrl": "https://shop.coles.com.au/wcsstore/Coles-CAS/images/9/5/0/9505006-th.jpg",
    "categories": ["drinks"],
    "tags": ["soft-drinks", "energy-drinks"],
    "locations": {
      "vic": {
        "price": 2.85,
        "promoText": " ",
        "packageSize": "250mL",
        "packagePrice": "$11.40 per 1L"
      }
    }
  },
  {
    "id": "red-bull-original-energy-drink-can",
    "brand": "Red Bull",
    "name": "Energy Drink Single Can",
    "imageUrl": "https://shop.coles.com.au/wcsstore/Coles-CAS/images/8/6/5/8654973-th.jpg",
    "categories": ["drinks"],
    "tags": ["soft-drinks", "energy-drinks"],
    "locations": {
      "vic": {
        "price": 2.85,
        "promoText": " ",
        "packageSize": "250mL",
        "packagePrice": "$11.40 per 1L"
      }
    }
  },
  {
    "id": "red-bull-energy-drink-original",
    "brand": "Red Bull",
    "name": "Energy Drink Can",
    "imageUrl": "https://shop.coles.com.au/wcsstore/Coles-CAS/images/7/2/5/7255622-th.jpg",
    "categories": ["drinks"],
    "tags": ["soft-drinks", "energy-drinks"],
    "locations": {
      "vic": {
        "price": 4.4,
        "promoText": " ",
        "packageSize": "473mL",
        "packagePrice": "$9.30 per 1L"
      }
    }
  },
  {
    "id": "red-bull-4x473ml-energy-drink-original",
    "brand": "Red Bull",
    "name": "Energy Drink Multipack 473mL",
    "imageUrl": "https://shop.coles.com.au/wcsstore/Coles-CAS/images/3/1/9/3192495-th.jpg",
    "categories": ["drinks"],
    "tags": ["soft-drinks", "energy-drinks"],
    "locations": {
      "vic": {
        "price": 15,
        "promoText": " ",
        "packageSize": "4 pack",
        "packagePrice": "$7.93 per 1L"
      }
    }
  },
  {
    "id": "red-bull-orange-edition",
    "brand": "Red Bull",
    "name": "Orange Flavour Edition Energy Drink",
    "imageUrl": "https://shop.coles.com.au/wcsstore/Coles-CAS/images/3/4/6/3465973-th.jpg",
    "categories": ["drinks"],
    "tags": ["soft-drinks", "energy-drinks"],
    "locations": {
      "vic": {
        "price": 2.85,
        "promoText": "Any 2 $4",
        "packageSize": "250mL",
        "packagePrice": "$11.40 per 1L"
      }
    }
  },
  {
    "id": "rockstar-energy-drink-guava-500ml-can",
    "brand": "Rockstar",
    "name": "Punched Tropical Guava Flavoured Energy Drink 500mL",
    "imageUrl": "https://shop.coles.com.au/wcsstore/Coles-CAS/images/7/9/0/7908715-th.jpg",
    "categories": ["drinks"],
    "tags": ["soft-drinks", "energy-drinks"],
    "locations": {
      "vic": {
        "price": 6,
        "promoText": "$4.00 ",
        "packageSize": "4 pack",
        "packagePrice": "$3.00 per 1L"
      }
    }
  },
  {
    "id": "rockstar-energy-drink-guava",
    "brand": "Rockstar",
    "name": "Punched Tropical Guava Flavour Energy Drink",
    "imageUrl": "https://shop.coles.com.au/wcsstore/Coles-CAS/images/7/3/8/7388750-th.jpg",
    "categories": ["drinks"],
    "tags": ["soft-drinks", "energy-drinks"],
    "locations": {
      "vic": {
        "price": 2.6,
        "promoText": " ",
        "packageSize": "500mL",
        "packagePrice": "$5.20 per 1L"
      }
    }
  },
  {
    "id": "v-energy-drink-can",
    "brand": "V",
    "name": "Green Energy Drink Can",
    "imageUrl": "https://shop.coles.com.au/wcsstore/Coles-CAS/images/6/9/6/6963503-th.jpg",
    "categories": ["drinks"],
    "tags": ["soft-drinks", "energy-drinks"],
    "locations": {
      "vic": {
        "price": 3,
        "promoText": " ",
        "packageSize": "500mL",
        "packagePrice": "$6.00 per 1L"
      }
    }
  },
  {
    "id": "v-energy-drink-sugar-free-9589458p",
    "brand": "V",
    "name": "Sugarfree  Energy Drink",
    "imageUrl": "https://shop.coles.com.au/wcsstore/Coles-CAS/images/9/5/8/9589458-th.jpg",
    "categories": ["drinks"],
    "tags": ["soft-drinks", "energy-drinks"],
    "locations": {
      "vic": {
        "price": 2.8,
        "promoText": "Any 2 $4",
        "packageSize": "250mL",
        "packagePrice": "$11.20 per 1L"
      }
    }
  },
  {
    "id": "v-energy-drink-can-blue-500ml",
    "brand": "V",
    "name": "Energy Drink Blue Can",
    "imageUrl": "https://shop.coles.com.au/wcsstore/Coles-CAS/images/1/2/5/1256145-th.jpg",
    "categories": ["drinks"],
    "tags": ["soft-drinks", "energy-drinks"],
    "locations": {
      "vic": {
        "price": 3,
        "promoText": " ",
        "packageSize": "500mL",
        "packagePrice": "$6.00 per 1L"
      }
    }
  },
  {
    "id": "v-energy-drink-rasp-lemonade",
    "brand": "V Energy",
    "name": "Raspberry Lemonade Drink",
    "imageUrl": "https://shop.coles.com.au/wcsstore/Coles-CAS/images/3/7/3/3734747-th.jpg",
    "categories": ["drinks"],
    "tags": ["soft-drinks", "energy-drinks"],
    "locations": {
      "vic": {
        "price": 2.8,
        "promoText": "Any 2 $4",
        "packageSize": "250mL",
        "packagePrice": "$11.20 per 1L"
      }
    }
  },
  {
    "id": "v-energy-raspberry-lemonade-drink",
    "brand": "V Energy",
    "name": "Raspberry Lemonade Drink",
    "imageUrl": "https://shop.coles.com.au/wcsstore/Coles-CAS/images/3/7/3/3734827-th.jpg",
    "categories": ["drinks"],
    "tags": ["soft-drinks", "energy-drinks"],
    "locations": {
      "vic": {
        "price": 3,
        "promoText": " ",
        "packageSize": "500mL",
        "packagePrice": "$6.00 per 1L"
      }
    }
  },
  {
    "id": "nexba-kombucha-apple-pear-ginger",
    "brand": "Nexba",
    "name": "Apple Pear Ginger Kombucha Drink 330mL",
    "imageUrl": "https://shop.coles.com.au/wcsstore/Coles-CAS/images/3/7/1/3718332-th.jpg",
    "categories": ["drinks"],
    "tags": ["cordials", "all-cordials"],
    "locations": {
      "vic": {
        "price": 6.4,
        "promoText": "$1.60 ",
        "packageSize": "4 pack",
        "packagePrice": "$4.85 per 1L"
      }
    }
  },
  {
    "id": "nexba-kombucha-drink-elderflower-lemon",
    "brand": "Nexba",
    "name": "Elderflower Lemon Kombucha Drink",
    "imageUrl": "https://shop.coles.com.au/wcsstore/Coles-CAS/images/3/7/1/3718387-th.jpg",
    "categories": ["drinks"],
    "tags": ["cordials", "all-cordials"],
    "locations": {
      "vic": {
        "price": 6,
        "promoText": " ",
        "packageSize": "1L",
        "packagePrice": "$6.00 per 1L"
      }
    }
  },
  {
    "id": "bottlegreen-cordial-elderflower",
    "brand": "Bottlegreen",
    "name": "Elderflower Cordial",
    "imageUrl": "https://shop.coles.com.au/wcsstore/Coles-CAS/images/5/3/7/5373322-th.jpg",
    "categories": ["drinks"],
    "tags": ["cordials", "all-cordials"],
    "locations": {
      "vic": {
        "price": 7,
        "promoText": " ",
        "packageSize": "500mL",
        "packagePrice": "$14.00 per 1L"
      }
    }
  },
  {
    "id": "bickfords-cordial-bitter-lemon",
    "brand": "Bickford's",
    "name": "Bitter Lemon Cordial",
    "imageUrl": "https://shop.coles.com.au/wcsstore/Coles-CAS/images/2/6/1/261627-th.jpg",
    "categories": ["drinks"],
    "tags": ["cordials", "all-cordials"],
    "locations": {
      "vic": {
        "price": 4,
        "promoText": " ",
        "packageSize": "750mL",
        "packagePrice": "$5.33 per 1L"
      }
    }
  },
  {
    "id": "ribena-blackcurrant-lite-syrup-1-litre",
    "brand": "Ribena",
    "name": "Blackcurrant Fruit Juice Syrup Bottle",
    "imageUrl": "https://shop.coles.com.au/wcsstore/Coles-CAS/images/3/4/0/3407682-th.jpg",
    "categories": ["drinks"],
    "tags": ["cordials", "all-cordials"],
    "locations": {
      "vic": {
        "price": 6,
        "promoText": " ",
        "packageSize": "1L",
        "packagePrice": "$6.00 per 1L"
      }
    }
  },
  {
    "id": "bickfords-diet-cordial-3592562p",
    "brand": "Bickfords",
    "name": "Diet Lemon Lime & Bitters Cordial",
    "imageUrl": "https://shop.coles.com.au/wcsstore/Coles-CAS/images/3/5/9/3592562-th.jpg",
    "categories": ["drinks"],
    "tags": ["cordials", "all-cordials"],
    "locations": {
      "vic": {
        "price": 4,
        "promoText": " ",
        "packageSize": "750mL",
        "packagePrice": "$5.33 per 1L"
      }
    }
  },
  {
    "id": "cottees-cordial-orange-mango-3529500p",
    "brand": "Cottee's",
    "name": "Orange & Mango Flavour Cordial",
    "imageUrl": "https://shop.coles.com.au/wcsstore/Coles-CAS/images/3/5/2/3529500-th.jpg",
    "categories": ["drinks"],
    "tags": ["cordials", "all-cordials"],
    "locations": {
      "vic": {
        "price": 4.2,
        "promoText": "Any 2 $7.50",
        "packageSize": "1L",
        "packagePrice": "$4.20 per 1L"
      }
    }
  },
  {
    "id": "nexba-kombucha-drink-strawberry-peach",
    "brand": "Nexba",
    "name": "Strawberry Peach Kombucha Drink",
    "imageUrl": "https://shop.coles.com.au/wcsstore/Coles-CAS/images/3/7/1/3719299-th.jpg",
    "categories": ["drinks"],
    "tags": ["cordials", "all-cordials"],
    "locations": {
      "vic": {
        "price": 6,
        "promoText": " ",
        "packageSize": "1L",
        "packagePrice": "$6.00 per 1L"
      }
    }
  },
  {
    "id": "nexba-kombucha-drink-mixed-berry",
    "brand": "Nexba",
    "name": "Mixed Berry Kombucha Drink",
    "imageUrl": "https://shop.coles.com.au/wcsstore/Coles-CAS/images/3/7/1/3719302-th.jpg",
    "categories": ["drinks"],
    "tags": ["cordials", "all-cordials"],
    "locations": {
      "vic": {
        "price": 6,
        "promoText": " ",
        "packageSize": "1L",
        "packagePrice": "$6.00 per 1L"
      }
    }
  },
  {
    "id": "belvoir-elderflower-cordial",
    "brand": "Belvoir",
    "name": "Elderflower Cordial",
    "imageUrl": "https://shop.coles.com.au/wcsstore/ColesResponsiveStorefrontAssetStore/dist/ccfc54aed6e361b650bcf0582f7b576b/img/img_product-placeholder.png",
    "categories": ["drinks"],
    "tags": ["cordials", "all-cordials"],
    "locations": {
      "vic": {
        "price": 6,
        "promoText": " ",
        "packageSize": "500mL",
        "packagePrice": "$1.20 per 100mL"
      }
    }
  },
  {
    "id": "sodastream-classic-syurp-cola",
    "brand": "Sodastream",
    "name": "Classics Cola Naturally Flavoured Sparkling Drink Mix",
    "imageUrl": "https://shop.coles.com.au/wcsstore/Coles-CAS/images/3/4/1/3412897-th.jpg",
    "categories": ["drinks"],
    "tags": ["cordials", "all-cordials"],
    "locations": {
      "vic": {
        "price": 5,
        "promoText": " ",
        "packageSize": "440mL",
        "packagePrice": "$11.36 per 1L"
      }
    }
  },
  {
    "id": "belvoir-elderflower-rose-cordial",
    "brand": "Belvoir",
    "name": "Elderflower & Rose Cordial",
    "imageUrl": "https://shop.coles.com.au/wcsstore/ColesResponsiveStorefrontAssetStore/dist/ccfc54aed6e361b650bcf0582f7b576b/img/img_product-placeholder.png",
    "categories": ["drinks"],
    "tags": ["cordials", "all-cordials"],
    "locations": {
      "vic": {
        "price": 6,
        "promoText": " ",
        "packageSize": "500mL",
        "packagePrice": "$1.20 per 100mL"
      }
    }
  },
  {
    "id": "belvoir-blueblerry-blackcurrant-cordial",
    "brand": "Belvoir",
    "name": "Blueberry & Blackcurrant Cordial",
    "imageUrl": "https://shop.coles.com.au/wcsstore/ColesResponsiveStorefrontAssetStore/dist/ccfc54aed6e361b650bcf0582f7b576b/img/img_product-placeholder.png",
    "categories": ["drinks"],
    "tags": ["cordials", "all-cordials"],
    "locations": {
      "vic": {
        "price": 6,
        "promoText": " ",
        "packageSize": "500mL",
        "packagePrice": "$1.20 per 100mL"
      }
    }
  },
  {
    "id": "cottees-cordial-apple-kiwi-lime",
    "brand": "Cottee's",
    "name": "Apple, Lime & Kiwi  Flavour Cordial",
    "imageUrl": "https://shop.coles.com.au/wcsstore/Coles-CAS/images/3/5/2/3529522-th.jpg",
    "categories": ["drinks"],
    "tags": ["cordials", "all-cordials"],
    "locations": {
      "vic": {
        "price": 4.2,
        "promoText": "Any 2 $7.50",
        "packageSize": "1L",
        "packagePrice": "$4.20 per 1L"
      }
    }
  },
  {
    "id": "sodastream-classic-syurp-cream-soda",
    "brand": "Sodastream",
    "name": "Classics Cream Soda Flavoured Sparkling Drink Mix",
    "imageUrl": "https://shop.coles.com.au/wcsstore/Coles-CAS/images/3/4/1/3412864-th.jpg",
    "categories": ["drinks"],
    "tags": ["cordials", "all-cordials"],
    "locations": {
      "vic": {
        "price": 5,
        "promoText": " ",
        "packageSize": "440mL",
        "packagePrice": "$11.36 per 1L"
      }
    }
  },
  {
    "id": "yacoya-aloe-crush-sugar-free",
    "brand": "Ya-coya",
    "name": "Aloe Crush Flavour Drink",
    "imageUrl": "https://shop.coles.com.au/wcsstore/Coles-CAS/images/3/5/2/3529588-th.jpg",
    "categories": ["drinks"],
    "tags": ["cordials", "all-cordials"],
    "locations": {
      "vic": {
        "price": 4.2,
        "promoText": " ",
        "packageSize": "1.5L",
        "packagePrice": "$2.80 per 1L"
      }
    }
  },
  {
    "id": "yacoya-aloe-crush-original",
    "brand": "Ya-coya",
    "name": "Aloe Crush Flavour Drink",
    "imageUrl": "https://shop.coles.com.au/wcsstore/Coles-CAS/images/3/5/2/3529577-th.jpg",
    "categories": ["drinks"],
    "tags": ["cordials", "all-cordials"],
    "locations": {
      "vic": {
        "price": 4.2,
        "promoText": " ",
        "packageSize": "1.5L",
        "packagePrice": "$2.80 per 1L"
      }
    }
  },
  {
    "id": "mount-franklin-water-spring-20-pack",
    "brand": "Mount Franklin",
    "name": "Pure Spring Water 500mL",
    "imageUrl": "https://shop.coles.com.au/wcsstore/Coles-CAS/images/7/9/0/7909649-th.jpg",
    "categories": ["drinks"],
    "tags": ["water", "still-water"],
    "locations": {
      "vic": {
        "price": 7,
        "promoText": "Was $10.00 on Jun 2018 ",
        "packageSize": "20 pack",
        "packagePrice": "$0.70 per 1L"
      }
    }
  },
  {
    "id": "g-active--electrolyte-water-berry",
    "brand": "G Active",
    "name": "Berry Flavoured Electrolyte Water",
    "imageUrl": "https://shop.coles.com.au/wcsstore/Coles-CAS/images/2/9/2/2925830-th.jpg",
    "categories": ["drinks"],
    "tags": ["water", "still-water"],
    "locations": {
      "vic": {
        "price": 3.4,
        "promoText": "Any 2 $5",
        "packageSize": "600mL",
        "packagePrice": "$5.67 per 1L"
      }
    }
  },
  {
    "id": "mount-franklin-water-500ml-12-pack",
    "brand": "Mount Franklin",
    "name": "Pure Spring Water 500mL",
    "imageUrl": "https://shop.coles.com.au/wcsstore/Coles-CAS/images/3/0/4/3049753-th.jpg",
    "categories": ["drinks"],
    "tags": ["water", "still-water"],
    "locations": {
      "vic": {
        "price": 7,
        "promoText": " ",
        "packageSize": "12 pack",
        "packagePrice": "$1.17 per 1L"
      }
    }
  },
  {
    "id": "mount-franklin-water-1l-bottles",
    "brand": "Mount Franklin",
    "name": "Pure Spring Water 1L",
    "imageUrl": "https://shop.coles.com.au/wcsstore/Coles-CAS/images/9/5/9/9599848-th.jpg",
    "categories": ["drinks"],
    "tags": ["water", "still-water"],
    "locations": {
      "vic": {
        "price": 5.6,
        "promoText": "$1.40 ",
        "packageSize": "6 pack",
        "packagePrice": "$0.93 per 1L"
      }
    }
  },
  {
    "id": "g-active--electrolyte-water-lemon",
    "brand": "G Active",
    "name": "Lemon Flavoured Electrolyte Water",
    "imageUrl": "https://shop.coles.com.au/wcsstore/Coles-CAS/images/2/9/2/2925841-th.jpg",
    "categories": ["drinks"],
    "tags": ["water", "still-water"],
    "locations": {
      "vic": {
        "price": 3.4,
        "promoText": "Any 2 $5",
        "packageSize": "600mL",
        "packagePrice": "$5.67 per 1L"
      }
    }
  },
  {
    "id": "g-active-electrolyte-water-orange",
    "brand": "G Active",
    "name": "Orange Flavoured Electrolyte Water",
    "imageUrl": "https://shop.coles.com.au/wcsstore/Coles-CAS/images/2/9/2/2925852-th.jpg",
    "categories": ["drinks"],
    "tags": ["water", "still-water"],
    "locations": {
      "vic": {
        "price": 3.4,
        "promoText": "Any 2 $5",
        "packageSize": "600mL",
        "packagePrice": "$5.67 per 1L"
      }
    }
  },
  {
    "id": "frantelle-spring-water-600ml-bottles",
    "brand": "Frantelle",
    "name": "Natural Spring Water 600ml",
    "imageUrl": "https://shop.coles.com.au/wcsstore/Coles-CAS/images/4/9/7/4978690-th.jpg",
    "categories": ["drinks"],
    "tags": ["water", "still-water"],
    "locations": {
      "vic": {
        "price": 13,
        "promoText": "2 for $18",
        "packageSize": "24 pack",
        "packagePrice": "$0.90 per 1L"
      }
    }
  },
  {
    "id": "frantelle-the-perfect-traveller-spring-water-600ml",
    "brand": "Frantelle",
    "name": "The Perfect Traveller Spring Water 600ml",
    "imageUrl": "https://shop.coles.com.au/wcsstore/Coles-CAS/images/9/6/0/9602443-th.jpg",
    "categories": ["drinks"],
    "tags": ["water", "still-water"],
    "locations": {
      "vic": {
        "price": 6.2,
        "promoText": "2 for $8",
        "packageSize": "12 pack",
        "packagePrice": "$0.86 per 1L"
      }
    }
  },
  {
    "id": "frantelle-sports-cap-water",
    "brand": "Frantelle",
    "name": "The Day Tripper Spring Water",
    "imageUrl": "https://shop.coles.com.au/wcsstore/Coles-CAS/images/3/0/5/3050184-th.jpg",
    "categories": ["drinks"],
    "tags": ["water", "still-water"],
    "locations": {
      "vic": {
        "price": 1.4,
        "promoText": " ",
        "packageSize": "1L",
        "packagePrice": "$1.40 per 1L"
      }
    }
  },
  {
    "id": "coles-water-spring-600ml-bottles-7906946p",
    "brand": "Coles",
    "name": "Natural Spring Water 600mL",
    "imageUrl": "https://shop.coles.com.au/wcsstore/Coles-CAS/images/7/9/0/7906946-th.jpg",
    "categories": ["drinks"],
    "tags": ["water", "still-water"],
    "locations": {
      "vic": {
        "price": 6,
        "promoText": " ",
        "packageSize": "24 pack",
        "packagePrice": "$0.42 per 1L"
      }
    }
  },
  {
    "id": "coles-water-spring-15l-bottles",
    "brand": "Coles",
    "name": "Natural Spring Water 1.5L",
    "imageUrl": "https://shop.coles.com.au/wcsstore/Coles-CAS/images/7/9/0/7906196-th.jpg",
    "categories": ["drinks"],
    "tags": ["water", "still-water"],
    "locations": {
      "vic": {
        "price": 5.5,
        "promoText": " ",
        "packageSize": "8 pack",
        "packagePrice": "$0.46 per 1L"
      }
    }
  },
  {
    "id": "coles-brand-water-spring-natural",
    "brand": "Coles",
    "name": "Natural Spring Water",
    "imageUrl": "https://shop.coles.com.au/wcsstore/Coles-CAS/images/4/8/7/4874490-th.jpg",
    "categories": ["drinks"],
    "tags": ["water", "still-water"],
    "locations": {
      "vic": {
        "price": 0.7,
        "promoText": " ",
        "packageSize": "1.5L",
        "packagePrice": "$0.47 per 1L"
      }
    }
  },
  {
    "id": "coles-water-spring-natural",
    "brand": "Coles",
    "name": "Natural Spring Water",
    "imageUrl": "https://shop.coles.com.au/wcsstore/ColesResponsiveStorefrontAssetStore/dist/ccfc54aed6e361b650bcf0582f7b576b/img/img_product-placeholder.png",
    "categories": ["drinks"],
    "tags": ["water", "still-water"],
    "locations": {
      "vic": {
        "price": 4,
        "promoText": " ",
        "packageSize": "10L",
        "packagePrice": "$0.40 per 1L"
      }
    }
  },
  {
    "id": "coles-water-spring-350ml-bottles",
    "brand": "Coles",
    "name": "Natural Spring Water 350mL",
    "imageUrl": "https://shop.coles.com.au/wcsstore/Coles-CAS/images/6/1/0/6103549-th.jpg",
    "categories": ["drinks"],
    "tags": ["water", "still-water"],
    "locations": {
      "vic": {
        "price": 6,
        "promoText": " ",
        "packageSize": "24 pack",
        "packagePrice": "$0.71 per 1L"
      }
    }
  },
  {
    "id": "evian-water",
    "brand": "Evian",
    "name": "Natural Mineral Water",
    "imageUrl": "https://shop.coles.com.au/wcsstore/Coles-CAS/images/3/0/6/3062580-th.jpg",
    "categories": ["drinks"],
    "tags": ["water", "still-water"],
    "locations": {
      "vic": {
        "price": 3,
        "promoText": "$0.60 ",
        "packageSize": "1.25L",
        "packagePrice": "$2.40 per 1L"
      }
    }
  },
  {
    "id": "nobles-pureau-water-ultra-pure",
    "brand": "Pureau",
    "name": "Ultra Pure Water",
    "imageUrl": "https://shop.coles.com.au/wcsstore/Coles-CAS/images/7/6/1/7611636-th.jpg",
    "categories": ["drinks"],
    "tags": ["water", "still-water"],
    "locations": {
      "vic": {
        "price": 8.45,
        "promoText": " ",
        "packageSize": "10L",
        "packagePrice": "$0.85 per 1L"
      }
    }
  },
  {
    "id": "voss-water-artesian-sparkling",
    "brand": "Voss",
    "name": "Artesian Sparkling Water",
    "imageUrl": "https://shop.coles.com.au/wcsstore/Coles-CAS/images/1/4/4/1446344-th.jpg",
    "categories": ["drinks"],
    "tags": ["water", "still-water"],
    "locations": {
      "vic": {
        "price": 2.5,
        "promoText": "$0.50 ",
        "packageSize": "375mL",
        "packagePrice": "$6.67 per 1L"
      }
    }
  },
  {
    "id": "balance-cleanse-water",
    "brand": "Balance",
    "name": "Cleanse Water",
    "imageUrl": "https://shop.coles.com.au/wcsstore/Coles-CAS/images/2/1/2/2123136-th.jpg",
    "categories": ["drinks"],
    "tags": ["water", "still-water"],
    "locations": {
      "vic": {
        "price": 2,
        "promoText": " ",
        "packageSize": "1L",
        "packagePrice": "$2.00 per 1L"
      }
    }
  },
  {
    "id": "mount-franklin-water-spring-natural",
    "brand": "Mount Franklin",
    "name": "Pure Spring Water",
    "imageUrl": "https://shop.coles.com.au/wcsstore/Coles-CAS/images/5/1/6/5161084-th.jpg",
    "categories": ["drinks"],
    "tags": ["water", "still-water"],
    "locations": {
      "vic": {
        "price": 2.7,
        "promoText": "2 for $4",
        "packageSize": "1.5L",
        "packagePrice": "$1.80 per 1L"
      }
    }
  },
  {
    "id": "pump-water-pure",
    "brand": "Pump",
    "name": "Spring Water",
    "imageUrl": "https://shop.coles.com.au/wcsstore/Coles-CAS/images/8/9/7/8973472-th.jpg",
    "categories": ["drinks"],
    "tags": ["water", "still-water"],
    "locations": {
      "vic": {
        "price": 3.2,
        "promoText": " ",
        "packageSize": "1.25L",
        "packagePrice": "$2.56 per 1L"
      }
    }
  },
  {
    "id": "voss-water-sparkling",
    "brand": "Voss",
    "name": "Artesian Sparkling Water",
    "imageUrl": "https://shop.coles.com.au/wcsstore/Coles-CAS/images/1/0/6/1069443-th.jpg",
    "categories": ["drinks"],
    "tags": ["water", "still-water"],
    "locations": {
      "vic": {
        "price": 4.5,
        "promoText": "$0.50 ",
        "packageSize": "800mL",
        "packagePrice": "$5.63 per 1L"
      }
    }
  },
  {
    "id": "fiji-still-water",
    "brand": "Fiji",
    "name": "Natural Artesian Water",
    "imageUrl": "https://shop.coles.com.au/wcsstore/Coles-CAS/images/1/0/6/1068316-th.jpg",
    "categories": ["drinks"],
    "tags": ["water", "still-water"],
    "locations": {
      "vic": {
        "price": 2.6,
        "promoText": " ",
        "packageSize": "1L",
        "packagePrice": "$2.60 per 1L"
      }
    }
  },
  {
    "id": "picadilly-still-water",
    "brand": "Picadilly",
    "name": "Neverfail Still Water",
    "imageUrl": "https://shop.coles.com.au/wcsstore/Coles-CAS/images/3/7/3/3739616-th.jpg",
    "categories": ["drinks"],
    "tags": ["water", "still-water"],
    "locations": {
      "vic": {
        "price": 6,
        "promoText": " ",
        "packageSize": "10L",
        "packagePrice": "$0.60 per 1L"
      }
    }
  },
  {
    "id": "nobles-pureau-water-ultra-pure-family-pack",
    "brand": "Pureau",
    "name": "Ultra Pure Water",
    "imageUrl": "https://shop.coles.com.au/wcsstore/Coles-CAS/images/5/2/8/5284754-th.jpg",
    "categories": ["drinks"],
    "tags": ["water", "still-water"],
    "locations": {
      "vic": {
        "price": 5.3,
        "promoText": " ",
        "packageSize": "5L",
        "packagePrice": "$1.06 per 1L"
      }
    }
  },
  {
    "id": "g-active-electrolyte-water-mango-3308080p",
    "brand": "G Active",
    "name": "Mango Water Electrolyte",
    "imageUrl": "https://shop.coles.com.au/wcsstore/Coles-CAS/images/3/3/0/3308080-th.jpg",
    "categories": ["drinks"],
    "tags": ["water", "still-water"],
    "locations": {
      "vic": {
        "price": 3.4,
        "promoText": "Any 2 $5",
        "packageSize": "600mL",
        "packagePrice": "$5.67 per 1L"
      }
    }
  },
  {
    "id": "nobles-pureau-water-6x600ml",
    "brand": "Pureau",
    "name": "Pure Water 600mL",
    "imageUrl": "https://shop.coles.com.au/wcsstore/Coles-CAS/images/8/5/3/8539046-th.jpg",
    "categories": ["drinks"],
    "tags": ["water", "still-water"],
    "locations": {
      "vic": {
        "price": 4,
        "promoText": " ",
        "packageSize": "6 pack",
        "packagePrice": "$1.11 per 1L"
      }
    }
  },
  {
    "id": "yaru-spring-water-sparkling",
    "brand": "Yaru",
    "name": "Sparkling Spring Water",
    "imageUrl": "https://shop.coles.com.au/wcsstore/Coles-CAS/images/1/1/7/1171530-th.jpg",
    "categories": ["drinks"],
    "tags": ["water", "still-water"],
    "locations": {
      "vic": {
        "price": 1,
        "promoText": "$0.50 ",
        "packageSize": "500mL",
        "packagePrice": "$2.00 per 1L"
      }
    }
  },
  {
    "id": "coles-water-spring-600ml-bottles",
    "brand": "Coles",
    "name": "Natural Spring Water 600mL",
    "imageUrl": "https://shop.coles.com.au/wcsstore/Coles-CAS/images/7/9/0/7907144-th.jpg",
    "categories": ["drinks"],
    "tags": ["water", "still-water"],
    "locations": {
      "vic": {
        "price": 3,
        "promoText": " ",
        "packageSize": "6 pack",
        "packagePrice": "$0.83 per 1L"
      }
    }
  },
  {
    "id": "mount-franklin-water-6x500-ml",
    "brand": "Mount Franklin",
    "name": "Pure Spring Water 500mL",
    "imageUrl": "https://shop.coles.com.au/wcsstore/Coles-CAS/images/3/0/4/3049764-th.jpg",
    "categories": ["drinks"],
    "tags": ["water", "still-water"],
    "locations": {
      "vic": {
        "price": 3.5,
        "promoText": "$1.30 ",
        "packageSize": "6 pack",
        "packagePrice": "$1.17 per 1L"
      }
    }
  },
  {
    "id": "powerade-active-water-sports-drink-mango-600ml",
    "brand": "Powerade",
    "name": "Mango Sports Drink",
    "imageUrl": "https://shop.coles.com.au/wcsstore/Coles-CAS/images/3/5/2/3528632-th.jpg",
    "categories": ["drinks"],
    "tags": ["water", "still-water"],
    "locations": {
      "vic": {
        "price": 2.5,
        "promoText": "$1.00 ",
        "packageSize": "600mL",
        "packagePrice": "$4.17 per 1L"
      }
    }
  },
  {
    "id": "voss-water-spring-still",
    "brand": "Voss",
    "name": "Artesian Still Spring Water",
    "imageUrl": "https://shop.coles.com.au/wcsstore/Coles-CAS/images/1/4/4/1444586-th.jpg",
    "categories": ["drinks"],
    "tags": ["water", "still-water"],
    "locations": {
      "vic": {
        "price": 4.5,
        "promoText": "$0.50 ",
        "packageSize": "800mL",
        "packagePrice": "$5.63 per 1L"
      }
    }
  },
  {
    "id": "yaru-still-spring-water",
    "brand": "Yaru",
    "name": "Still Mineral Water",
    "imageUrl": "https://shop.coles.com.au/wcsstore/Coles-CAS/images/1/8/2/1828410-th.jpg",
    "categories": ["drinks"],
    "tags": ["water", "still-water"],
    "locations": {
      "vic": {
        "price": 2.8,
        "promoText": " ",
        "packageSize": "1L",
        "packagePrice": "$2.80 per 1L"
      }
    }
  },
  {
    "id": "alka-power-alkaline-spring-water-ph9-10-15l",
    "brand": "Alka Power",
    "name": "Ionic Alkaline Spring Water PH9-10 With 5 Natural Electrolytes",
    "imageUrl": "https://shop.coles.com.au/wcsstore/Coles-CAS/images/3/5/2/3528712-th.jpg",
    "categories": ["drinks"],
    "tags": ["water", "still-water"],
    "locations": {
      "vic": {
        "price": 2.9,
        "promoText": "$0.60 ",
        "packageSize": "1.5L",
        "packagePrice": "$1.93 per 1L"
      }
    }
  },
  {
    "id": "aqua-pura-fruit-splash-flavoured-water",
    "brand": "Aqua Pura",
    "name": "Fruit Splash Flavoured Water",
    "imageUrl": "https://shop.coles.com.au/wcsstore/Coles-CAS/images/3/6/4/3648521-th.jpg",
    "categories": ["drinks"],
    "tags": ["water", "still-water"],
    "locations": {
      "vic": {
        "price": 2.5,
        "promoText": " ",
        "packageSize": "1L",
        "packagePrice": "$2.50 per 1L"
      }
    }
  },
  {
    "id": "aqua-pura-fruit-splash-flavoured-water-3648554p",
    "brand": "Aqua Pura",
    "name": "Fruit Splash Flavoured Water",
    "imageUrl": "https://shop.coles.com.au/wcsstore/Coles-CAS/images/3/6/4/3648554-th.jpg",
    "categories": ["drinks"],
    "tags": ["water", "still-water"],
    "locations": {
      "vic": {
        "price": 2.5,
        "promoText": " ",
        "packageSize": "1L",
        "packagePrice": "$2.50 per 1L"
      }
    }
  },
  {
    "id": "aqualove-alkaline-water",
    "brand": "Aqualove",
    "name": "Alkaline Water",
    "imageUrl": "https://shop.coles.com.au/wcsstore/Coles-CAS/images/3/2/5/3250300-th.jpg",
    "categories": ["drinks"],
    "tags": ["water", "still-water"],
    "locations": {
      "vic": {
        "price": 2.5,
        "promoText": " ",
        "packageSize": "1L",
        "packagePrice": "$2.50 per 1L"
      }
    }
  },
  {
    "id": "aqualove-antioxidant-water-mixed-berry-1l",
    "brand": "Aqualove",
    "name": "Mixed Berry Flavoured Antioxidant Water",
    "imageUrl": "https://shop.coles.com.au/wcsstore/Coles-CAS/images/3/5/2/3528756-th.jpg",
    "categories": ["drinks"],
    "tags": ["water", "still-water"],
    "locations": {
      "vic": {
        "price": 3.4,
        "promoText": " ",
        "packageSize": "1L",
        "packagePrice": "$3.40 per 1L"
      }
    }
  },
  {
    "id": "aroona-water-pure-spring-sports-cap",
    "brand": "Aroona",
    "name": "Sports Cap Pure Spring Water",
    "imageUrl": "https://shop.coles.com.au/wcsstore/Coles-CAS/images/6/6/4/6648175-th.jpg",
    "categories": ["drinks"],
    "tags": ["water", "still-water"],
    "locations": {
      "vic": {
        "price": 0,
        "promoText": " ",
        "packageSize": "1L",
        "packagePrice": ""
      }
    }
  },
  {
    "id": "coles-water-spring-natural-4874504p",
    "brand": "Coles",
    "name": "Natural Spring Water",
    "imageUrl": "https://shop.coles.com.au/wcsstore/Coles-CAS/images/4/8/7/4874504-th.jpg",
    "categories": ["drinks"],
    "tags": ["water", "still-water"],
    "locations": {
      "vic": {
        "price": 1,
        "promoText": " ",
        "packageSize": "600mL",
        "packagePrice": "$1.67 per 1L"
      }
    }
  },
  {
    "id": "evian-water-spring-sports-cap",
    "brand": "Evian",
    "name": "Natural Mineral Water",
    "imageUrl": "https://shop.coles.com.au/wcsstore/Coles-CAS/images/1/1/7/1172067-th.jpg",
    "categories": ["drinks"],
    "tags": ["water", "still-water"],
    "locations": {
      "vic": {
        "price": 2.65,
        "promoText": " ",
        "packageSize": "750mL",
        "packagePrice": "$3.53 per 1L"
      }
    }
  },
  {
    "id": "powerade-active-water-sports-drink-lemon-600ml",
    "brand": "Powerade",
    "name": "Active Water Lemon Sports Drink",
    "imageUrl": "https://shop.coles.com.au/wcsstore/Coles-CAS/images/3/5/2/3528654-th.jpg",
    "categories": ["drinks"],
    "tags": ["water", "still-water"],
    "locations": {
      "vic": {
        "price": 2.5,
        "promoText": "$1.00 ",
        "packageSize": "600mL",
        "packagePrice": "$4.17 per 1L"
      }
    }
  },
  {
    "id": "powerade-active-water-peach-apple-600ml",
    "brand": "Powerade",
    "name": "Active Water Peach & Apple Drink",
    "imageUrl": "https://shop.coles.com.au/wcsstore/Coles-CAS/images/3/5/2/3528676-th.jpg",
    "categories": ["drinks"],
    "tags": ["water", "still-water"],
    "locations": {
      "vic": {
        "price": 2.5,
        "promoText": "$1.00 ",
        "packageSize": "600mL",
        "packagePrice": "$4.17 per 1L"
      }
    }
  },
  {
    "id": "voss-water-spring-still-1446322p",
    "brand": "Voss",
    "name": "Artesian Still Spring Water",
    "imageUrl": "https://shop.coles.com.au/wcsstore/Coles-CAS/images/1/4/4/1446322-th.jpg",
    "categories": ["drinks"],
    "tags": ["water", "still-water"],
    "locations": {
      "vic": {
        "price": 2.5,
        "promoText": "$0.50 ",
        "packageSize": "375mL",
        "packagePrice": "$6.67 per 1L"
      }
    }
  },
  {
    "id": "yaru-spring-water-still",
    "brand": "Yaru",
    "name": "Still Spring Water",
    "imageUrl": "https://shop.coles.com.au/wcsstore/Coles-CAS/images/1/1/7/1171665-th.jpg",
    "categories": ["drinks"],
    "tags": ["water", "still-water"],
    "locations": {
      "vic": {
        "price": 1,
        "promoText": "$0.50 ",
        "packageSize": "500mL",
        "packagePrice": "$2.00 per 1L"
      }
    }
  },
  {
    "id": "yaru-sparkling-spring-water",
    "brand": "Yaru",
    "name": "Sparkling Mineral Water",
    "imageUrl": "https://shop.coles.com.au/wcsstore/Coles-CAS/images/1/8/2/1828409-th.jpg",
    "categories": ["drinks"],
    "tags": ["water", "still-water"],
    "locations": {
      "vic": {
        "price": 2.8,
        "promoText": " ",
        "packageSize": "1L",
        "packagePrice": "$2.80 per 1L"
      }
    }
  },
  {
    "id": "mount-franklin-water-lightly-sparkling-natural-1333574p",
    "brand": "Mount Franklin",
    "name": "Lightly Sparkling Water 450mL",
    "imageUrl": "https://shop.coles.com.au/wcsstore/Coles-CAS/images/1/3/3/1333574-th.jpg",
    "categories": ["drinks"],
    "tags": ["water", "mineral-water"],
    "locations": {
      "vic": {
        "price": 4.5,
        "promoText": "$1.80 ",
        "packageSize": "4 pack",
        "packagePrice": "$2.50 per 1L"
      }
    }
  },
  {
    "id": "schweppes-natural-mineral-water",
    "brand": "Schweppes",
    "name": "Natural Mineral Water",
    "imageUrl": "https://shop.coles.com.au/wcsstore/Coles-CAS/images/3/0/1/3014974-th.jpg",
    "categories": ["drinks"],
    "tags": ["water", "mineral-water"],
    "locations": {
      "vic": {
        "price": 2,
        "promoText": " ",
        "packageSize": "1.1L",
        "packagePrice": "$1.82 per 1L"
      }
    }
  },
  {
    "id": "coles-mineral-water-natural-8836835p",
    "brand": "Coles",
    "name": "Natural Mineral Water",
    "imageUrl": "https://shop.coles.com.au/wcsstore/Coles-CAS/images/8/8/3/8836835-th.jpg",
    "categories": ["drinks"],
    "tags": ["water", "mineral-water"],
    "locations": {
      "vic": {
        "price": 0.75,
        "promoText": " ",
        "packageSize": "1.25L",
        "packagePrice": "$0.60 per 1L"
      }
    }
  },
  {
    "id": "part_3342044P",
    "brand": "Sanpellegrino",
    "name": "Sparkling Mineral Water Bottle",
    "imageUrl": "https://shop.coles.com.au/wcsstore/Coles-CAS/images/3/3/4/3342044-th.jpg",
    "categories": ["drinks"],
    "tags": ["water", "mineral-water"],
    "locations": {
      "vic": {
        "price": 3,
        "promoText": " ",
        "packageSize": "750mL",
        "packagePrice": "$4.00 per 1L"
      }
    }
  },
  {
    "id": "sanpellegrino-1l-sparkling-mineral-water-3498509p",
    "brand": "Sanpellegrino",
    "name": "Sparkling Mineral Water",
    "imageUrl": "https://shop.coles.com.au/wcsstore/Coles-CAS/images/3/4/9/3498509-th.jpg",
    "categories": ["drinks"],
    "tags": ["water", "mineral-water"],
    "locations": {
      "vic": {
        "price": 2.4,
        "promoText": "$0.60 ",
        "packageSize": "1L",
        "packagePrice": "$2.40 per 1L"
      }
    }
  },
  {
    "id": "mount-franklin-water-lightly-sparkling-natural",
    "brand": "Mount Franklin",
    "name": "Lightly Sparkling Water",
    "imageUrl": "https://shop.coles.com.au/wcsstore/Coles-CAS/images/3/2/4/324385-th.jpg",
    "categories": ["drinks"],
    "tags": ["water", "mineral-water"],
    "locations": {
      "vic": {
        "price": 2.55,
        "promoText": " ",
        "packageSize": "1.25L",
        "packagePrice": "$2.04 per 1L"
      }
    }
  },
  {
    "id": "santa-vittoria-mineral-water-sparkling-750ml-bottles",
    "brand": "Santa Vittoria",
    "name": "Sparkling Mineral Water 750mL",
    "imageUrl": "https://shop.coles.com.au/wcsstore/Coles-CAS/images/8/5/0/8503774-th.jpg",
    "categories": ["drinks"],
    "tags": ["water", "mineral-water"],
    "locations": {
      "vic": {
        "price": 7.25,
        "promoText": " ",
        "packageSize": "6 pack",
        "packagePrice": "$1.61 per 1L"
      }
    }
  },
  {
    "id": "coles-natural-sparkling-mineral-water-500ml-bottle",
    "brand": "Coles",
    "name": "Lightly Sparkling Spring Water 500mL",
    "imageUrl": "https://shop.coles.com.au/wcsstore/Coles-CAS/images/2/5/7/2577279-th.jpg",
    "categories": ["drinks"],
    "tags": ["water", "mineral-water"],
    "locations": {
      "vic": {
        "price": 6.5,
        "promoText": " ",
        "packageSize": "12 pack",
        "packagePrice": "$1.08 per 1L"
      }
    }
  },
  {
    "id": "coles-mineral-water-orange-mango",
    "brand": "Coles",
    "name": "Sparkling Orange & Mango Mineral Water",
    "imageUrl": "https://shop.coles.com.au/wcsstore/Coles-CAS/images/5/1/8/5180577-th.jpg",
    "categories": ["drinks"],
    "tags": ["water", "mineral-water"],
    "locations": {
      "vic": {
        "price": 0.75,
        "promoText": " ",
        "packageSize": "1.25L",
        "packagePrice": "$0.60 per 1L"
      }
    }
  },
  {
    "id": "perrier-sparkling-water",
    "brand": "Perrier",
    "name": "Sparkling Mineral Water Bottle",
    "imageUrl": "https://shop.coles.com.au/wcsstore/Coles-CAS/images/3/2/7/3277485-th.jpg",
    "categories": ["drinks"],
    "tags": ["water", "mineral-water"],
    "locations": {
      "vic": {
        "price": 3,
        "promoText": " ",
        "packageSize": "750mL",
        "packagePrice": "$4.00 per 1L"
      }
    }
  },
  {
    "id": "coles-lightly-sparkling-water-natural-125l",
    "brand": "Coles",
    "name": "Lightly Sparkling Spring Water",
    "imageUrl": "https://shop.coles.com.au/wcsstore/Coles-CAS/images/2/7/7/2778066-th.jpg",
    "categories": ["drinks"],
    "tags": ["water", "mineral-water"],
    "locations": {
      "vic": {
        "price": 1.2,
        "promoText": " ",
        "packageSize": "1.25L",
        "packagePrice": "$0.96 per 1L"
      }
    }
  },
  {
    "id": "mount-franklin-water-lightly-sparkling-wild-berry",
    "brand": "Mount Franklin",
    "name": "Lightly Sparkling Water with a hint of Wild Berry Bottle",
    "imageUrl": "https://shop.coles.com.au/wcsstore/Coles-CAS/images/9/8/8/9886679-th.jpg",
    "categories": ["drinks"],
    "tags": ["water", "mineral-water"],
    "locations": {
      "vic": {
        "price": 2.55,
        "promoText": " ",
        "packageSize": "1.25L",
        "packagePrice": "$2.04 per 1L"
      }
    }
  },
  {
    "id": "mount-franklin-water-lightly-sparkling-lime",
    "brand": "Mount Franklin",
    "name": "Lime Flavoured Lightly Sparkling Water",
    "imageUrl": "https://shop.coles.com.au/wcsstore/Coles-CAS/images/9/8/8/9886657-th.jpg",
    "categories": ["drinks"],
    "tags": ["water", "mineral-water"],
    "locations": {
      "vic": {
        "price": 2.55,
        "promoText": " ",
        "packageSize": "1.25L",
        "packagePrice": "$2.04 per 1L"
      }
    }
  },
  {
    "id": "coles-mineral-water-lemon",
    "brand": "Coles",
    "name": "Lemon Mineral Water",
    "imageUrl": "https://shop.coles.com.au/wcsstore/Coles-CAS/images/5/1/8/5180635-th.jpg",
    "categories": ["drinks"],
    "tags": ["water", "mineral-water"],
    "locations": {
      "vic": {
        "price": 0.75,
        "promoText": " ",
        "packageSize": "1.25L",
        "packagePrice": "$0.60 per 1L"
      }
    }
  },
  {
    "id": "mount-franklin-water-sparkling-lemon",
    "brand": "Mount Franklin",
    "name": "Natural Lemon Flavoured Lightly Sparkling Water",
    "imageUrl": "https://shop.coles.com.au/wcsstore/Coles-CAS/images/7/9/1/7910670-th.jpg",
    "categories": ["drinks"],
    "tags": ["water", "mineral-water"],
    "locations": {
      "vic": {
        "price": 2.55,
        "promoText": " ",
        "packageSize": "1.25L",
        "packagePrice": "$2.04 per 1L"
      }
    }
  },
  {
    "id": "mount-franklin-lightly-sparkling-water-mango",
    "brand": "Mount Franklin",
    "name": "Lightly Sparkling Mango Can 4 x 250mL",
    "imageUrl": "https://shop.coles.com.au/wcsstore/Coles-CAS/images/3/0/4/3048295-th.jpg",
    "categories": ["drinks"],
    "tags": ["water", "mineral-water"],
    "locations": {
      "vic": {
        "price": 4.5,
        "promoText": " ",
        "packageSize": "4 pack",
        "packagePrice": "$4.50 per 1L"
      }
    }
  },
  {
    "id": "santa-vittoria-mineral-water-sparkling",
    "brand": "Santa Vittoria",
    "name": "Sparkling Mineral Water",
    "imageUrl": "https://shop.coles.com.au/wcsstore/Coles-CAS/images/9/8/1/9811997-th.jpg",
    "categories": ["drinks"],
    "tags": ["water", "mineral-water"],
    "locations": {
      "vic": {
        "price": 2.55,
        "promoText": " ",
        "packageSize": "1.5L",
        "packagePrice": "$1.70 per 1L"
      }
    }
  },
  {
    "id": "mt-franklin-lightly-sparkling-raspberry-lemon",
    "brand": "Mount Franklin",
    "name": "Mango Flavoured Lightly Sparkling Water",
    "imageUrl": "https://shop.coles.com.au/wcsstore/Coles-CAS/images/2/0/3/2033714-th.jpg",
    "categories": ["drinks"],
    "tags": ["water", "mineral-water"],
    "locations": {
      "vic": {
        "price": 2.55,
        "promoText": " ",
        "packageSize": "1.25L",
        "packagePrice": "$2.04 per 1L"
      }
    }
  },
  {
    "id": "santa-vittoria-azurra-mineral-water-sparkling",
    "brand": "Santa Vittoria",
    "name": "Azurra Frizzante Sparkling Mineral Water",
    "imageUrl": "https://shop.coles.com.au/wcsstore/Coles-CAS/images/9/8/1/9811975-th.jpg",
    "categories": ["drinks"],
    "tags": ["water", "mineral-water"],
    "locations": {
      "vic": {
        "price": 3.29,
        "promoText": " ",
        "packageSize": "750mL",
        "packagePrice": "$4.39 per 1L"
      }
    }
  },
  {
    "id": "mount-franklin-lightly-sparkling-can-raspberry",
    "brand": "Mount Franklin",
    "name": "Lightly Sparkling Can Raspberry",
    "imageUrl": "https://shop.coles.com.au/wcsstore/Coles-CAS/images/3/0/4/3048309-th.jpg",
    "categories": ["drinks"],
    "tags": ["water", "mineral-water"],
    "locations": {
      "vic": {
        "price": 4.5,
        "promoText": " ",
        "packageSize": "4 pack",
        "packagePrice": "$4.50 per 1L"
      }
    }
  },
  {
    "id": "sanpellegrino-sparkling-mineral-water-3342055p",
    "brand": "Sanpellegrino",
    "name": "Sparkling Mineral Water 750mL",
    "imageUrl": "https://shop.coles.com.au/wcsstore/Coles-CAS/images/3/3/4/3342055-th.jpg",
    "categories": ["drinks"],
    "tags": ["water", "mineral-water"],
    "locations": {
      "vic": {
        "price": 24,
        "promoText": " ",
        "packageSize": "12 pack",
        "packagePrice": "$2.67 per 1L"
      }
    }
  },
  {
    "id": "mount-franklin-lightly-sparkling-water",
    "brand": "Mount Franklin",
    "name": "Lime Flavoured Lightly Sparkling Water Can 250mL",
    "imageUrl": "https://shop.coles.com.au/wcsstore/Coles-CAS/images/3/0/4/3048284-th.jpg",
    "categories": ["drinks"],
    "tags": ["water", "sparkling-water"],
    "locations": {
      "vic": {
        "price": 4.5,
        "promoText": " ",
        "packageSize": "4 pack",
        "packagePrice": "$4.50 per 1L"
      }
    }
  },
  {
    "id": "frantelle-sparkling-lime-lemon-water",
    "brand": "Frantelle",
    "name": "Lime & Lemon Essence Sparkling Water Cans 375mL",
    "imageUrl": "https://shop.coles.com.au/wcsstore/Coles-CAS/images/3/2/7/3278841-th.jpg",
    "categories": ["drinks"],
    "tags": ["water", "sparkling-water"],
    "locations": {
      "vic": {
        "price": 6,
        "promoText": "$5.55 ",
        "packageSize": "10 pack",
        "packagePrice": "$1.60 per 1L"
      }
    }
  },
  {
    "id": "frantelle-sparkling-rasp-blackcurrant-water",
    "brand": "Frantelle",
    "name": "Raspberry &  Blackcurrant Essence Sparkling Water Cans 375mL",
    "imageUrl": "https://shop.coles.com.au/wcsstore/Coles-CAS/images/3/2/7/3278863-th.jpg",
    "categories": ["drinks"],
    "tags": ["water", "sparkling-water"],
    "locations": {
      "vic": {
        "price": 6,
        "promoText": "$5.65 ",
        "packageSize": "10 pack",
        "packagePrice": "$1.60 per 1L"
      }
    }
  },
  {
    "id": "frantelle-sparkling-pineapple-orange-water",
    "brand": "Frantelle",
    "name": "Pineapple & Orange Essence Sparkling Water Cans 375mL",
    "imageUrl": "https://shop.coles.com.au/wcsstore/Coles-CAS/images/3/2/7/3278852-th.jpg",
    "categories": ["drinks"],
    "tags": ["water", "sparkling-water"],
    "locations": {
      "vic": {
        "price": 6,
        "promoText": "$5.55 ",
        "packageSize": "10 pack",
        "packagePrice": "$1.60 per 1L"
      }
    }
  },
  {
    "id": "coles-lightly-sparkling-water",
    "brand": "Coles",
    "name": "Lightly Sparkling Spring Water 500mL",
    "imageUrl": "https://shop.coles.com.au/wcsstore/Coles-CAS/images/3/2/7/3277521-th.jpg",
    "categories": ["drinks"],
    "tags": ["water", "sparkling-water"],
    "locations": {
      "vic": {
        "price": 9,
        "promoText": " ",
        "packageSize": "20 pack",
        "packagePrice": "$0.90 per 1L"
      }
    }
  },
  {
    "id": "coles-italian-sparkling-mineral-water",
    "brand": "Coles",
    "name": "Sparkling Multipack Italian Mineral Water 1.5L",
    "imageUrl": "https://shop.coles.com.au/wcsstore/Coles-CAS/images/3/4/9/3490937-th.jpg",
    "categories": ["drinks"],
    "tags": ["water", "sparkling-water"],
    "locations": {
      "vic": {
        "price": 9.5,
        "promoText": " ",
        "packageSize": "6 Pack",
        "packagePrice": "$1.06 per 1L"
      }
    }
  },
  {
    "id": "coles-italian-mineral-water",
    "brand": "Coles",
    "name": "Sparkling Italian Mineral Water",
    "imageUrl": "https://shop.coles.com.au/wcsstore/Coles-CAS/images/3/4/9/3490482-th.jpg",
    "categories": ["drinks"],
    "tags": ["water", "sparkling-water"],
    "locations": {
      "vic": {
        "price": 1.7,
        "promoText": " ",
        "packageSize": "1.5L",
        "packagePrice": "$1.13 per 1L"
      }
    }
  },
  {
    "id": "nexba-sparkling-water-wtrmln-cucumber-mint",
    "brand": "Nexba",
    "name": "Watermelon Cucumber & Mint Flavoured Sparkling Water",
    "imageUrl": "https://shop.coles.com.au/wcsstore/Coles-CAS/images/3/2/7/3277113-th.jpg",
    "categories": ["drinks"],
    "tags": ["water", "sparkling-water"],
    "locations": {
      "vic": {
        "price": 2.5,
        "promoText": " ",
        "packageSize": "1L",
        "packagePrice": "$2.50 per 1L"
      }
    }
  },
  {
    "id": "mt-franklin-sparkling-water-lime",
    "brand": "Mt Franklin",
    "name": "Lightly Sparkling Lime Water 375 mL",
    "imageUrl": "https://shop.coles.com.au/wcsstore/Coles-CAS/images/3/7/3/3738420-th.jpg",
    "categories": ["drinks"],
    "tags": ["water", "sparkling-water"],
    "locations": {
      "vic": {
        "price": 12.3,
        "promoText": "Any 2 $14",
        "packageSize": "10 pack",
        "packagePrice": "$3.28 per 1L"
      }
    }
  },
  {
    "id": "frantelle-sparkling-natural-spring-water",
    "brand": "Frantelle",
    "name": "Sparkling Natural Spring Water 375mL",
    "imageUrl": "https://shop.coles.com.au/wcsstore/ColesResponsiveStorefrontAssetStore/dist/ccfc54aed6e361b650bcf0582f7b576b/img/img_product-placeholder.png",
    "categories": ["drinks"],
    "tags": ["water", "sparkling-water"],
    "locations": {
      "vic": {
        "price": 11.65,
        "promoText": " ",
        "packageSize": "10 pack",
        "packagePrice": "$3.11 per 1L"
      }
    }
  },
  {
    "id": "nexba-sparkling-water-lemon-lime",
    "brand": "Nexba",
    "name": "Lychee & Lemon Flavoured Sparkling Water",
    "imageUrl": "https://shop.coles.com.au/wcsstore/Coles-CAS/images/3/2/7/3277102-th.jpg",
    "categories": ["drinks"],
    "tags": ["water", "sparkling-water"],
    "locations": {
      "vic": {
        "price": 2.5,
        "promoText": " ",
        "packageSize": "1L",
        "packagePrice": "$2.50 per 1L"
      }
    }
  },
  {
    "id": "nexba-sparkling-water-strawberry-raspberry",
    "brand": "Nexba",
    "name": "Strawberry & Raspberry Flavoured Sparkling Water",
    "imageUrl": "https://shop.coles.com.au/wcsstore/Coles-CAS/images/3/2/7/3277124-th.jpg",
    "categories": ["drinks"],
    "tags": ["water", "sparkling-water"],
    "locations": {
      "vic": {
        "price": 2.5,
        "promoText": " ",
        "packageSize": "1L",
        "packagePrice": "$2.50 per 1L"
      }
    }
  },
  {
    "id": "frantelle-sparkling-water",
    "brand": "Frantelle",
    "name": "Sparkling Water",
    "imageUrl": "https://shop.coles.com.au/wcsstore/ColesResponsiveStorefrontAssetStore/dist/ccfc54aed6e361b650bcf0582f7b576b/img/img_product-placeholder.png",
    "categories": ["drinks"],
    "tags": ["water", "sparkling-water"],
    "locations": {
      "vic": {
        "price": 6,
        "promoText": "$5.65 ",
        "packageSize": "",
        "packagePrice": ""
      }
    }
  },
  {
    "id": "mt-franklin-sparkling-raspbery",
    "brand": "Mt Franklin",
    "name": "Raspberry Sparkling 375mL",
    "imageUrl": "https://shop.coles.com.au/wcsstore/Coles-CAS/images/3/7/3/3738410-th.jpg",
    "categories": ["drinks"],
    "tags": ["water", "sparkling-water"],
    "locations": {
      "vic": {
        "price": 12.3,
        "promoText": "Any 2 $14",
        "packageSize": "10 pack",
        "packagePrice": "$3.28 per 1L"
      }
    }
  },
  {
    "id": "sanpellegrino-1l-sparkling-mineral-water-3501793p",
    "brand": "San Pellegrino",
    "name": "Sparkling Mineral Water 1L",
    "imageUrl": "https://shop.coles.com.au/wcsstore/ColesResponsiveStorefrontAssetStore/dist/ccfc54aed6e361b650bcf0582f7b576b/img/img_product-placeholder.png",
    "categories": ["drinks"],
    "tags": ["water", "sparkling-water"],
    "locations": {
      "vic": {
        "price": 28,
        "promoText": " ",
        "packageSize": "1 carton",
        "packagePrice": "$2.33 per 1L"
      }
    }
  },
  {
    "id": "voss-sparkling-flavoured-water-tangerin-lemongrass",
    "brand": "Voss",
    "name": "Lime Mint Flavoured Sparkling Water",
    "imageUrl": "https://shop.coles.com.au/wcsstore/Coles-CAS/images/3/0/8/3086964-th.jpg",
    "categories": ["drinks"],
    "tags": ["water", "sparkling-water"],
    "locations": {
      "vic": {
        "price": 3,
        "promoText": "2 for $5",
        "packageSize": "375mL",
        "packagePrice": "$0.80 per 100mL"
      }
    }
  },
  {
    "id": "cocobella-water-coconut-straight-up",
    "brand": "Cocobella",
    "name": "Straight Up Coconut Water",
    "imageUrl": "https://shop.coles.com.au/wcsstore/Coles-CAS/images/1/2/5/1251527-th.jpg",
    "categories": ["drinks"],
    "tags": ["water", "flavoured-water"],
    "locations": {
      "vic": {
        "price": 5,
        "promoText": "Any 2 $8",
        "packageSize": "1L",
        "packagePrice": "$5.00 per 1L"
      }
    }
  },
  {
    "id": "coles-coconut-water-3277452p",
    "brand": "Coles",
    "name": "Natural Coconut Water",
    "imageUrl": "https://shop.coles.com.au/wcsstore/Coles-CAS/images/3/2/7/3277452-th.jpg",
    "categories": ["drinks"],
    "tags": ["water", "flavoured-water"],
    "locations": {
      "vic": {
        "price": 3.2,
        "promoText": " ",
        "packageSize": "1L",
        "packagePrice": "$3.20 per 1L"
      }
    }
  },
  {
    "id": "h2coco-coconut-water",
    "brand": "H2",
    "name": "Coco 100% Natural Coconut Water",
    "imageUrl": "https://shop.coles.com.au/wcsstore/Coles-CAS/images/2/0/4/2048358-th.jpg",
    "categories": ["drinks"],
    "tags": ["water", "flavoured-water"],
    "locations": {
      "vic": {
        "price": 4,
        "promoText": "Was $6.00 on Aug 2019 ",
        "packageSize": "1L",
        "packagePrice": "$4.00 per 1L"
      }
    }
  },
  {
    "id": "raw-c-straight-up-coconut-water",
    "brand": "Raw C",
    "name": "Straight Up Coconut Water",
    "imageUrl": "https://shop.coles.com.au/wcsstore/Coles-CAS/images/3/4/2/3422518-th.jpg",
    "categories": ["drinks"],
    "tags": ["water", "flavoured-water"],
    "locations": {
      "vic": {
        "price": 6,
        "promoText": " ",
        "packageSize": "2L",
        "packagePrice": "$3.00 per 1L"
      }
    }
  },
  {
    "id": "h2coco-coconut-water-pure-3058313p",
    "brand": "H2",
    "name": "Coco 100% Natural Coconut Water",
    "imageUrl": "https://shop.coles.com.au/wcsstore/Coles-CAS/images/3/0/5/3058313-th.jpg",
    "categories": ["drinks"],
    "tags": ["water", "flavoured-water"],
    "locations": {
      "vic": {
        "price": 7,
        "promoText": " ",
        "packageSize": "2L",
        "packagePrice": "$3.50 per 1L"
      }
    }
  },
  {
    "id": "h2coco-pink-cocount-water-1l",
    "brand": "H2",
    "name": "Coco Pink Coconut Water",
    "imageUrl": "https://shop.coles.com.au/wcsstore/Coles-CAS/images/3/5/3/3534475-th.jpg",
    "categories": ["drinks"],
    "tags": ["water", "flavoured-water"],
    "locations": {
      "vic": {
        "price": 4,
        "promoText": "$3.00 ",
        "packageSize": "1L",
        "packagePrice": "$4.00 per 1L"
      }
    }
  },
  {
    "id": "cocobella-water-coconut-pineapple",
    "brand": "Cocobella",
    "name": "Pineapple Flavour Pure Coconut Water",
    "imageUrl": "https://shop.coles.com.au/wcsstore/Coles-CAS/images/7/8/8/7881200-th.jpg",
    "categories": ["drinks"],
    "tags": ["water", "flavoured-water"],
    "locations": {
      "vic": {
        "price": 2,
        "promoText": " ",
        "packageSize": "250mL",
        "packagePrice": "$8.00 per 1L"
      }
    }
  },
  {
    "id": "cocobella-water-coconut-pink-guava",
    "brand": "Cocobella",
    "name": "Pink Guava Flavour Pure Coconut Water",
    "imageUrl": "https://shop.coles.com.au/wcsstore/Coles-CAS/images/7/8/8/7881244-th.jpg",
    "categories": ["drinks"],
    "tags": ["water", "flavoured-water"],
    "locations": {
      "vic": {
        "price": 2,
        "promoText": " ",
        "packageSize": "250mL",
        "packagePrice": "$8.00 per 1L"
      }
    }
  },
  {
    "id": "cocobella-coconut-water-with-watermelon-mint",
    "brand": "Cocobella",
    "name": "Watermelon & Mint Flavour Coconut Water",
    "imageUrl": "https://shop.coles.com.au/wcsstore/Coles-CAS/images/2/5/8/2586768-th.jpg",
    "categories": ["drinks"],
    "tags": ["water", "flavoured-water"],
    "locations": {
      "vic": {
        "price": 5,
        "promoText": "Any 2 $8",
        "packageSize": "1L",
        "packagePrice": "$5.00 per 1L"
      }
    }
  },
  {
    "id": "cocobella-coconut-water-chocolate",
    "brand": "Cocobella",
    "name": "Chocolate Flavoured Coconut Water",
    "imageUrl": "https://shop.coles.com.au/wcsstore/Coles-CAS/images/2/8/1/2819855-th.jpg",
    "categories": ["drinks"],
    "tags": ["water", "flavoured-water"],
    "locations": {
      "vic": {
        "price": 5,
        "promoText": "Any 2 $8",
        "packageSize": "1L",
        "packagePrice": "$5.00 per 1L"
      }
    }
  },
  {
    "id": "schweppes-infused-orange-mango",
    "brand": "Schweppes",
    "name": "Infused Orange Mango",
    "imageUrl": "https://shop.coles.com.au/wcsstore/Coles-CAS/images/3/5/2/3529486-th.jpg",
    "categories": ["drinks"],
    "tags": ["water", "flavoured-water"],
    "locations": {
      "vic": {
        "price": 2,
        "promoText": " ",
        "packageSize": "1.1L",
        "packagePrice": "$1.82 per 1L"
      }
    }
  },
  {
    "id": "acqua-viva-lite-sparkling-orange-passionfruit-water",
    "brand": "Coles",
    "name": "Orange & Passionfruit Flavoured Lightly Sparkling Mineral Water",
    "imageUrl": "https://shop.coles.com.au/wcsstore/Coles-CAS/images/3/2/7/3277180-th.jpg",
    "categories": ["drinks"],
    "tags": ["water", "flavoured-water"],
    "locations": {
      "vic": {
        "price": 1.5,
        "promoText": " ",
        "packageSize": "1.25L",
        "packagePrice": "$1.20 per 1L"
      }
    }
  },
  {
    "id": "acqua-viva-lite-sparkling-lemon-lime-water",
    "brand": "Coles",
    "name": "Lemon & Lime Sparkling Water",
    "imageUrl": "https://shop.coles.com.au/wcsstore/Coles-CAS/images/3/2/7/3277179-th.jpg",
    "categories": ["drinks"],
    "tags": ["water", "flavoured-water"],
    "locations": {
      "vic": {
        "price": 1.5,
        "promoText": " ",
        "packageSize": "1.25L",
        "packagePrice": "$1.20 per 1L"
      }
    }
  },
  {
    "id": "raw-c-sparkling-coconut-water-watermelon-lime",
    "brand": "Raw C",
    "name": "Watermelon & Lime Sparkling Coconut Water",
    "imageUrl": "https://shop.coles.com.au/wcsstore/Coles-CAS/images/3/4/2/3422562-th.jpg",
    "categories": ["drinks"],
    "tags": ["water", "flavoured-water"],
    "locations": {
      "vic": {
        "price": 2,
        "promoText": "$0.50 ",
        "packageSize": "400mL",
        "packagePrice": "$5.00 per 1L"
      }
    }
  },
  {
    "id": "raw-c-sparkling-coconut-water-mango-passionfruit",
    "brand": "Raw C",
    "name": "Mango & Passionfruit Flavoured Sparkling Coconut Water",
    "imageUrl": "https://shop.coles.com.au/wcsstore/Coles-CAS/images/3/4/2/3422530-th.jpg",
    "categories": ["drinks"],
    "tags": ["water", "flavoured-water"],
    "locations": {
      "vic": {
        "price": 2,
        "promoText": "$0.50 ",
        "packageSize": "400mL",
        "packagePrice": "$5.00 per 1L"
      }
    }
  },
  {
    "id": "raw-c-pure-natural-coconut-water-1l",
    "brand": "Raw C",
    "name": "Pure Natural Coconut Water",
    "imageUrl": "https://shop.coles.com.au/wcsstore/Coles-CAS/images/3/5/1/3517705-th.jpg",
    "categories": ["drinks"],
    "tags": ["water", "flavoured-water"],
    "locations": {
      "vic": {
        "price": 5,
        "promoText": " ",
        "packageSize": "1L",
        "packagePrice": "$5.00 per 1L"
      }
    }
  },
  {
    "id": "aqua-pura-water-fruit-splash-wildberry",
    "brand": "Aqua Pura",
    "name": "Fruit Splash Wildberry Flavoured Water",
    "imageUrl": "https://shop.coles.com.au/wcsstore/Coles-CAS/images/4/9/2/4924828-th.jpg",
    "categories": ["drinks"],
    "tags": ["water", "flavoured-water"],
    "locations": {
      "vic": {
        "price": 0,
        "promoText": " ",
        "packageSize": "1.25L",
        "packagePrice": ""
      }
    }
  },
  {
    "id": "cocobella--coconut-water-straight-up",
    "brand": "Cocobella",
    "name": "Straight Up Pure Coconut Water",
    "imageUrl": "https://shop.coles.com.au/wcsstore/Coles-CAS/images/8/4/9/8496307-th.jpg",
    "categories": ["drinks"],
    "tags": ["water", "flavoured-water"],
    "locations": {
      "vic": {
        "price": 2,
        "promoText": " ",
        "packageSize": "250mL",
        "packagePrice": "$8.00 per 1L"
      }
    }
  },
  {
    "id": "cool-ridge-raspberry-raspberry",
    "brand": "Cool Ridge",
    "name": "Raspberry Spring Water",
    "imageUrl": "https://shop.coles.com.au/wcsstore/Coles-CAS/images/3/4/4/3447654-th.jpg",
    "categories": ["drinks"],
    "tags": ["water", "flavoured-water"],
    "locations": {
      "vic": {
        "price": 2,
        "promoText": "$0.50 ",
        "packageSize": "750mL",
        "packagePrice": "$2.67 per 1L"
      }
    }
  },
  {
    "id": "h2coco-coconut-water-pure",
    "brand": "H2",
    "name": "Coco 100% Natural Pure Coconut Water",
    "imageUrl": "https://shop.coles.com.au/wcsstore/Coles-CAS/images/9/5/5/9556404-th.jpg",
    "categories": ["drinks"],
    "tags": ["water", "flavoured-water"],
    "locations": {
      "vic": {
        "price": 2.85,
        "promoText": " ",
        "packageSize": "330mL",
        "packagePrice": "$8.64 per 1L"
      }
    }
  },
  {
    "id": "h2melon-pure-watermelon-water",
    "brand": "H2",
    "name": "Melon 100% Natural Watermelon Water",
    "imageUrl": "https://shop.coles.com.au/wcsstore/Coles-CAS/images/2/9/6/2963840-th.jpg",
    "categories": ["drinks"],
    "tags": ["water", "flavoured-water"],
    "locations": {
      "vic": {
        "price": 6,
        "promoText": " ",
        "packageSize": "1L",
        "packagePrice": "$6.00 per 1L"
      }
    }
  },
  {
    "id": "spring-valley-juice-mango-banana-nectar",
    "brand": "Spring Valley",
    "name": "Mango & Banana Nectar Fruit Drink",
    "imageUrl": "https://shop.coles.com.au/wcsstore/Coles-CAS/images/7/2/5/7259816-th.jpg",
    "categories": ["drinks"],
    "tags": ["juice", "juices"],
    "locations": {
      "vic": {
        "price": 5,
        "promoText": " ",
        "packageSize": "1.25L",
        "packagePrice": "$4.00 per 1L"
      }
    }
  },
  {
    "id": "ocean-spray-pink-low-sugar-cranberry-15l",
    "brand": "Ocean Spray",
    "name": "Pink Low Sugar Cranberry Juice",
    "imageUrl": "https://shop.coles.com.au/wcsstore/Coles-CAS/images/3/5/2/3528461-th.jpg",
    "categories": ["drinks"],
    "tags": ["juice", "juices"],
    "locations": {
      "vic": {
        "price": 3.8,
        "promoText": "$1.90 ",
        "packageSize": "1.5L",
        "packagePrice": "$2.53 per 1L"
      }
    }
  },
  {
    "id": "campbells-v8-juice-hot-spicy",
    "brand": "Campbell's",
    "name": "V8 Hot & Spicy Vegetable Juice",
    "imageUrl": "https://shop.coles.com.au/wcsstore/Coles-CAS/images/1/1/6/1165436-th.jpg",
    "categories": ["drinks"],
    "tags": ["juice", "juices"],
    "locations": {
      "vic": {
        "price": 4.6,
        "promoText": "Any 2 $7",
        "packageSize": "1.25L",
        "packagePrice": "$3.68 per 1L"
      }
    }
  },
  {
    "id": "coles-apple-fruit-drink-2535574p",
    "brand": "Coles",
    "name": "Apple Fruit Drink Multipack 250mL",
    "imageUrl": "https://shop.coles.com.au/wcsstore/Coles-CAS/images/2/5/3/2535574-th.jpg",
    "categories": ["drinks"],
    "tags": ["juice", "juices"],
    "locations": {
      "vic": {
        "price": 2,
        "promoText": " ",
        "packageSize": "6 Pack",
        "packagePrice": "$1.33 per 1L"
      }
    }
  },
  {
    "id": "fruit-co-plus-juice-tomato",
    "brand": "Fruit Co",
    "name": "Juice Plus + Tomato",
    "imageUrl": "https://shop.coles.com.au/wcsstore/Coles-CAS/images/3/7/5/3752330-th.jpg",
    "categories": ["drinks"],
    "tags": ["juice", "juices"],
    "locations": {
      "vic": {
        "price": 3.75,
        "promoText": " ",
        "packageSize": "2L",
        "packagePrice": "$1.88 per 1L"
      }
    }
  },
  {
    "id": "golden-circle-golden-pash-drink",
    "brand": "Golden Circle",
    "name": "Golden Pash Fruit Drink Multipack 250mL",
    "imageUrl": "https://shop.coles.com.au/wcsstore/Coles-CAS/images/5/1/2/5127246-th.jpg",
    "categories": ["drinks"],
    "tags": ["juice", "juices"],
    "locations": {
      "vic": {
        "price": 3.8,
        "promoText": "Any 2 $6",
        "packageSize": "6 pack",
        "packagePrice": "$0.63 per 1Ea"
      }
    }
  },
  {
    "id": "just-juice-100%25-apple-8147115p",
    "brand": "Just Juice",
    "name": "Apple Juice Multipack 200mL",
    "imageUrl": "https://shop.coles.com.au/wcsstore/Coles-CAS/images/8/1/4/8147115-th.jpg",
    "categories": ["drinks"],
    "tags": ["juice", "juices"],
    "locations": {
      "vic": {
        "price": 3.5,
        "promoText": "$1.20 ",
        "packageSize": "6 pack",
        "packagePrice": "$0.58 per 1Ea"
      }
    }
  },
  {
    "id": "golden-circle-sparkling-crisp-apple",
    "brand": "Golden Circle",
    "name": "Sparkling Crisp Apple Drink",
    "imageUrl": "https://shop.coles.com.au/wcsstore/Coles-CAS/images/3/4/4/3447450-th.jpg",
    "categories": ["drinks"],
    "tags": ["juice", "juices"],
    "locations": {
      "vic": {
        "price": 1.59,
        "promoText": "$0.41 ",
        "packageSize": "250mL",
        "packagePrice": "$6.36 per 1L"
      }
    }
  },
  {
    "id": "coles-apple-fruit-drink",
    "brand": "Coles",
    "name": "Apple Fruit Drink",
    "imageUrl": "https://shop.coles.com.au/wcsstore/Coles-CAS/images/2/5/3/2531482-th.jpg",
    "categories": ["drinks"],
    "tags": ["juice", "juices"],
    "locations": {
      "vic": {
        "price": 1,
        "promoText": " ",
        "packageSize": "1L",
        "packagePrice": "$1.00 per 1L"
      }
    }
  },
  {
    "id": "coles-orange-fruit-drink",
    "brand": "Coles",
    "name": "Orange Fruit Drink",
    "imageUrl": "https://shop.coles.com.au/wcsstore/Coles-CAS/images/2/5/3/2531493-th.jpg",
    "categories": ["drinks"],
    "tags": ["juice", "juices"],
    "locations": {
      "vic": {
        "price": 1,
        "promoText": " ",
        "packageSize": "1L",
        "packagePrice": "$1.00 per 1L"
      }
    }
  },
  {
    "id": "ribena-fruit-drink-blackcurrant-ready-to-drink-6-pack-tetra",
    "brand": "Ribena",
    "name": "Blackcurrant Fruit Drink Multipack 250mL",
    "imageUrl": "https://shop.coles.com.au/wcsstore/Coles-CAS/images/9/5/1/9515087-th.jpg",
    "categories": ["drinks"],
    "tags": ["juice", "juices"],
    "locations": {
      "vic": {
        "price": 3,
        "promoText": "Was $3.55 on Nov 2018 ",
        "packageSize": "6 pack",
        "packagePrice": "$0.50 per 1Ea"
      }
    }
  },
  {
    "id": "sunraysia-cranberry-fruit-juice-drink",
    "brand": "Sunraysia",
    "name": "Cranberry Juice Bottle",
    "imageUrl": "https://shop.coles.com.au/wcsstore/Coles-CAS/images/5/5/3/5533473-th.jpg",
    "categories": ["drinks"],
    "tags": ["juice", "juices"],
    "locations": {
      "vic": {
        "price": 2.5,
        "promoText": " ",
        "packageSize": "250mL",
        "packagePrice": "$10.00 per 1L"
      }
    }
  },
  {
    "id": "sunraysia-prune-juice-5051042p",
    "brand": "Sunraysia",
    "name": "Prune Juice Bottle",
    "imageUrl": "https://shop.coles.com.au/wcsstore/Coles-CAS/images/5/0/5/5051042-th.jpg",
    "categories": ["drinks"],
    "tags": ["juice", "juices"],
    "locations": {
      "vic": {
        "price": 2.9,
        "promoText": " ",
        "packageSize": "250mL",
        "packagePrice": "$11.60 per 1L"
      }
    }
  },
  {
    "id": "coles-apple-raspberry-fruit-drink",
    "brand": "Coles",
    "name": "Apple & Raspberry Fruit Drink Multipack 250mL",
    "imageUrl": "https://shop.coles.com.au/wcsstore/Coles-CAS/images/2/5/3/2535596-th.jpg",
    "categories": ["drinks"],
    "tags": ["juice", "juices"],
    "locations": {
      "vic": {
        "price": 2,
        "promoText": " ",
        "packageSize": "6 pack",
        "packagePrice": "$1.33 per 1L"
      }
    }
  },
  {
    "id": "coles-tropical-fruit-drink-2535600p",
    "brand": "Coles",
    "name": "Tropical Fruit Drink Multipack 250mL",
    "imageUrl": "https://shop.coles.com.au/wcsstore/Coles-CAS/images/2/5/3/2535600-th.jpg",
    "categories": ["drinks"],
    "tags": ["juice", "juices"],
    "locations": {
      "vic": {
        "price": 2,
        "promoText": " ",
        "packageSize": "6 pack",
        "packagePrice": "$1.33 per 1L"
      }
    }
  },
  {
    "id": "fruit-co-plus-juice-orange",
    "brand": "Fruit Co",
    "name": "Juice Plus + Orange",
    "imageUrl": "https://shop.coles.com.au/wcsstore/Coles-CAS/images/3/7/5/3752320-th.jpg",
    "categories": ["drinks"],
    "tags": ["juice", "juices"],
    "locations": {
      "vic": {
        "price": 3.75,
        "promoText": " ",
        "packageSize": "2L",
        "packagePrice": "$1.88 per 1L"
      }
    }
  },
  {
    "id": "golden-circle-tropical-punch-fruit-drink",
    "brand": "Golden Circle",
    "name": "Tropical Punch Fruit Drink Multipack 250mL",
    "imageUrl": "https://shop.coles.com.au/wcsstore/Coles-CAS/images/3/8/4/384354-th.jpg",
    "categories": ["drinks"],
    "tags": ["juice", "juices"],
    "locations": {
      "vic": {
        "price": 3.8,
        "promoText": "Any 2 $6",
        "packageSize": "6 pack",
        "packagePrice": "$0.63 per 1Ea"
      }
    }
  },
  {
    "id": "golden-circle-summer-berries-drink",
    "brand": "Golden Circle",
    "name": "Summer Berries Fruit Drink 250mL",
    "imageUrl": "https://shop.coles.com.au/wcsstore/Coles-CAS/images/2/0/4/2044561-th.jpg",
    "categories": ["drinks"],
    "tags": ["juice", "juices"],
    "locations": {
      "vic": {
        "price": 3.8,
        "promoText": "Any 2 $6",
        "packageSize": "6 pack",
        "packagePrice": "$0.63 per 1Ea"
      }
    }
  },
  {
    "id": "nuris-juice-pomegranate",
    "brand": "Nuris",
    "name": "Organic Wild Pomegranate Juice Bottle",
    "imageUrl": "https://shop.coles.com.au/wcsstore/Coles-CAS/images/5/9/7/5972291-th.jpg",
    "categories": ["drinks"],
    "tags": ["juice", "juices"],
    "locations": {
      "vic": {
        "price": 5.85,
        "promoText": "$0.70 ",
        "packageSize": "1L",
        "packagePrice": "$5.85 per 1L"
      }
    }
  },
  {
    "id": "campbells-v8-juice-tropical",
    "brand": "Campbell's",
    "name": "V8 Tropical Juice Multipack 250mL",
    "imageUrl": "https://shop.coles.com.au/wcsstore/Coles-CAS/images/7/9/4/7945223-th.jpg",
    "categories": ["drinks"],
    "tags": ["juice", "juices"],
    "locations": {
      "vic": {
        "price": 3,
        "promoText": "Was $3.80 on Jan 2020 ",
        "packageSize": "3 pack",
        "packagePrice": "$4.00 per 1L"
      }
    }
  },
  {
    "id": "coles-tropical-juice",
    "brand": "Coles",
    "name": "Tropical Juice Chilled 250mL",
    "imageUrl": "https://shop.coles.com.au/wcsstore/Coles-CAS/images/2/5/3/2535643-th.jpg",
    "categories": ["drinks"],
    "tags": ["juice", "juices"],
    "locations": {
      "vic": {
        "price": 2.3,
        "promoText": " ",
        "packageSize": "6 pack",
        "packagePrice": "$1.53 per 1L"
      }
    }
  },
  {
    "id": "coles--orange-fruit-drink",
    "brand": "Coles",
    "name": "Orange Fruit Drink Multipack 250mL",
    "imageUrl": "https://shop.coles.com.au/wcsstore/Coles-CAS/images/2/5/3/2535585-th.jpg",
    "categories": ["drinks"],
    "tags": ["juice", "juices"],
    "locations": {
      "vic": {
        "price": 2,
        "promoText": " ",
        "packageSize": "6 pack",
        "packagePrice": "$1.33 per 1L"
      }
    }
  },
  {
    "id": "coles-fruit-drink-orange-mango-6pk",
    "brand": "Coles",
    "name": "Orange & Mango Fruit Drink 250mL",
    "imageUrl": "https://shop.coles.com.au/wcsstore/Coles-CAS/images/2/5/3/2535610-th.jpg",
    "categories": ["drinks"],
    "tags": ["juice", "juices"],
    "locations": {
      "vic": {
        "price": 2,
        "promoText": " ",
        "packageSize": "6 pack",
        "packagePrice": "$1.33 per 1L"
      }
    }
  },
  {
    "id": "fruit-co-plus-juice-apple",
    "brand": "Fruit Co",
    "name": "Juice Plus + Apple",
    "imageUrl": "https://shop.coles.com.au/wcsstore/Coles-CAS/images/3/7/5/3752294-th.jpg",
    "categories": ["drinks"],
    "tags": ["juice", "juices"],
    "locations": {
      "vic": {
        "price": 3.75,
        "promoText": " ",
        "packageSize": "2L",
        "packagePrice": "$1.88 per 1L"
      }
    }
  },
  {
    "id": "golden-circle-sunshine-punch-fruit-drink",
    "brand": "Golden Circle",
    "name": "Sunshine Punch Fruit Drink Multipack 250mL",
    "imageUrl": "https://shop.coles.com.au/wcsstore/Coles-CAS/images/6/9/1/6910391-th.jpg",
    "categories": ["drinks"],
    "tags": ["juice", "juices"],
    "locations": {
      "vic": {
        "price": 3.8,
        "promoText": "Any 2 $6",
        "packageSize": "6 pack",
        "packagePrice": "$0.63 per 1Ea"
      }
    }
  },
  {
    "id": "golden-circle-sparkling-apple-tropical-punch",
    "brand": "Golden Circle",
    "name": "Sparkling Apple Tropical Punch Drink",
    "imageUrl": "https://shop.coles.com.au/wcsstore/Coles-CAS/images/3/4/4/3447530-th.jpg",
    "categories": ["drinks"],
    "tags": ["juice", "juices"],
    "locations": {
      "vic": {
        "price": 1.59,
        "promoText": "$0.41 ",
        "packageSize": "250mL",
        "packagePrice": "$6.36 per 1L"
      }
    }
  },
  {
    "id": "golden-circle-sparkling-apple-juice",
    "brand": "Golden Circle",
    "name": "Crisp Apple Sparkling Multipack Juice Can 250mL",
    "imageUrl": "https://shop.coles.com.au/wcsstore/Coles-CAS/images/3/5/2/3529409-th.jpg",
    "categories": ["drinks"],
    "tags": ["juice", "juices"],
    "locations": {
      "vic": {
        "price": 6,
        "promoText": " ",
        "packageSize": "4 pack",
        "packagePrice": "$6.00 per 1L"
      }
    }
  },
  {
    "id": "golden-circle-apple-50-less-sugar-2l",
    "brand": "Golden Circle",
    "name": "Apple 50% Less Sugar",
    "imageUrl": "https://shop.coles.com.au/wcsstore/Coles-CAS/images/3/8/1/3819996-th.jpg",
    "categories": ["drinks"],
    "tags": ["juice", "juices"],
    "locations": {
      "vic": {
        "price": 4.2,
        "promoText": " ",
        "packageSize": "2L",
        "packagePrice": "$2.10 per 1L"
      }
    }
  },
  {
    "id": "just-juice-100%25-orange",
    "brand": "Just Juice",
    "name": "Orange Juice Multipack 200mL",
    "imageUrl": "https://shop.coles.com.au/wcsstore/Coles-CAS/images/5/0/0/5001281-th.jpg",
    "categories": ["drinks"],
    "tags": ["juice", "juices"],
    "locations": {
      "vic": {
        "price": 3.5,
        "promoText": "$1.20 ",
        "packageSize": "6 pack",
        "packagePrice": "$0.58 per 1Ea"
      }
    }
  },
  {
    "id": "prima-fruit-drink-apple-raspberry",
    "brand": "Prima",
    "name": "Apple Raspberry Fruit Drink Multipack 200mL",
    "imageUrl": "https://shop.coles.com.au/wcsstore/Coles-CAS/images/6/6/3/6631831-th.jpg",
    "categories": ["drinks"],
    "tags": ["juice", "juices"],
    "locations": {
      "vic": {
        "price": 2.5,
        "promoText": "Was $3.45 on Mar 2018 ",
        "packageSize": "6 pack",
        "packagePrice": "$0.42 per 1Ea"
      }
    }
  },
  {
    "id": "sunraysia-organic-juice-pouch-100%25-apple",
    "brand": "Sunraysia",
    "name": "Organic Apple Juice Pouch",
    "imageUrl": "https://shop.coles.com.au/wcsstore/Coles-CAS/images/1/0/2/1027080-th.jpg",
    "categories": ["drinks"],
    "tags": ["juice", "juices"],
    "locations": {
      "vic": {
        "price": 1.3,
        "promoText": "Any 5 $5",
        "packageSize": "200mL",
        "packagePrice": "$6.50 per 1L"
      }
    }
  },
  {
    "id": "ashton-valley-fresh-juice-sparkling-apple-strberry",
    "brand": "Ashton Valley Fresh",
    "name": "Apple & Strawberry Sparkling Juice Bottle",
    "imageUrl": "https://shop.coles.com.au/wcsstore/Coles-CAS/images/3/0/5/3052441-th.jpg",
    "categories": ["drinks"],
    "tags": ["juice", "juices"],
    "locations": {
      "vic": {
        "price": 4.4,
        "promoText": "$1.10 ",
        "packageSize": "750mL",
        "packagePrice": "$5.87 per 1L"
      }
    }
  },
  {
    "id": "campbells-vegetable-v8-juice",
    "brand": "Campbell's",
    "name": "V8 Vegetable Juice",
    "imageUrl": "https://shop.coles.com.au/wcsstore/Coles-CAS/images/2/0/4/2047130-th.jpg",
    "categories": ["drinks"],
    "tags": ["juice", "juices"],
    "locations": {
      "vic": {
        "price": 2.3,
        "promoText": " ",
        "packageSize": "300mL",
        "packagePrice": "$7.67 per 1L"
      }
    }
  },
  {
    "id": "campbells-v8-power-blend-juice",
    "brand": "Campbell's",
    "name": "V8 Power Blend Mighty Peach Juice",
    "imageUrl": "https://shop.coles.com.au/wcsstore/Coles-CAS/images/3/4/4/3447585-th.jpg",
    "categories": ["drinks"],
    "tags": ["juice", "juices"],
    "locations": {
      "vic": {
        "price": 5,
        "promoText": "Any 2 $7",
        "packageSize": "1.25L",
        "packagePrice": "$4.00 per 1L"
      }
    }
  },
  {
    "id": "coles-tropical-fruit-drink",
    "brand": "Coles",
    "name": "Tropical Fruit Drink",
    "imageUrl": "https://shop.coles.com.au/wcsstore/Coles-CAS/images/2/5/3/2531507-th.jpg",
    "categories": ["drinks"],
    "tags": ["juice", "juices"],
    "locations": {
      "vic": {
        "price": 1,
        "promoText": " ",
        "packageSize": "1L",
        "packagePrice": "$1.00 per 1L"
      }
    }
  },
  {
    "id": "coles-apple-blackcurrant-fruit-drink",
    "brand": "Coles",
    "name": "Apple & Blackcurrant Fruit Drink Multipack 250mL",
    "imageUrl": "https://shop.coles.com.au/wcsstore/Coles-CAS/images/2/5/3/2535563-th.jpg",
    "categories": ["drinks"],
    "tags": ["juice", "juices"],
    "locations": {
      "vic": {
        "price": 2,
        "promoText": " ",
        "packageSize": "6 Pack",
        "packagePrice": "$1.33 per 1L"
      }
    }
  },
  {
    "id": "fruit-co-plus-juice-grape",
    "brand": "Fruit Co",
    "name": "Juice Plus + Grape",
    "imageUrl": "https://shop.coles.com.au/wcsstore/Coles-CAS/images/3/7/5/3752319-th.jpg",
    "categories": ["drinks"],
    "tags": ["juice", "juices"],
    "locations": {
      "vic": {
        "price": 3.75,
        "promoText": " ",
        "packageSize": "2L",
        "packagePrice": "$1.88 per 1L"
      }
    }
  },
  {
    "id": "golden-circle-pineapple-orange-fruit-drink",
    "brand": "Golden Circle",
    "name": "Pine Orange Fruit Drink Multipack 250mL",
    "imageUrl": "https://shop.coles.com.au/wcsstore/Coles-CAS/images/3/8/4/384376-th.jpg",
    "categories": ["drinks"],
    "tags": ["juice", "juices"],
    "locations": {
      "vic": {
        "price": 3.8,
        "promoText": "Any 2 $6",
        "packageSize": "6 pack",
        "packagePrice": "$2.53 per 1L"
      }
    }
  },
  {
    "id": "golden-circle-drink-apple-250ml",
    "brand": "Golden Circle",
    "name": "Apple Fruit Drink Multipack 250mL",
    "imageUrl": "https://shop.coles.com.au/wcsstore/Coles-CAS/images/2/1/2/212111-th.jpg",
    "categories": ["drinks"],
    "tags": ["juice", "juices"],
    "locations": {
      "vic": {
        "price": 3.8,
        "promoText": "Any 2 $6",
        "packageSize": "6 pack",
        "packagePrice": "$0.63 per 1Ea"
      }
    }
  },
  {
    "id": "golden-circle-guava-nectar",
    "brand": "Golden Circle",
    "name": "Guava Nectar Fruit Drink",
    "imageUrl": "https://shop.coles.com.au/wcsstore/Coles-CAS/images/4/8/0/4801850-th.jpg",
    "categories": ["drinks"],
    "tags": ["juice", "juices"],
    "locations": {
      "vic": {
        "price": 2.9,
        "promoText": " ",
        "packageSize": "1L",
        "packagePrice": "$2.90 per 1L"
      }
    }
  },
  {
    "id": "golden-circle-pear-apple-raspberry-100%25-juice",
    "brand": "Golden Circle",
    "name": "Pear Apple & Raspberry Juice",
    "imageUrl": "https://shop.coles.com.au/wcsstore/Coles-CAS/images/2/5/3/2531711-th.jpg",
    "categories": ["drinks"],
    "tags": ["juice", "juices"],
    "locations": {
      "vic": {
        "price": 2.5,
        "promoText": " ",
        "packageSize": "2L",
        "packagePrice": "$1.25 per 1L"
      }
    }
  },
  {
    "id": "just-juice-100%25-apple-blackcurrent",
    "brand": "Just Juice",
    "name": "Apple Blackcurrant Juice Multipack 200mL",
    "imageUrl": "https://shop.coles.com.au/wcsstore/Coles-CAS/images/5/0/0/5001248-th.jpg",
    "categories": ["drinks"],
    "tags": ["juice", "juices"],
    "locations": {
      "vic": {
        "price": 3.5,
        "promoText": "$1.20 ",
        "packageSize": "6 pack",
        "packagePrice": "$0.58 per 1Ea"
      }
    }
  },
  {
    "id": "pop-tops-fruit-drink-apple",
    "brand": "Pop Tops",
    "name": "Apple Fruit Drink Multipack 250mL",
    "imageUrl": "https://shop.coles.com.au/wcsstore/Coles-CAS/images/6/9/1/6914188-th.jpg",
    "categories": ["drinks"],
    "tags": ["juice", "juices"],
    "locations": {
      "vic": {
        "price": 4.4,
        "promoText": "Any 2 $7",
        "packageSize": "6 pack",
        "packagePrice": "$0.73 per 1Ea"
      }
    }
  },
  {
    "id": "pop-tops-apple-blackcurrant-fruit-drink",
    "brand": "Pop Tops",
    "name": "Apple Blackcurrant Fruit Drink Multipack 250mL",
    "imageUrl": "https://shop.coles.com.au/wcsstore/Coles-CAS/images/8/1/4/8147374-th.jpg",
    "categories": ["drinks"],
    "tags": ["juice", "juices"],
    "locations": {
      "vic": {
        "price": 4.4,
        "promoText": "Any 2 $7",
        "packageSize": "6 pack",
        "packagePrice": "$0.73 per 1Ea"
      }
    }
  },
  {
    "id": "prima-fruit-drink-apple-6-pack",
    "brand": "Prima",
    "name": "Apple Fruit Drink Multipack 200mL",
    "imageUrl": "https://shop.coles.com.au/wcsstore/Coles-CAS/images/6/6/3/6631820-th.jpg",
    "categories": ["drinks"],
    "tags": ["juice", "juices"],
    "locations": {
      "vic": {
        "price": 2.5,
        "promoText": "Was $3.45 on Mar 2018 ",
        "packageSize": "6 pack",
        "packagePrice": "$0.42 per 1Ea"
      }
    }
  },
  {
    "id": "pureharvest-organic-apple-juice",
    "brand": "Pureharvest",
    "name": "Organic Apple Juice Bottle",
    "imageUrl": "https://shop.coles.com.au/wcsstore/Coles-CAS/images/5/3/4/5346057-th.jpg",
    "categories": ["drinks", "healthy-living"],
    "tags": ["juice", "juices"],
    "locations": {
      "vic": {
        "price": 4,
        "promoText": " ",
        "packageSize": "1L",
        "packagePrice": "$4.00 per 1L"
      }
    }
  },
  {
    "id": "sunraysia-juice-organic-tropical",
    "brand": "Sunraysia",
    "name": "Organic Tropical Juice Pouch",
    "imageUrl": "https://shop.coles.com.au/wcsstore/Coles-CAS/images/1/3/8/1383594-th.jpg",
    "categories": ["drinks"],
    "tags": ["juice", "juices"],
    "locations": {
      "vic": {
        "price": 1.3,
        "promoText": "Any 5 $5",
        "packageSize": "200mL",
        "packagePrice": "$6.50 per 1L"
      }
    }
  },
  {
    "id": "sunraysia-juice-organic-apple-blackcurrant",
    "brand": "Sunraysia",
    "name": "Organic Apple & Blackcurrant Juice Pouch",
    "imageUrl": "https://shop.coles.com.au/wcsstore/Coles-CAS/images/1/3/8/1383583-th.jpg",
    "categories": ["drinks"],
    "tags": ["juice", "juices"],
    "locations": {
      "vic": {
        "price": 1.3,
        "promoText": "Any 5 $5",
        "packageSize": "200mL",
        "packagePrice": "$6.50 per 1L"
      }
    }
  },
  {
    "id": "sunraysia-organic-apple-guava-juice",
    "brand": "Sunraysia",
    "name": "Organic Apple & Guava Juice Pouch",
    "imageUrl": "https://shop.coles.com.au/wcsstore/Coles-CAS/images/2/5/3/2532237-th.jpg",
    "categories": ["drinks"],
    "tags": ["juice", "juices"],
    "locations": {
      "vic": {
        "price": 1.3,
        "promoText": "Any 5 $5",
        "packageSize": "200mL",
        "packagePrice": "$6.50 per 1L"
      }
    }
  },
  {
    "id": "ashton-valley-fresh-juice-sparkling-apple-pineapple",
    "brand": "Ashton Valley Fresh",
    "name": "Apple & Pineapple Sparkling Juice Bottle",
    "imageUrl": "https://shop.coles.com.au/wcsstore/Coles-CAS/images/3/0/5/3052430-th.jpg",
    "categories": ["drinks"],
    "tags": ["juice", "juices"],
    "locations": {
      "vic": {
        "price": 4.4,
        "promoText": "$1.10 ",
        "packageSize": "750mL",
        "packagePrice": "$5.87 per 1L"
      }
    }
  },
  {
    "id": "ashton-valley-fresh-juice-sparkling-apple",
    "brand": "Ashton Valley Fresh",
    "name": "Apple Sparkling Juice Bottle",
    "imageUrl": "https://shop.coles.com.au/wcsstore/Coles-CAS/images/3/0/5/3052419-th.jpg",
    "categories": ["drinks"],
    "tags": ["juice", "juices"],
    "locations": {
      "vic": {
        "price": 4.4,
        "promoText": "$1.10 ",
        "packageSize": "750mL",
        "packagePrice": "$5.87 per 1L"
      }
    }
  },
  {
    "id": "bickfords-juice-pomegranate",
    "brand": "Bickford's",
    "name": "Pomegranate Juice",
    "imageUrl": "https://shop.coles.com.au/wcsstore/Coles-CAS/images/5/9/7/5973625-th.jpg",
    "categories": ["drinks"],
    "tags": ["juice", "juices"],
    "locations": {
      "vic": {
        "price": 6,
        "promoText": " ",
        "packageSize": "1L",
        "packagePrice": "$6.00 per 1L"
      }
    }
  },
  {
    "id": "campbells-v8-juice-low-sodium",
    "brand": "Campbell's",
    "name": "V8 Low Sodium Vegetable Juice",
    "imageUrl": "https://shop.coles.com.au/wcsstore/Coles-CAS/images/1/1/6/1165389-th.jpg",
    "categories": ["drinks"],
    "tags": ["juice", "juices"],
    "locations": {
      "vic": {
        "price": 4.6,
        "promoText": "Any 2 $7",
        "packageSize": "1.25L",
        "packagePrice": "$3.68 per 1L"
      }
    }
  },
  {
    "id": "campbells-v8-juice-apple-berry-fusion",
    "brand": "Campbell's",
    "name": "V8 Apple Berry Fusion Juice Multipack 250mL",
    "imageUrl": "https://shop.coles.com.au/wcsstore/Coles-CAS/images/1/1/6/1165298-th.jpg",
    "categories": ["drinks"],
    "tags": ["juice", "juices"],
    "locations": {
      "vic": {
        "price": 3,
        "promoText": "Was $3.80 on Jan 2020 ",
        "packageSize": "3 pack",
        "packagePrice": "$4.00 per 1L"
      }
    }
  },
  {
    "id": "campbells-v8-juice-breakfast-250ml",
    "brand": "Campbell's",
    "name": "V8 Breakfast Juice Box 250mL",
    "imageUrl": "https://shop.coles.com.au/wcsstore/Coles-CAS/images/1/1/6/1165301-th.jpg",
    "categories": ["drinks"],
    "tags": ["juice", "juices"],
    "locations": {
      "vic": {
        "price": 3,
        "promoText": "Was $3.80 on Jan 2020 ",
        "packageSize": "3 pack",
        "packagePrice": "$1.00 per 1Ea"
      }
    }
  },
  {
    "id": "campbells-tropical-v8-juice",
    "brand": "Campbell's",
    "name": "V8 Tropical Fusion Juice",
    "imageUrl": "https://shop.coles.com.au/wcsstore/Coles-CAS/images/2/0/4/2047140-th.jpg",
    "categories": ["drinks"],
    "tags": ["juice", "juices"],
    "locations": {
      "vic": {
        "price": 2.3,
        "promoText": " ",
        "packageSize": "300mL",
        "packagePrice": "$7.67 per 1L"
      }
    }
  },
  {
    "id": "campbells-orange-kick-v8-power-blend-juice",
    "brand": "Campbell's",
    "name": "V8 Orange Kick Juice",
    "imageUrl": "https://shop.coles.com.au/wcsstore/Coles-CAS/images/2/5/2/2528331-th.jpg",
    "categories": ["drinks"],
    "tags": ["juice", "juices"],
    "locations": {
      "vic": {
        "price": 5,
        "promoText": "Any 2 $7",
        "packageSize": "1.25L",
        "packagePrice": "$4.00 per 1L"
      }
    }
  },
  {
    "id": "campbells-v8-breakfast-juice",
    "brand": "Campbell's",
    "name": "V8 Breakfast Fusion Juice",
    "imageUrl": "https://shop.coles.com.au/wcsstore/Coles-CAS/images/2/0/4/2047151-th.jpg",
    "categories": ["drinks"],
    "tags": ["juice", "juices"],
    "locations": {
      "vic": {
        "price": 2.3,
        "promoText": " ",
        "packageSize": "300mL",
        "packagePrice": "$7.67 per 1L"
      }
    }
  },
  {
    "id": "coles-orange-juice",
    "brand": "Coles",
    "name": "Orange Juice Multipack 250mL",
    "imageUrl": "https://shop.coles.com.au/wcsstore/Coles-CAS/images/2/5/3/2535665-th.jpg",
    "categories": ["drinks"],
    "tags": ["juice", "juices"],
    "locations": {
      "vic": {
        "price": 2.3,
        "promoText": " ",
        "packageSize": "6 pack",
        "packagePrice": "$1.53 per 1L"
      }
    }
  },
  {
    "id": "coles-apple-blackcurrant-juice-2535632p",
    "brand": "Coles",
    "name": "Apple & Blackcurrant Juice Multipack 250mL",
    "imageUrl": "https://shop.coles.com.au/wcsstore/Coles-CAS/images/2/5/3/2535632-th.jpg",
    "categories": ["drinks"],
    "tags": ["juice", "juices"],
    "locations": {
      "vic": {
        "price": 2.3,
        "promoText": " ",
        "packageSize": "6 pack",
        "packagePrice": "$1.53 per 1L"
      }
    }
  },
  {
    "id": "coles-juice-apple-6pk",
    "brand": "Coles",
    "name": "Apple Juice Multipack 250mL",
    "imageUrl": "https://shop.coles.com.au/wcsstore/Coles-CAS/images/2/5/3/2535654-th.jpg",
    "categories": ["drinks"],
    "tags": ["juice", "juices"],
    "locations": {
      "vic": {
        "price": 2.3,
        "promoText": " ",
        "packageSize": "6 pack",
        "packagePrice": "$1.53 per 1L"
      }
    }
  },
  {
    "id": "fruit-co-plus-nectar-apricot",
    "brand": "Fruit Co",
    "name": "Plus + Nectar Apricot",
    "imageUrl": "https://shop.coles.com.au/wcsstore/Coles-CAS/images/3/7/5/3752352-th.jpg",
    "categories": ["drinks"],
    "tags": ["juice", "juices"],
    "locations": {
      "vic": {
        "price": 3.75,
        "promoText": " ",
        "packageSize": "2L",
        "packagePrice": "$1.88 per 1L"
      }
    }
  },
  {
    "id": "fruit-co-plus-juice-apple-pear",
    "brand": "Fruit Co",
    "name": "Juice Plus + Apple Pear",
    "imageUrl": "https://shop.coles.com.au/wcsstore/Coles-CAS/images/3/7/5/3752308-th.jpg",
    "categories": ["drinks"],
    "tags": ["juice", "juices"],
    "locations": {
      "vic": {
        "price": 3.75,
        "promoText": " ",
        "packageSize": "2L",
        "packagePrice": "$1.88 per 1L"
      }
    }
  },
  {
    "id": "fruit-co-plus-juice-10-fruits",
    "brand": "Fruit Co",
    "name": "Juice Plus + 10 Fruits",
    "imageUrl": "https://shop.coles.com.au/wcsstore/Coles-CAS/images/3/7/5/3752283-th.jpg",
    "categories": ["drinks"],
    "tags": ["juice", "juices"],
    "locations": {
      "vic": {
        "price": 3.75,
        "promoText": " ",
        "packageSize": "2L",
        "packagePrice": "$1.88 per 1L"
      }
    }
  },
  {
    "id": "fruit-co-plus-juice-apple-banana-mago",
    "brand": "Fruit Co",
    "name": "Juice Plus + Apple Banana Mango",
    "imageUrl": "https://shop.coles.com.au/wcsstore/Coles-CAS/images/3/7/5/3752272-th.jpg",
    "categories": ["drinks"],
    "tags": ["juice", "juices"],
    "locations": {
      "vic": {
        "price": 3.75,
        "promoText": " ",
        "packageSize": "2L",
        "packagePrice": "$1.88 per 1L"
      }
    }
  },
  {
    "id": "golden-circle-orange-fruit-drink-6-pack",
    "brand": "Golden Circle",
    "name": "Orange Fruit Drink Multipack 250mL",
    "imageUrl": "https://shop.coles.com.au/wcsstore/Coles-CAS/images/3/8/4/384365-th.jpg",
    "categories": ["drinks"],
    "tags": ["juice", "juices"],
    "locations": {
      "vic": {
        "price": 3.8,
        "promoText": "Any 2 $6",
        "packageSize": "6 pack",
        "packagePrice": "$0.63 per 1Ea"
      }
    }
  },
  {
    "id": "golden-circle-pineapple-juice",
    "brand": "Golden Circle",
    "name": "Pineapple Juice Multipack 250mL",
    "imageUrl": "https://shop.coles.com.au/wcsstore/Coles-CAS/images/3/8/4/384387-th.jpg",
    "categories": ["drinks"],
    "tags": ["juice", "juices"],
    "locations": {
      "vic": {
        "price": 3.8,
        "promoText": " ",
        "packageSize": "6 pack",
        "packagePrice": "$0.63 per 1Ea"
      }
    }
  },
  {
    "id": "golden-circle-juice-apple-mango",
    "brand": "Golden Circle",
    "name": "Apple & Mango Juice",
    "imageUrl": "https://shop.coles.com.au/wcsstore/Coles-CAS/images/9/3/4/9349068-th.jpg",
    "categories": ["drinks"],
    "tags": ["juice", "juices"],
    "locations": {
      "vic": {
        "price": 4,
        "promoText": " ",
        "packageSize": "3L",
        "packagePrice": "$1.33 per 1L"
      }
    }
  },
  {
    "id": "golden-circle-apple-blackcurrant-tetra-drink",
    "brand": "Golden Circle",
    "name": "Apple Blackcurrant Fruit Drink Multipack 250mL",
    "imageUrl": "https://shop.coles.com.au/wcsstore/Coles-CAS/images/2/0/4/2044550-th.jpg",
    "categories": ["drinks"],
    "tags": ["juice", "juices"],
    "locations": {
      "vic": {
        "price": 3.8,
        "promoText": "Any 2 $6",
        "packageSize": "6 pack",
        "packagePrice": "$0.63 per 1Ea"
      }
    }
  },
  {
    "id": "golden-circle-fruit-veg-berri-beets",
    "brand": "Golden Circle",
    "name": "Fruit & Veg Apple Berry Beets Juice",
    "imageUrl": "https://shop.coles.com.au/wcsstore/Coles-CAS/images/3/5/4/3543771-th.jpg",
    "categories": ["drinks"],
    "tags": ["juice", "juices"],
    "locations": {
      "vic": {
        "price": 4.5,
        "promoText": " ",
        "packageSize": "1.5L",
        "packagePrice": "$3.00 per 1L"
      }
    }
  },
  {
    "id": "golden-circle-sparkling-tropical-juice",
    "brand": "Golden Circle",
    "name": "Apple Tropical Punch Sparkling Multipack Juice Can 250mL",
    "imageUrl": "https://shop.coles.com.au/wcsstore/Coles-CAS/images/3/5/2/3529410-th.jpg",
    "categories": ["drinks"],
    "tags": ["juice", "juices"],
    "locations": {
      "vic": {
        "price": 6,
        "promoText": " ",
        "packageSize": "4 pack",
        "packagePrice": "$6.00 per 1L"
      }
    }
  },
  {
    "id": "golden-circle-fruit-veg-apple-carrot-ginger-15l",
    "brand": "Golden Circle",
    "name": "Fruit & Veg Apple Carrot Ginger Juice",
    "imageUrl": "https://shop.coles.com.au/wcsstore/Coles-CAS/images/3/5/4/3543750-th.jpg",
    "categories": ["drinks"],
    "tags": ["juice", "juices"],
    "locations": {
      "vic": {
        "price": 4.5,
        "promoText": " ",
        "packageSize": "1.5L",
        "packagePrice": "$3.00 per 1L"
      }
    }
  },
  {
    "id": "golden-circle-fruit-veg-pine-apple-carrot-15l",
    "brand": "Golden Circle",
    "name": "Fruit & Veg Pine Apple Carrot Juice",
    "imageUrl": "https://shop.coles.com.au/wcsstore/Coles-CAS/images/3/5/4/3543760-th.jpg",
    "categories": ["drinks"],
    "tags": ["juice", "juices"],
    "locations": {
      "vic": {
        "price": 4.5,
        "promoText": " ",
        "packageSize": "1.5L",
        "packagePrice": "$3.00 per 1L"
      }
    }
  },
  {
    "id": "golden-circle-orange-50-less-sugar-2l",
    "brand": "Golden Circle",
    "name": "Orange 50% Less Sugar",
    "imageUrl": "https://shop.coles.com.au/wcsstore/Coles-CAS/images/3/8/2/3820000-th.jpg",
    "categories": ["drinks"],
    "tags": ["juice", "juices"],
    "locations": {
      "vic": {
        "price": 4.2,
        "promoText": " ",
        "packageSize": "2L",
        "packagePrice": "$2.10 per 1L"
      }
    }
  },
  {
    "id": "golden-circle-pear-50-less-sugar-2l",
    "brand": "Golden Circle",
    "name": "Pear 50% Less Sugar",
    "imageUrl": "https://shop.coles.com.au/wcsstore/Coles-CAS/images/3/8/2/3820011-th.jpg",
    "categories": ["drinks"],
    "tags": ["juice", "juices"],
    "locations": {
      "vic": {
        "price": 4.2,
        "promoText": " ",
        "packageSize": "2L",
        "packagePrice": "$2.10 per 1L"
      }
    }
  },
  {
    "id": "just-juice-100%25-paradise-punch",
    "brand": "Just Juice",
    "name": "Paradise Punch Juice Multipack 200mL",
    "imageUrl": "https://shop.coles.com.au/wcsstore/Coles-CAS/images/5/4/2/5424365-th.jpg",
    "categories": ["drinks"],
    "tags": ["juice", "juices"],
    "locations": {
      "vic": {
        "price": 3.5,
        "promoText": "$1.20 ",
        "packageSize": "6 pack",
        "packagePrice": "$0.58 per 1Ea"
      }
    }
  },
  {
    "id": "just-juice-100%25-orange-mango",
    "brand": "Just Juice",
    "name": "Orange Mango Juice Multipack 200mL",
    "imageUrl": "https://shop.coles.com.au/wcsstore/Coles-CAS/images/5/0/0/5001270-th.jpg",
    "categories": ["drinks"],
    "tags": ["juice", "juices"],
    "locations": {
      "vic": {
        "price": 3.5,
        "promoText": "$1.20 ",
        "packageSize": "6 pack",
        "packagePrice": "$0.58 per 1Ea"
      }
    }
  },
  {
    "id": "ocean-spray-pink-cranberry-15litre",
    "brand": "Ocean Spray",
    "name": "Pink Cranberry Fruit Drink",
    "imageUrl": "https://shop.coles.com.au/wcsstore/Coles-CAS/images/3/5/2/3528450-th.jpg",
    "categories": ["drinks"],
    "tags": ["juice", "juices"],
    "locations": {
      "vic": {
        "price": 3.8,
        "promoText": "$1.90 ",
        "packageSize": "1.5L",
        "packagePrice": "$2.53 per 1L"
      }
    }
  },
  {
    "id": "pop-tops-orange-fruit-drink",
    "brand": "Pop Tops",
    "name": "Orange Fruit Drink Multipack 250mL",
    "imageUrl": "https://shop.coles.com.au/wcsstore/Coles-CAS/images/6/8/8/6882831-th.jpg",
    "categories": ["drinks"],
    "tags": ["juice", "juices"],
    "locations": {
      "vic": {
        "price": 4.4,
        "promoText": "Any 2 $7",
        "packageSize": "6 pack",
        "packagePrice": "$0.73 per 1Ea"
      }
    }
  },
  {
    "id": "pop-tops-tropical-drink",
    "brand": "Pop Tops",
    "name": "Tropical Fruit Drink Multipack 250mL",
    "imageUrl": "https://shop.coles.com.au/wcsstore/Coles-CAS/images/2/0/4/2044700-th.jpg",
    "categories": ["drinks"],
    "tags": ["juice", "juices"],
    "locations": {
      "vic": {
        "price": 4.4,
        "promoText": "Any 2 $7",
        "packageSize": "6 pack",
        "packagePrice": "$0.73 per 1Ea"
      }
    }
  },
  {
    "id": "prima-fruit-drink-tropical",
    "brand": "Prima",
    "name": "Tropical Fruit Drink Multipack 200mL",
    "imageUrl": "https://shop.coles.com.au/wcsstore/Coles-CAS/images/6/6/3/6631875-th.jpg",
    "categories": ["drinks"],
    "tags": ["juice", "juices"],
    "locations": {
      "vic": {
        "price": 2.5,
        "promoText": "Was $3.45 on Mar 2018 ",
        "packageSize": "6 pack",
        "packagePrice": "$0.42 per 1Ea"
      }
    }
  },
  {
    "id": "prima-reduced-sugar-tropical",
    "brand": "Prima",
    "name": "Tropical Fruit Drink Multipack 200mL",
    "imageUrl": "https://shop.coles.com.au/wcsstore/Coles-CAS/images/3/5/3/3530292-th.jpg",
    "categories": ["drinks"],
    "tags": ["juice", "juices"],
    "locations": {
      "vic": {
        "price": 2.5,
        "promoText": " ",
        "packageSize": "6 pack",
        "packagePrice": "$0.42 per 1Ea"
      }
    }
  },
  {
    "id": "prima-reduced-sugar-apple-raspberry",
    "brand": "Prima",
    "name": "Apple Raspberry Fruit Drink Multipack 200mL",
    "imageUrl": "https://shop.coles.com.au/wcsstore/Coles-CAS/images/3/5/3/3530306-th.jpg",
    "categories": ["drinks"],
    "tags": ["juice", "juices"],
    "locations": {
      "vic": {
        "price": 2.5,
        "promoText": " ",
        "packageSize": "6 pack",
        "packagePrice": "$0.42 per 1Ea"
      }
    }
  },
  {
    "id": "prima-reduced-sugar-apple",
    "brand": "Prima",
    "name": "Apple Fruit Drink Multipack 200mL",
    "imageUrl": "https://shop.coles.com.au/wcsstore/Coles-CAS/images/3/5/2/3529792-th.jpg",
    "categories": ["drinks"],
    "tags": ["juice", "juices"],
    "locations": {
      "vic": {
        "price": 2.5,
        "promoText": " ",
        "packageSize": "6 pack",
        "packagePrice": "$0.42 per 1Ea"
      }
    }
  },
  {
    "id": "pureharvest-organic--apple-pear-juice",
    "brand": "Pureharvest",
    "name": "Organic Apple & Pear Juice Bottle",
    "imageUrl": "https://shop.coles.com.au/wcsstore/Coles-CAS/images/5/7/4/5748276-th.jpg",
    "categories": ["drinks", "healthy-living"],
    "tags": ["juice", "juices"],
    "locations": {
      "vic": {
        "price": 4,
        "promoText": " ",
        "packageSize": "1L",
        "packagePrice": "$4.00 per 1L"
      }
    }
  },
  {
    "id": "remedy-oranjo",
    "brand": "Remedy",
    "name": "Oranja Multipack Cans 250mL",
    "imageUrl": "https://shop.coles.com.au/wcsstore/Coles-CAS/images/3/5/2/3529351-th.jpg",
    "categories": ["drinks"],
    "tags": ["juice", "juices"],
    "locations": {
      "vic": {
        "price": 8.75,
        "promoText": " ",
        "packageSize": "4 pack",
        "packagePrice": "$8.75 per 1L"
      }
    }
  },
  {
    "id": "sunraysia-organic-100%25-juice-apple-mango",
    "brand": "Sunraysia",
    "name": "Organic Apple & Mango Juice Pouch",
    "imageUrl": "https://shop.coles.com.au/wcsstore/Coles-CAS/images/2/0/4/2048303-th.jpg",
    "categories": ["drinks"],
    "tags": ["juice", "juices"],
    "locations": {
      "vic": {
        "price": 1.3,
        "promoText": "Any 5 $5",
        "packageSize": "200mL",
        "packagePrice": "$6.50 per 1L"
      }
    }
  },
  {
    "id": "sunraysia-pomegranate-juice",
    "brand": "Sunraysia",
    "name": "Pomegranate Juice Bottle",
    "imageUrl": "https://shop.coles.com.au/wcsstore/Coles-CAS/images/2/5/3/2531992-th.jpg",
    "categories": ["drinks"],
    "tags": ["juice", "juices"],
    "locations": {
      "vic": {
        "price": 5,
        "promoText": "$1.00 ",
        "packageSize": "1L",
        "packagePrice": "$5.00 per 1L"
      }
    }
  },
  {
    "id": "sunraysia-pear-and-cranberry",
    "brand": "Sunraysia",
    "name": "Pear And Cranberry Flavour Juice Bottle",
    "imageUrl": "https://shop.coles.com.au/wcsstore/Coles-CAS/images/3/5/3/3531047-th.jpg",
    "categories": ["drinks"],
    "tags": ["juice", "juices"],
    "locations": {
      "vic": {
        "price": 5,
        "promoText": "$1.00 ",
        "packageSize": "1L",
        "packagePrice": "$5.00 per 1L"
      }
    }
  },
  {
    "id": "v8-power-blend-juice-healthy-greens",
    "brand": "V8",
    "name": "Healthy Greens Power Blend Juice",
    "imageUrl": "https://shop.coles.com.au/wcsstore/Coles-CAS/images/3/4/4/3447632-th.jpg",
    "categories": ["drinks"],
    "tags": ["juice", "juices"],
    "locations": {
      "vic": {
        "price": 2.7,
        "promoText": " ",
        "packageSize": "300mL",
        "packagePrice": "$9.00 per 1L"
      }
    }
  },
  {
    "id": "v8-cranberry-sweet-potato-apple",
    "brand": "V8",
    "name": "Apple Cranberry",
    "imageUrl": "https://shop.coles.com.au/wcsstore/Coles-CAS/images/3/5/2/3529726-th.jpg",
    "categories": ["drinks"],
    "tags": ["juice", "juices"],
    "locations": {
      "vic": {
        "price": 4.6,
        "promoText": "Any 2 $7",
        "packageSize": "1.25L",
        "packagePrice": "$3.68 per 1L"
      }
    }
  },
  {
    "id": "daily-juice-company-juice-orange-pulp-free-no-added-sugar-chilled",
    "brand": "Daily Juice",
    "name": "Pulp Free Orange Juice Chilled",
    "imageUrl": "https://shop.coles.com.au/wcsstore/Coles-CAS/images/5/7/3/5738160-th.jpg",
    "categories": ["drinks"],
    "tags": ["juice", "chilled-juice"],
    "locations": {
      "vic": {
        "price": 5,
        "promoText": "Was $5.30 on Apr 2018 ",
        "packageSize": "2L",
        "packagePrice": "$2.50 per 1L"
      }
    }
  },
  {
    "id": "daily-juice-company-juice-orange-no-added-sugar-chilled-5129900p",
    "brand": "Daily Juice",
    "name": "Orange Juice Chilled",
    "imageUrl": "https://shop.coles.com.au/wcsstore/Coles-CAS/images/5/1/2/5129900-th.jpg",
    "categories": ["drinks"],
    "tags": ["juice", "chilled-juice"],
    "locations": {
      "vic": {
        "price": 5,
        "promoText": "Was $5.30 on Apr 2018 ",
        "packageSize": "2L",
        "packagePrice": "$2.50 per 1L"
      }
    }
  },
  {
    "id": "daily-pop-top-juice-orange-pulp-free",
    "brand": "Daily Juice",
    "name": "Orange Pulp Free",
    "imageUrl": "https://shop.coles.com.au/wcsstore/Coles-CAS/images/8/7/5/8757069-th.jpg",
    "categories": ["drinks"],
    "tags": ["juice", "chilled-juice"],
    "locations": {
      "vic": {
        "price": 2.3,
        "promoText": "Was $2.70 on Aug 2019 ",
        "packageSize": "500mL",
        "packagePrice": "$4.60 per 1L"
      }
    }
  },
  {
    "id": "nudie-juice-nothing-but-orange-with-pulp-fresh-chilled",
    "brand": "Nudie",
    "name": "Pulp Oranges Juice Chilled",
    "imageUrl": "https://shop.coles.com.au/wcsstore/Coles-CAS/images/7/8/9/7895759-th.jpg",
    "categories": ["drinks"],
    "tags": ["juice", "chilled-juice"],
    "locations": {
      "vic": {
        "price": 8,
        "promoText": " ",
        "packageSize": "2L",
        "packagePrice": "$4.00 per 1L"
      }
    }
  },
  {
    "id": "original-juice-co-juice-orange-black-label-chilled",
    "brand": "Original Juice Co.",
    "name": "Black Label Orange Juice Chilled",
    "imageUrl": "https://shop.coles.com.au/wcsstore/Coles-CAS/images/8/1/9/8190089-th.jpg",
    "categories": ["drinks"],
    "tags": ["juice", "chilled-juice"],
    "locations": {
      "vic": {
        "price": 5,
        "promoText": "Was $5.50 on May 2017 ",
        "packageSize": "1.5L",
        "packagePrice": "$3.33 per 1L"
      }
    }
  },
  {
    "id": "nudie-nothing-but-100%25-juice-orange-pulp-free",
    "brand": "Nudie",
    "name": "Pulp Free Oranges Juice Chilled",
    "imageUrl": "https://shop.coles.com.au/wcsstore/Coles-CAS/images/8/7/3/8738439-th.jpg",
    "categories": ["drinks"],
    "tags": ["juice", "chilled-juice"],
    "locations": {
      "vic": {
        "price": 8,
        "promoText": " ",
        "packageSize": "2L",
        "packagePrice": "$4.00 per 1L"
      }
    }
  },
  {
    "id": "nudie-juice-fresh-nothing-but-cloudy-apple-chilled",
    "brand": "Nudie",
    "name": "Cloudy Apple Juice Chilled",
    "imageUrl": "https://shop.coles.com.au/wcsstore/Coles-CAS/images/7/8/9/7895817-th.jpg",
    "categories": ["drinks"],
    "tags": ["juice", "chilled-juice"],
    "locations": {
      "vic": {
        "price": 7.5,
        "promoText": " ",
        "packageSize": "2L",
        "packagePrice": "$3.75 per 1L"
      }
    }
  },
  {
    "id": "nothing-but-100%25-juice-fresh-orange",
    "brand": "Nudie",
    "name": "Pulp Oranges Juice Chilled",
    "imageUrl": "https://shop.coles.com.au/wcsstore/Coles-CAS/images/8/7/3/8738530-th.jpg",
    "categories": ["drinks"],
    "tags": ["juice", "chilled-juice"],
    "locations": {
      "vic": {
        "price": 5.5,
        "promoText": " ",
        "packageSize": "1L",
        "packagePrice": "$5.50 per 1L"
      }
    }
  },
  {
    "id": "coles-orange-juice-2690908p",
    "brand": "Coles",
    "name": "Orange Juice Chilled",
    "imageUrl": "https://shop.coles.com.au/wcsstore/Coles-CAS/images/2/6/9/2690908-th.jpg",
    "categories": ["drinks"],
    "tags": ["juice", "chilled-juice"],
    "locations": {
      "vic": {
        "price": 5.25,
        "promoText": " ",
        "packageSize": "2L",
        "packagePrice": "$2.63 per 1L"
      }
    }
  },
  {
    "id": "daily-juice-company-juice-apple-chilled",
    "brand": "Daily Juice",
    "name": "Apple Juice Chilled",
    "imageUrl": "https://shop.coles.com.au/wcsstore/Coles-CAS/images/5/1/2/5129875-th.jpg",
    "categories": ["drinks"],
    "tags": ["juice", "chilled-juice"],
    "locations": {
      "vic": {
        "price": 5,
        "promoText": "Was $5.30 on Apr 2018 ",
        "packageSize": "2L",
        "packagePrice": "$2.50 per 1L"
      }
    }
  },
  {
    "id": "preshafruit-juice-pink-lady-apple",
    "brand": "Preshafruit",
    "name": "Cold Pressed Pink Lady Apple Juice Chilled",
    "imageUrl": "https://shop.coles.com.au/wcsstore/Coles-CAS/images/8/7/3/8730947-th.jpg",
    "categories": ["drinks"],
    "tags": ["juice", "chilled-juice"],
    "locations": {
      "vic": {
        "price": 5,
        "promoText": " ",
        "packageSize": "1L",
        "packagePrice": "$5.00 per 1L"
      }
    }
  },
  {
    "id": "lo-bros-organic-living-cola",
    "brand": "Lo Bros",
    "name": "Organic Kombucha Living Cola",
    "imageUrl": "https://shop.coles.com.au/wcsstore/Coles-CAS/images/3/1/8/3183905-th.jpg",
    "categories": ["drinks"],
    "tags": ["juice", "chilled-juice"],
    "locations": {
      "vic": {
        "price": 3,
        "promoText": "$1.00 ",
        "packageSize": "330mL",
        "packagePrice": "$9.09 per 1L"
      }
    }
  },
  {
    "id": "nudie-nothing-but-100-orange-double-pulp-juice",
    "brand": "Nudie",
    "name": "Double Pulp Orange Juice Chilled",
    "imageUrl": "https://shop.coles.com.au/wcsstore/Coles-CAS/images/2/8/0/2802921-th.jpg",
    "categories": ["drinks"],
    "tags": ["juice", "chilled-juice"],
    "locations": {
      "vic": {
        "price": 8,
        "promoText": " ",
        "packageSize": "2L",
        "packagePrice": "$4.00 per 1L"
      }
    }
  },
  {
    "id": "nudie-carrot-apple-orange-ginger-juice",
    "brand": "Nudie",
    "name": "Carrot Apple Orange & Ginger Juice Chilled",
    "imageUrl": "https://shop.coles.com.au/wcsstore/Coles-CAS/images/3/1/1/3118313-th.jpg",
    "categories": ["drinks"],
    "tags": ["juice", "chilled-juice"],
    "locations": {
      "vic": {
        "price": 8,
        "promoText": " ",
        "packageSize": "2L",
        "packagePrice": "$4.00 per 1L"
      }
    }
  },
  {
    "id": "remedy-kombucha-raspberry-lemonade",
    "brand": "Remedy",
    "name": "Organic Kombucha Raspberry Lemonade Drink Bottle",
    "imageUrl": "https://shop.coles.com.au/wcsstore/Coles-CAS/images/3/1/8/3184078-th.jpg",
    "categories": ["drinks"],
    "tags": ["juice", "chilled-juice"],
    "locations": {
      "vic": {
        "price": 5,
        "promoText": "$1.00 ",
        "packageSize": "700mL",
        "packagePrice": "$7.14 per 1L"
      }
    }
  },
  {
    "id": "remedy-kombucha-apple-crisp",
    "brand": "Remedy",
    "name": "Organic Kombucha Apple Crisp Sparkling Drink",
    "imageUrl": "https://shop.coles.com.au/wcsstore/Coles-CAS/images/3/3/2/3321226-th.jpg",
    "categories": ["drinks"],
    "tags": ["juice", "chilled-juice"],
    "locations": {
      "vic": {
        "price": 5,
        "promoText": "$1.00 ",
        "packageSize": "700mL",
        "packagePrice": "$7.14 per 1L"
      }
    }
  },
  {
    "id": "remedy-kombucha-cherry-plum-3412252p",
    "brand": "Remedy",
    "name": "Organic Cherry Plum Kombucha",
    "imageUrl": "https://shop.coles.com.au/wcsstore/Coles-CAS/images/3/4/1/3412252-th.jpg",
    "categories": ["drinks"],
    "tags": ["juice", "chilled-juice"],
    "locations": {
      "vic": {
        "price": 5,
        "promoText": "$1.00 ",
        "packageSize": "700mL",
        "packagePrice": "$7.14 per 1L"
      }
    }
  },
  {
    "id": "the-juice-brothers-orange",
    "brand": "The Juice Brothers",
    "name": "Orange Juice Chilled",
    "imageUrl": "https://shop.coles.com.au/wcsstore/Coles-CAS/images/3/1/8/3183778-th.jpg",
    "categories": ["drinks"],
    "tags": ["juice", "chilled-juice"],
    "locations": {
      "vic": {
        "price": 6,
        "promoText": "$1.00 ",
        "packageSize": "1.5L",
        "packagePrice": "$4.00 per 1L"
      }
    }
  },
  {
    "id": "nudie-nothing-but--breakfast-juice",
    "brand": "Nudie",
    "name": "Tropical Breakfast Juice Chilled",
    "imageUrl": "https://shop.coles.com.au/wcsstore/Coles-CAS/images/1/0/1/1011975-th.jpg",
    "categories": ["drinks"],
    "tags": ["juice", "chilled-juice"],
    "locations": {
      "vic": {
        "price": 7.5,
        "promoText": " ",
        "packageSize": "2L",
        "packagePrice": "$3.75 per 1L"
      }
    }
  },
  {
    "id": "nothing-but-100%25-juice-fresh-apple",
    "brand": "Nudie",
    "name": "Cloudy Apples Juice Chilled",
    "imageUrl": "https://shop.coles.com.au/wcsstore/Coles-CAS/images/8/7/3/8738520-th.jpg",
    "categories": ["drinks"],
    "tags": ["juice", "chilled-juice"],
    "locations": {
      "vic": {
        "price": 5.5,
        "promoText": " ",
        "packageSize": "1L",
        "packagePrice": "$5.50 per 1L"
      }
    }
  },
  {
    "id": "coles-cloudy-apple-juice-chilled",
    "brand": "Coles",
    "name": "Cloudy Apple Juice Chilled",
    "imageUrl": "https://shop.coles.com.au/wcsstore/Coles-CAS/images/2/6/9/2690930-th.jpg",
    "categories": ["drinks"],
    "tags": ["juice", "chilled-juice"],
    "locations": {
      "vic": {
        "price": 5.25,
        "promoText": " ",
        "packageSize": "2L",
        "packagePrice": "$2.63 per 1L"
      }
    }
  },
  {
    "id": "lo-bros-organic-kombucha-raspberry-lemon",
    "brand": "Lo Bros",
    "name": "Organic Kombucha Raspberry Lemon Drink Chilled",
    "imageUrl": "https://shop.coles.com.au/wcsstore/Coles-CAS/images/3/2/1/3210000-th.jpg",
    "categories": ["drinks"],
    "tags": ["juice", "chilled-juice"],
    "locations": {
      "vic": {
        "price": 7,
        "promoText": " ",
        "packageSize": "750mL",
        "packagePrice": "$9.33 per 1L"
      }
    }
  },
  {
    "id": "lo-bros-organic-kombucha-ginger-lemon",
    "brand": "Lo Bros",
    "name": "Organic Kombucha Ginger Lemon Drink Chilled",
    "imageUrl": "https://shop.coles.com.au/wcsstore/Coles-CAS/images/3/2/0/3209995-th.jpg",
    "categories": ["drinks"],
    "tags": ["juice", "chilled-juice"],
    "locations": {
      "vic": {
        "price": 7,
        "promoText": " ",
        "packageSize": "750mL",
        "packagePrice": "$9.33 per 1L"
      }
    }
  },
  {
    "id": "organic-and-raw-mojo-kombucha-strawberry",
    "brand": "Mojo",
    "name": "Activated Kombucha Passionfruit",
    "imageUrl": "https://shop.coles.com.au/wcsstore/Coles-CAS/images/2/8/4/2849914-th.jpg",
    "categories": ["drinks"],
    "tags": ["juice", "chilled-juice"],
    "locations": {
      "vic": {
        "price": 4.3,
        "promoText": " ",
        "packageSize": "450mL",
        "packagePrice": "$9.56 per 1L"
      }
    }
  },
  {
    "id": "nothing-but-100%25-juice-frsh-orng-pulp-free",
    "brand": "Nudie",
    "name": "Pulp Free Oranges Juice Chilled",
    "imageUrl": "https://shop.coles.com.au/wcsstore/Coles-CAS/images/8/7/3/8738552-th.jpg",
    "categories": ["drinks"],
    "tags": ["juice", "chilled-juice"],
    "locations": {
      "vic": {
        "price": 5.5,
        "promoText": " ",
        "packageSize": "1L",
        "packagePrice": "$5.50 per 1L"
      }
    }
  },
  {
    "id": "boost-juice--energy-lift-chilled",
    "brand": "Boost",
    "name": "Energy Lift Juice Chilled",
    "imageUrl": "https://shop.coles.com.au/wcsstore/Coles-CAS/images/4/8/6/4866812-th.jpg",
    "categories": ["drinks"],
    "tags": ["juice", "chilled-juice"],
    "locations": {
      "vic": {
        "price": 5.5,
        "promoText": " ",
        "packageSize": "1L",
        "packagePrice": "$5.50 per 1L"
      }
    }
  },
  {
    "id": "coles-juice-orange-no-added-sugar-chilled",
    "brand": "Coles",
    "name": "Orange Juice Chilled",
    "imageUrl": "https://shop.coles.com.au/wcsstore/Coles-CAS/images/9/4/8/9485565-th.jpg",
    "categories": ["drinks"],
    "tags": ["juice", "chilled-juice"],
    "locations": {
      "vic": {
        "price": 4.2,
        "promoText": " ",
        "packageSize": "3L",
        "packagePrice": "$1.40 per 1L"
      }
    }
  },
  {
    "id": "impressed-easy-greens-juice",
    "brand": "Impressed",
    "name": "Cold Pressed Easy Greens Juice Chilled",
    "imageUrl": "https://shop.coles.com.au/wcsstore/Coles-CAS/images/3/1/8/3183880-th.jpg",
    "categories": ["drinks"],
    "tags": ["juice", "chilled-juice"],
    "locations": {
      "vic": {
        "price": 5,
        "promoText": "Was $6.00 on Jun 2019 ",
        "packageSize": "1L",
        "packagePrice": "$5.00 per 1L"
      }
    }
  },
  {
    "id": "coles-finest-juice-orange",
    "brand": "Coles Finest",
    "name": "Orange Juice Chilled",
    "imageUrl": "https://shop.coles.com.au/wcsstore/Coles-CAS/images/1/0/1/1013915-th.jpg",
    "categories": ["drinks"],
    "tags": ["juice", "chilled-juice"],
    "locations": {
      "vic": {
        "price": 2,
        "promoText": " ",
        "packageSize": "500mL",
        "packagePrice": "$4.00 per 1L"
      }
    }
  },
  {
    "id": "the-daily-juice-company-orange-juice-pulp-free",
    "brand": "Daily Juice",
    "name": "Pulp Free Orange Juice Chilled",
    "imageUrl": "https://shop.coles.com.au/wcsstore/Coles-CAS/images/8/7/7/8772700-th.jpg",
    "categories": ["drinks"],
    "tags": ["juice", "chilled-juice"],
    "locations": {
      "vic": {
        "price": 7.5,
        "promoText": " ",
        "packageSize": "3L",
        "packagePrice": "$2.50 per 1L"
      }
    }
  },
  {
    "id": "mildura-sunrise--orange-25%25",
    "brand": "Mildura",
    "name": "Orange Fruit Juice Chilled",
    "imageUrl": "https://shop.coles.com.au/wcsstore/Coles-CAS/images/1/0/1/1012275-th.jpg",
    "categories": ["drinks"],
    "tags": ["juice", "chilled-juice"],
    "locations": {
      "vic": {
        "price": 4.8,
        "promoText": " ",
        "packageSize": "3L",
        "packagePrice": "$1.60 per 1L"
      }
    }
  },
  {
    "id": "original-black-label-juice-orange-chilled",
    "brand": "Original Juice Co.",
    "name": "Black Label Orange Juice Chilled",
    "imageUrl": "https://shop.coles.com.au/wcsstore/Coles-CAS/images/8/8/1/8818094-th.jpg",
    "categories": ["drinks"],
    "tags": ["juice", "chilled-juice"],
    "locations": {
      "vic": {
        "price": 3,
        "promoText": " ",
        "packageSize": "600mL",
        "packagePrice": "$5.00 per 1L"
      }
    }
  },
  {
    "id": "original-juice-co-juice-grapefruit-black-label-chilled",
    "brand": "Original Juice Co.",
    "name": "Grapefruit Juice Chilled",
    "imageUrl": "https://shop.coles.com.au/wcsstore/Coles-CAS/images/8/1/9/8190158-th.jpg",
    "categories": ["drinks"],
    "tags": ["juice", "chilled-juice"],
    "locations": {
      "vic": {
        "price": 5,
        "promoText": "Was $5.50 on May 2017 ",
        "packageSize": "1.5L",
        "packagePrice": "$3.33 per 1L"
      }
    }
  },
  {
    "id": "remedy-organic-kombucha-raspberry-lemonade",
    "brand": "Remedy",
    "name": "Organic Kombucha Raspberry Lemonade Drink Bottle",
    "imageUrl": "https://shop.coles.com.au/wcsstore/Coles-CAS/images/3/0/6/3060723-th.jpg",
    "categories": ["drinks"],
    "tags": ["juice", "chilled-juice"],
    "locations": {
      "vic": {
        "price": 3.5,
        "promoText": " ",
        "packageSize": "300mL",
        "packagePrice": "$11.67 per 1L"
      }
    }
  },
  {
    "id": "daily-juice-company-juice-morning-start-with-vitamins-a--c-e-chilled",
    "brand": "The Daily Juice",
    "name": "Breakfast Burst Juice Chilled",
    "imageUrl": "https://shop.coles.com.au/wcsstore/Coles-CAS/images/4/7/4/4745997-th.jpg",
    "categories": ["drinks"],
    "tags": ["juice", "chilled-juice"],
    "locations": {
      "vic": {
        "price": 5,
        "promoText": "Was $5.30 on Apr 2018 ",
        "packageSize": "2L",
        "packagePrice": "$2.50 per 1L"
      }
    }
  },
  {
    "id": "the-juice-brothers-orange-juice",
    "brand": "The Juice Brothers",
    "name": "Orange Juice",
    "imageUrl": "https://shop.coles.com.au/wcsstore/Coles-CAS/images/3/4/3/3432646-th.jpg",
    "categories": ["drinks"],
    "tags": ["juice", "chilled-juice"],
    "locations": {
      "vic": {
        "price": 3,
        "promoText": " ",
        "packageSize": "300mL",
        "packagePrice": "$10.00 per 1L"
      }
    }
  },
  {
    "id": "the-juice-brothers-troppo",
    "brand": "The Juice Brothers",
    "name": "Tropical Juice Blend",
    "imageUrl": "https://shop.coles.com.au/wcsstore/Coles-CAS/images/3/4/1/3418612-th.jpg",
    "categories": ["drinks"],
    "tags": ["juice", "chilled-juice"],
    "locations": {
      "vic": {
        "price": 6,
        "promoText": "$1.00 ",
        "packageSize": "1.5L",
        "packagePrice": "$4.00 per 1L"
      }
    }
  },
  {
    "id": "charlies-honest-smoothie-drink-spirulina-chilled",
    "brand": "Charlie's",
    "name": "Fruit Fix Smoothie Spirulina Chilled",
    "imageUrl": "https://shop.coles.com.au/wcsstore/Coles-CAS/images/7/9/1/7916531-th.jpg",
    "categories": ["drinks"],
    "tags": ["juice", "chilled-juice"],
    "locations": {
      "vic": {
        "price": 5,
        "promoText": "Was $6.30 on Jan 2020 ",
        "packageSize": "1L",
        "packagePrice": "$5.00 per 1L"
      }
    }
  },
  {
    "id": "lo-bros-organic-kombucha-peach-ginger-3209984p",
    "brand": "Lo Bros",
    "name": "Organic Kombucha Peach Ginger Drink Chilled",
    "imageUrl": "https://shop.coles.com.au/wcsstore/Coles-CAS/images/3/2/0/3209984-th.jpg",
    "categories": ["drinks"],
    "tags": ["juice", "chilled-juice"],
    "locations": {
      "vic": {
        "price": 3,
        "promoText": "$1.00 ",
        "packageSize": "330mL",
        "packagePrice": "$9.09 per 1L"
      }
    }
  },
  {
    "id": "lo-bros-organic-kombucha-ginger-lemon-3209860p",
    "brand": "Lo Bros",
    "name": "Organic Kombucha Ginger Lemon Drink Chilled",
    "imageUrl": "https://shop.coles.com.au/wcsstore/Coles-CAS/images/3/2/0/3209860-th.jpg",
    "categories": ["drinks"],
    "tags": ["juice", "chilled-juice"],
    "locations": {
      "vic": {
        "price": 3,
        "promoText": "$1.00 ",
        "packageSize": "330mL",
        "packagePrice": "$9.09 per 1L"
      }
    }
  },
  {
    "id": "lo-bros-organic-kombucha-passionfruit",
    "brand": "Lo Bros",
    "name": "Organic Kombucha Passionfruit Drink Chilled",
    "imageUrl": "https://shop.coles.com.au/wcsstore/Coles-CAS/images/3/3/7/3378890-th.jpg",
    "categories": ["drinks"],
    "tags": ["juice", "chilled-juice"],
    "locations": {
      "vic": {
        "price": 3,
        "promoText": "$1.00 ",
        "packageSize": "330mL",
        "packagePrice": "$9.09 per 1L"
      }
    }
  },
  {
    "id": "organic-and-raw-mojo-kombucha-ginger",
    "brand": "Mojo",
    "name": "Activated Ginger Kombucha",
    "imageUrl": "https://shop.coles.com.au/wcsstore/Coles-CAS/images/2/8/4/2849867-th.jpg",
    "categories": ["drinks"],
    "tags": ["juice", "chilled-juice"],
    "locations": {
      "vic": {
        "price": 4.3,
        "promoText": " ",
        "packageSize": "450mL",
        "packagePrice": "$9.56 per 1L"
      }
    }
  },
  {
    "id": "original-juice-co-godness-gren-pressed",
    "brand": "Original Juice Co",
    "name": "Goodness Green Pressed",
    "imageUrl": "https://shop.coles.com.au/wcsstore/Coles-CAS/images/3/7/2/3726228-th.jpg",
    "categories": ["drinks"],
    "tags": ["juice", "chilled-juice"],
    "locations": {
      "vic": {
        "price": 6,
        "promoText": " ",
        "packageSize": "1L",
        "packagePrice": "$6.00 per 1L"
      }
    }
  },
  {
    "id": "original-juice-co-juice-orange-pulp-free-black-label-chilled",
    "brand": "Original Juice Co.",
    "name": "Black Label Pulp Free Orange Juice Chilled",
    "imageUrl": "https://shop.coles.com.au/wcsstore/Coles-CAS/images/5/9/7/5972917-th.jpg",
    "categories": ["drinks"],
    "tags": ["juice", "chilled-juice"],
    "locations": {
      "vic": {
        "price": 5,
        "promoText": "Was $5.50 on May 2017 ",
        "packageSize": "1.5L",
        "packagePrice": "$3.33 per 1L"
      }
    }
  },
  {
    "id": "remedy-organic-kombucha-ginger-lemon",
    "brand": "Remedy",
    "name": "Organic Kombucha Ginger Lemon Sparkling Drink",
    "imageUrl": "https://shop.coles.com.au/wcsstore/Coles-CAS/images/3/0/6/3060698-th.jpg",
    "categories": ["drinks"],
    "tags": ["juice", "chilled-juice"],
    "locations": {
      "vic": {
        "price": 3.5,
        "promoText": " ",
        "packageSize": "300mL",
        "packagePrice": "$11.67 per 1L"
      }
    }
  },
  {
    "id": "boost-mango-sunshine-3412376p",
    "brand": "Boost",
    "name": "Mango Sunshine Juice Chilled",
    "imageUrl": "https://shop.coles.com.au/wcsstore/Coles-CAS/images/3/4/1/3412376-th.jpg",
    "categories": ["drinks"],
    "tags": ["juice", "chilled-juice"],
    "locations": {
      "vic": {
        "price": 5.5,
        "promoText": " ",
        "packageSize": "1L",
        "packagePrice": "$5.50 per 1L"
      }
    }
  },
  {
    "id": "coles-smart-buy-drink-orange-mango-25%25-fruit-chilled",
    "brand": "Coles",
    "name": "Orange & Mango Fruit Drink Chilled",
    "imageUrl": "https://shop.coles.com.au/wcsstore/Coles-CAS/images/2/9/9/299517-th.jpg",
    "categories": ["drinks"],
    "tags": ["juice", "chilled-juice"],
    "locations": {
      "vic": {
        "price": 2.2,
        "promoText": " ",
        "packageSize": "2L",
        "packagePrice": "$1.10 per 1L"
      }
    }
  },
  {
    "id": "coles-smart-buy-drink-orange-crush-chilled",
    "brand": "Coles",
    "name": "Orange Fruit Drink Chilled",
    "imageUrl": "https://shop.coles.com.au/wcsstore/Coles-CAS/images/2/3/8/238691-th.jpg",
    "categories": ["drinks"],
    "tags": ["juice", "chilled-juice"],
    "locations": {
      "vic": {
        "price": 2.2,
        "promoText": " ",
        "packageSize": "2L",
        "packagePrice": "$1.10 per 1L"
      }
    }
  },
  {
    "id": "coles-apple-juice-chilled",
    "brand": "Coles",
    "name": "No Added Sugar Apple Juice Chilled",
    "imageUrl": "https://shop.coles.com.au/wcsstore/Coles-CAS/images/1/8/8/1882506-th.jpg",
    "categories": ["drinks"],
    "tags": ["juice", "chilled-juice"],
    "locations": {
      "vic": {
        "price": 3.5,
        "promoText": " ",
        "packageSize": "3L",
        "packagePrice": "$1.17 per 1L"
      }
    }
  },
  {
    "id": "coles-orange-juice-pulp-free",
    "brand": "Coles",
    "name": "Pulp Free Orange Juice Chilled",
    "imageUrl": "https://shop.coles.com.au/wcsstore/Coles-CAS/images/2/6/9/2690920-th.jpg",
    "categories": ["drinks"],
    "tags": ["juice", "chilled-juice"],
    "locations": {
      "vic": {
        "price": 5.25,
        "promoText": " ",
        "packageSize": "2L",
        "packagePrice": "$2.63 per 1L"
      }
    }
  },
  {
    "id": "impressed-juice-jack-rose",
    "brand": "Impressed",
    "name": "Cold Pressed Jack Rose Juice Chilled",
    "imageUrl": "https://shop.coles.com.au/wcsstore/Coles-CAS/images/3/0/6/3062354-th.jpg",
    "categories": ["drinks"],
    "tags": ["juice", "chilled-juice"],
    "locations": {
      "vic": {
        "price": 3.5,
        "promoText": " ",
        "packageSize": "325mL",
        "packagePrice": "$10.77 per 1L"
      }
    }
  },
  {
    "id": "lo-bros-organic-kombucha-raspberry-lemon-3209930p",
    "brand": "Lo Bros",
    "name": "Organic Kombucha Raspberry Lemon Drink Chilled",
    "imageUrl": "https://shop.coles.com.au/wcsstore/Coles-CAS/images/3/2/0/3209930-th.jpg",
    "categories": ["drinks"],
    "tags": ["juice", "chilled-juice"],
    "locations": {
      "vic": {
        "price": 3,
        "promoText": "$1.00 ",
        "packageSize": "330mL",
        "packagePrice": "$9.09 per 1L"
      }
    }
  },
  {
    "id": "lo-bros-ginger-beer",
    "brand": "Lo Bros",
    "name": "Brewed Ginger Beer",
    "imageUrl": "https://shop.coles.com.au/wcsstore/Coles-CAS/images/3/4/1/3411894-th.jpg",
    "categories": ["drinks"],
    "tags": ["juice", "chilled-juice"],
    "locations": {
      "vic": {
        "price": 3,
        "promoText": "$1.00 ",
        "packageSize": "330mL",
        "packagePrice": "$9.09 per 1L"
      }
    }
  },
  {
    "id": "mildura-juice-orange-passionfruit",
    "brand": "Mildura",
    "name": "Orange & Passionfruit Fruit Drink Chilled",
    "imageUrl": "https://shop.coles.com.au/wcsstore/Coles-CAS/images/2/4/7/2478867-th.jpg",
    "categories": ["drinks"],
    "tags": ["juice", "chilled-juice"],
    "locations": {
      "vic": {
        "price": 2,
        "promoText": "Was $2.50 on May 2018 ",
        "packageSize": "500mL",
        "packagePrice": "$4.00 per 1L"
      }
    }
  },
  {
    "id": "mildura-fruit-drink-apple-guava",
    "brand": "Mildura",
    "name": "Apple & Guava Fruit Drink",
    "imageUrl": "https://shop.coles.com.au/wcsstore/Coles-CAS/images/3/4/8/3486204-th.jpg",
    "categories": ["drinks"],
    "tags": ["juice", "chilled-juice"],
    "locations": {
      "vic": {
        "price": 2,
        "promoText": "Was $2.50 on Aug 2019 ",
        "packageSize": "500mL",
        "packagePrice": "$4.00 per 1L"
      }
    }
  },
  {
    "id": "nudie-100%25-fresh-apple-blackcurrant-juice",
    "brand": "Nudie",
    "name": "Apples & Blackcurrants Juice Chilled",
    "imageUrl": "https://shop.coles.com.au/wcsstore/Coles-CAS/images/1/8/7/1877120-th.jpg",
    "categories": ["drinks"],
    "tags": ["juice", "chilled-juice"],
    "locations": {
      "vic": {
        "price": 7.5,
        "promoText": " ",
        "packageSize": "2L",
        "packagePrice": "$3.75 per 1L"
      }
    }
  },
  {
    "id": "nudie-nothing-but-orange-juice",
    "brand": "Nudie",
    "name": "Nothing But Orange Juice",
    "imageUrl": "https://shop.coles.com.au/wcsstore/Coles-CAS/images/3/7/2/3724390-th.jpg",
    "categories": ["drinks"],
    "tags": ["juice", "chilled-juice"],
    "locations": {
      "vic": {
        "price": 3.5,
        "promoText": " ",
        "packageSize": "400mL",
        "packagePrice": "$8.75 per 1L"
      }
    }
  },
  {
    "id": "original-juice-co-mandarin-quencher",
    "brand": "Original Juice Co",
    "name": "Mandarin Quencher",
    "imageUrl": "https://shop.coles.com.au/wcsstore/Coles-CAS/images/3/7/2/3725881-th.jpg",
    "categories": ["drinks"],
    "tags": ["juice", "chilled-juice"],
    "locations": {
      "vic": {
        "price": 4.5,
        "promoText": "2 for $7",
        "packageSize": "1.5L",
        "packagePrice": "$3.00 per 1L"
      }
    }
  },
  {
    "id": "perkii-mango-passionfruit",
    "brand": "Perkii",
    "name": "Mango Passionfruit Probiotic Drink",
    "imageUrl": "https://shop.coles.com.au/wcsstore/Coles-CAS/images/3/4/1/3416559-th.jpg",
    "categories": ["drinks"],
    "tags": ["juice", "chilled-juice"],
    "locations": {
      "vic": {
        "price": 4,
        "promoText": " ",
        "packageSize": "350mL",
        "packagePrice": "$11.43 per 1L"
      }
    }
  },
  {
    "id": "preshafruit-juice-pink-lady",
    "brand": "Preshafruit",
    "name": "Cold Pressed Pink Lady Apple Juice Chilled",
    "imageUrl": "https://shop.coles.com.au/wcsstore/Coles-CAS/images/8/7/3/8730583-th.jpg",
    "categories": ["drinks"],
    "tags": ["juice", "chilled-juice"],
    "locations": {
      "vic": {
        "price": 3,
        "promoText": "Was $3.40 on Apr 2020 ",
        "packageSize": "350mL",
        "packagePrice": "$8.57 per 1L"
      }
    }
  },
  {
    "id": "remedy-organic-kombucha-apple-crisp",
    "brand": "Remedy",
    "name": "Apple Crisp",
    "imageUrl": "https://shop.coles.com.au/wcsstore/Coles-CAS/images/3/0/6/3060665-th.jpg",
    "categories": ["drinks"],
    "tags": ["juice", "chilled-juice"],
    "locations": {
      "vic": {
        "price": 3.5,
        "promoText": " ",
        "packageSize": "300mL",
        "packagePrice": "$11.67 per 1L"
      }
    }
  },
  {
    "id": "remedy-switchel-blood-orange",
    "brand": "Remedy",
    "name": "Organic Switchel Blood Orange Drink",
    "imageUrl": "https://shop.coles.com.au/wcsstore/Coles-CAS/images/3/4/0/3407864-th.jpg",
    "categories": ["drinks"],
    "tags": ["juice", "chilled-juice"],
    "locations": {
      "vic": {
        "price": 3.5,
        "promoText": " ",
        "packageSize": "300mL",
        "packagePrice": "$11.67 per 1L"
      }
    }
  },
  {
    "id": "remedy-kombucha-cherry-plum-3407842p",
    "brand": "Remedy",
    "name": "Organic Cherry Plum Kombucha",
    "imageUrl": "https://shop.coles.com.au/wcsstore/Coles-CAS/images/3/4/0/3407842-th.jpg",
    "categories": ["drinks"],
    "tags": ["juice", "chilled-juice"],
    "locations": {
      "vic": {
        "price": 3.5,
        "promoText": " ",
        "packageSize": "300mL",
        "packagePrice": "$11.67 per 1L"
      }
    }
  },
  {
    "id": "remedy-switchel-blod-orange",
    "brand": "Remedy",
    "name": "Switchel Blood Orange",
    "imageUrl": "https://shop.coles.com.au/wcsstore/Coles-CAS/images/3/7/2/3724506-th.jpg",
    "categories": ["drinks"],
    "tags": ["juice", "chilled-juice"],
    "locations": {
      "vic": {
        "price": 5,
        "promoText": "$1.00 ",
        "packageSize": "700mL",
        "packagePrice": "$7.14 per 1L"
      }
    }
  },
  {
    "id": "boost-juice-energy-lift-chilled",
    "brand": "Boost",
    "name": "Energy Lift Juice Chilled",
    "imageUrl": "https://shop.coles.com.au/wcsstore/Coles-CAS/images/4/8/5/4854267-th.jpg",
    "categories": ["drinks"],
    "tags": ["juice", "chilled-juice"],
    "locations": {
      "vic": {
        "price": 3.3,
        "promoText": " ",
        "packageSize": "350mL",
        "packagePrice": "$9.43 per 1L"
      }
    }
  },
  {
    "id": "boost-mango-sunshine",
    "brand": "Boost",
    "name": "Mango Sunshine Juice",
    "imageUrl": "https://shop.coles.com.au/wcsstore/Coles-CAS/images/3/4/1/3411249-th.jpg",
    "categories": ["drinks"],
    "tags": ["juice", "chilled-juice"],
    "locations": {
      "vic": {
        "price": 3.3,
        "promoText": " ",
        "packageSize": "350mL",
        "packagePrice": "$9.43 per 1L"
      }
    }
  },
  {
    "id": "charlies-honest-smoothie-drink-spirulina-chilled-7289227p",
    "brand": "Charlie's",
    "name": "Fruit Fix Smoothie Spirulina Chilled",
    "imageUrl": "https://shop.coles.com.au/wcsstore/Coles-CAS/images/7/2/8/7289227-th.jpg",
    "categories": ["drinks"],
    "tags": ["juice", "chilled-juice"],
    "locations": {
      "vic": {
        "price": 0,
        "promoText": " ",
        "packageSize": "300mL",
        "packagePrice": ""
      }
    }
  },
  {
    "id": "coles-finest-juice-cloudy-juice",
    "brand": "Coles",
    "name": "Cloudy Apple Juice Chilled",
    "imageUrl": "https://shop.coles.com.au/wcsstore/Coles-CAS/images/1/0/1/1013948-th.jpg",
    "categories": ["drinks"],
    "tags": ["juice", "chilled-juice"],
    "locations": {
      "vic": {
        "price": 2,
        "promoText": " ",
        "packageSize": "500mL",
        "packagePrice": "$4.00 per 1L"
      }
    }
  },
  {
    "id": "coles-orange-mango-juice-2690840p",
    "brand": "Coles",
    "name": "Orange & Mango Juice",
    "imageUrl": "https://shop.coles.com.au/wcsstore/Coles-CAS/images/2/6/9/2690840-th.jpg",
    "categories": ["drinks"],
    "tags": ["juice", "chilled-juice"],
    "locations": {
      "vic": {
        "price": 4.2,
        "promoText": " ",
        "packageSize": "3L",
        "packagePrice": "$1.40 per 1L"
      }
    }
  },
  {
    "id": "coles-berry-smoothie",
    "brand": "Coles",
    "name": "Berry Smoothie Chilled",
    "imageUrl": "https://shop.coles.com.au/wcsstore/Coles-CAS/images/2/8/0/2806605-th.jpg",
    "categories": ["drinks"],
    "tags": ["juice", "chilled-juice"],
    "locations": {
      "vic": {
        "price": 4.4,
        "promoText": " ",
        "packageSize": "1L",
        "packagePrice": "$4.40 per 1L"
      }
    }
  },
  {
    "id": "coles-seasonal-juice-summer",
    "brand": "Coles",
    "name": "Seasonal Juice",
    "imageUrl": "https://shop.coles.com.au/wcsstore/Coles-CAS/images/3/7/2/3725837-th.jpg",
    "categories": ["drinks"],
    "tags": ["juice", "chilled-juice"],
    "locations": {
      "vic": {
        "price": 2.5,
        "promoText": " ",
        "packageSize": "300mL",
        "packagePrice": "$8.33 per 1L"
      }
    }
  },
  {
    "id": "daily-screw-top-juice-apple",
    "brand": "Daily Juice",
    "name": "Apple Juice Chilled",
    "imageUrl": "https://shop.coles.com.au/wcsstore/Coles-CAS/images/8/7/5/8756135-th.jpg",
    "categories": ["drinks"],
    "tags": ["juice", "chilled-juice"],
    "locations": {
      "vic": {
        "price": 2.3,
        "promoText": "Was $2.70 on Aug 2019 ",
        "packageSize": "500mL",
        "packagePrice": "$4.60 per 1L"
      }
    }
  },
  {
    "id": "daily-juice-nourish-happy-gut",
    "brand": "Daily Juice",
    "name": "Nourish Happy Gut",
    "imageUrl": "https://shop.coles.com.au/wcsstore/Coles-CAS/images/3/7/2/3724379-th.jpg",
    "categories": ["drinks"],
    "tags": ["juice", "chilled-juice"],
    "locations": {
      "vic": {
        "price": 3.5,
        "promoText": " ",
        "packageSize": "300mL",
        "packagePrice": "$11.67 per 1L"
      }
    }
  },
  {
    "id": "just-juice-orange-mango",
    "brand": "Just Juice",
    "name": "Orange Mango",
    "imageUrl": "https://shop.coles.com.au/wcsstore/Coles-CAS/images/3/8/4/3840551-th.jpg",
    "categories": ["drinks"],
    "tags": ["juice", "chilled-juice"],
    "locations": {
      "vic": {
        "price": 4.5,
        "promoText": " ",
        "packageSize": "2L",
        "packagePrice": "$2.25 per 1L"
      }
    }
  },
  {
    "id": "just-juice-orange",
    "brand": "Just Juice",
    "name": "Orange",
    "imageUrl": "https://shop.coles.com.au/wcsstore/Coles-CAS/images/3/8/4/3840540-th.jpg",
    "categories": ["drinks"],
    "tags": ["juice", "chilled-juice"],
    "locations": {
      "vic": {
        "price": 4.5,
        "promoText": " ",
        "packageSize": "2L",
        "packagePrice": "$2.25 per 1L"
      }
    }
  },
  {
    "id": "lo-bros-organic-living-lemon-lime-bitters",
    "brand": "Lo Bros",
    "name": "Organic Lemon Lime and Bitters Soda Chilled",
    "imageUrl": "https://shop.coles.com.au/wcsstore/Coles-CAS/images/3/2/1/3214838-th.jpg",
    "categories": ["drinks"],
    "tags": ["juice", "chilled-juice"],
    "locations": {
      "vic": {
        "price": 3,
        "promoText": "$1.00 ",
        "packageSize": "330mL",
        "packagePrice": "$9.09 per 1L"
      }
    }
  },
  {
    "id": "mildura-25%25-orange-mango-juice",
    "brand": "Mildura",
    "name": "Orange & Mango Fruit Drink Chilled",
    "imageUrl": "https://shop.coles.com.au/wcsstore/Coles-CAS/images/1/4/1/1418178-th.jpg",
    "categories": ["drinks"],
    "tags": ["juice", "chilled-juice"],
    "locations": {
      "vic": {
        "price": 4.8,
        "promoText": " ",
        "packageSize": "3L",
        "packagePrice": "$1.60 per 1L"
      }
    }
  },
  {
    "id": "mildura-quencher-apple-peach-passion",
    "brand": "Mildura",
    "name": "Quencher Apple Peach Passion",
    "imageUrl": "https://shop.coles.com.au/wcsstore/Coles-CAS/images/3/6/6/3669816-th.jpg",
    "categories": ["drinks"],
    "tags": ["juice", "chilled-juice"],
    "locations": {
      "vic": {
        "price": 3.5,
        "promoText": "$0.50 ",
        "packageSize": "2L",
        "packagePrice": "$1.75 per 1L"
      }
    }
  },
  {
    "id": "mojo-crafted-rtd-tea-passionfruit",
    "brand": "Mojo",
    "name": "Activated Kombucha Passionfruit Tea",
    "imageUrl": "https://shop.coles.com.au/wcsstore/Coles-CAS/images/3/7/2/3724404-th.jpg",
    "categories": ["drinks"],
    "tags": ["juice", "chilled-juice"],
    "locations": {
      "vic": {
        "price": 8,
        "promoText": " ",
        "packageSize": "1L",
        "packagePrice": "$8.00 per 1L"
      }
    }
  },
  {
    "id": "mr-ds-cola-drink-2688280p",
    "brand": "Mr D's",
    "name": "Cola Drink",
    "imageUrl": "https://shop.coles.com.au/wcsstore/Coles-CAS/images/2/6/8/2688280-th.jpg",
    "categories": ["drinks"],
    "tags": ["juice", "chilled-juice"],
    "locations": {
      "vic": {
        "price": 1.6,
        "promoText": " ",
        "packageSize": "500mL",
        "packagePrice": "$3.20 per 1L"
      }
    }
  },
  {
    "id": "nudie-nothing-but-apple-juice-3724324p",
    "brand": "Nudie",
    "name": "Nothing But Apple Juice",
    "imageUrl": "https://shop.coles.com.au/wcsstore/Coles-CAS/images/3/7/2/3724324-th.jpg",
    "categories": ["drinks"],
    "tags": ["juice", "chilled-juice"],
    "locations": {
      "vic": {
        "price": 3.5,
        "promoText": " ",
        "packageSize": "400mL",
        "packagePrice": "$8.75 per 1L"
      }
    }
  },
  {
    "id": "nudie-juice-proactive-glow-juice",
    "brand": "Nudie Juice",
    "name": "Proactive Glow Juice",
    "imageUrl": "https://shop.coles.com.au/wcsstore/Coles-CAS/images/3/7/2/3724674-th.jpg",
    "categories": ["drinks"],
    "tags": ["juice", "chilled-juice"],
    "locations": {
      "vic": {
        "price": 4.5,
        "promoText": " ",
        "packageSize": "400mL",
        "packagePrice": "$11.25 per 1L"
      }
    }
  },
  {
    "id": "nudie-juice-proactive-antioxidant-juice",
    "brand": "Nudie Juice",
    "name": "Proactive Antioxidant Juice",
    "imageUrl": "https://shop.coles.com.au/wcsstore/Coles-CAS/images/3/7/2/3724652-th.jpg",
    "categories": ["drinks"],
    "tags": ["juice", "chilled-juice"],
    "locations": {
      "vic": {
        "price": 4.5,
        "promoText": " ",
        "packageSize": "400mL",
        "packagePrice": "$11.25 per 1L"
      }
    }
  },
  {
    "id": "original-bush-tucker-davidson-plum-juice",
    "brand": "Original",
    "name": "Bush Tucker Desert Lime Juice",
    "imageUrl": "https://shop.coles.com.au/wcsstore/Coles-CAS/images/3/7/2/3726261-th.jpg",
    "categories": ["drinks"],
    "tags": ["juice", "chilled-juice"],
    "locations": {
      "vic": {
        "price": 3.75,
        "promoText": " ",
        "packageSize": "300mL",
        "packagePrice": "$12.50 per 1L"
      }
    }
  },
  {
    "id": "original-bush-tucker-desert-lime-juice",
    "brand": "Original",
    "name": "Bush Tucker Seasonal Flavour Rotation",
    "imageUrl": "https://shop.coles.com.au/wcsstore/Coles-CAS/images/3/7/2/3726250-th.jpg",
    "categories": ["drinks"],
    "tags": ["juice", "chilled-juice"],
    "locations": {
      "vic": {
        "price": 3.75,
        "promoText": " ",
        "packageSize": "300mL",
        "packagePrice": "$12.50 per 1L"
      }
    }
  },
  {
    "id": "original-bush-tucker-davidson-plum-juice-3726239p",
    "brand": "Original",
    "name": "Bush Tucker Seasonal Flavour Rotation",
    "imageUrl": "https://shop.coles.com.au/wcsstore/Coles-CAS/images/3/7/2/3726239-th.jpg",
    "categories": ["drinks"],
    "tags": ["juice", "chilled-juice"],
    "locations": {
      "vic": {
        "price": 6,
        "promoText": " ",
        "packageSize": "1L",
        "packagePrice": "$6.00 per 1L"
      }
    }
  },
  {
    "id": "original-juice-co-golden-hour-pressed",
    "brand": "Original Juice Co",
    "name": "Golden Hour Pressed",
    "imageUrl": "https://shop.coles.com.au/wcsstore/Coles-CAS/images/3/7/2/3726035-th.jpg",
    "categories": ["drinks"],
    "tags": ["juice", "chilled-juice"],
    "locations": {
      "vic": {
        "price": 3.75,
        "promoText": " ",
        "packageSize": "350mL",
        "packagePrice": "$10.71 per 1L"
      }
    }
  },
  {
    "id": "original-juice-co-apple-carrot-ginger",
    "brand": "Original Juice Co",
    "name": "Apple Carrot & Ginger",
    "imageUrl": "https://shop.coles.com.au/wcsstore/Coles-CAS/images/3/7/2/3725928-th.jpg",
    "categories": ["drinks"],
    "tags": ["juice", "chilled-juice"],
    "locations": {
      "vic": {
        "price": 3.75,
        "promoText": " ",
        "packageSize": "350mL",
        "packagePrice": "$10.71 per 1L"
      }
    }
  },
  {
    "id": "original-juice-co-apple-carrot-betrot",
    "brand": "Original Juice Co",
    "name": "Apple Carrot & Beetroot",
    "imageUrl": "https://shop.coles.com.au/wcsstore/Coles-CAS/images/3/7/2/3725906-th.jpg",
    "categories": ["drinks"],
    "tags": ["juice", "chilled-juice"],
    "locations": {
      "vic": {
        "price": 3.75,
        "promoText": " ",
        "packageSize": "350mL",
        "packagePrice": "$10.71 per 1L"
      }
    }
  },
  {
    "id": "original-juice-co-golden-hour-pressed-3726206p",
    "brand": "Original Juice Co",
    "name": "Golden Hour Pressed",
    "imageUrl": "https://shop.coles.com.au/wcsstore/Coles-CAS/images/3/7/2/3726206-th.jpg",
    "categories": ["drinks"],
    "tags": ["juice", "chilled-juice"],
    "locations": {
      "vic": {
        "price": 6,
        "promoText": " ",
        "packageSize": "1L",
        "packagePrice": "$6.00 per 1L"
      }
    }
  },
  {
    "id": "original-juice-co-godness-gren-pressed-3726148p",
    "brand": "Original Juice Co",
    "name": "Goodness Green Pressed",
    "imageUrl": "https://shop.coles.com.au/wcsstore/Coles-CAS/images/3/7/2/3726148-th.jpg",
    "categories": ["drinks"],
    "tags": ["juice", "chilled-juice"],
    "locations": {
      "vic": {
        "price": 3.75,
        "promoText": " ",
        "packageSize": "350mL",
        "packagePrice": "$10.71 per 1L"
      }
    }
  },
  {
    "id": "the-juice-brothers-morning-start",
    "brand": "The Juice Brothers",
    "name": "Morning Start Juice Chilled",
    "imageUrl": "https://shop.coles.com.au/wcsstore/Coles-CAS/images/3/1/8/3183756-th.jpg",
    "categories": ["drinks"],
    "tags": ["juice", "chilled-juice"],
    "locations": {
      "vic": {
        "price": 6,
        "promoText": "$1.00 ",
        "packageSize": "1.5L",
        "packagePrice": "$4.00 per 1L"
      }
    }
  },
  {
    "id": "the-juice-brothers-orange-juice-pulp-free",
    "brand": "The Juice Brothers",
    "name": "Orange Juice Pulp Free",
    "imageUrl": "https://shop.coles.com.au/wcsstore/Coles-CAS/images/3/4/3/3432602-th.jpg",
    "categories": ["drinks"],
    "tags": ["juice", "chilled-juice"],
    "locations": {
      "vic": {
        "price": 3,
        "promoText": " ",
        "packageSize": "300mL",
        "packagePrice": "$10.00 per 1L"
      }
    }
  },
  {
    "id": "gatorade-lemon-lime-sports-drink",
    "brand": "Gatorade",
    "name": "Lemon & Lime Sports Drink",
    "imageUrl": "https://shop.coles.com.au/wcsstore/Coles-CAS/images/2/4/8/2484928-th.jpg",
    "categories": ["drinks"],
    "tags": ["sports-drinks-iced-tea", "sports-drinks"],
    "locations": {
      "vic": {
        "price": 2.5,
        "promoText": " ",
        "packageSize": "1L",
        "packagePrice": "$2.50 per 1L"
      }
    }
  },
  {
    "id": "powerade-berry-ice-sports-drink",
    "brand": "Powerade",
    "name": "Zero Berry Ice Sports Drink",
    "imageUrl": "https://shop.coles.com.au/wcsstore/Coles-CAS/images/1/7/2/1726001-th.jpg",
    "categories": ["drinks"],
    "tags": ["sports-drinks-iced-tea", "sports-drinks"],
    "locations": {
      "vic": {
        "price": 2.5,
        "promoText": "$1.00 ",
        "packageSize": "600mL",
        "packagePrice": "$4.17 per 1L"
      }
    }
  },
  {
    "id": "powerade-mountain-blast-sports-drink",
    "brand": "Powerade",
    "name": "Mountain Blast Sports Drink",
    "imageUrl": "https://shop.coles.com.au/wcsstore/Coles-CAS/images/1/7/2/1726056-th.jpg",
    "categories": ["drinks"],
    "tags": ["sports-drinks-iced-tea", "sports-drinks"],
    "locations": {
      "vic": {
        "price": 2.5,
        "promoText": "$1.00 ",
        "packageSize": "600mL",
        "packagePrice": "$4.17 per 1L"
      }
    }
  },
  {
    "id": "powerade-blackcurrant-sports-drink",
    "brand": "Powerade",
    "name": "Blackcurrant Sports Drink",
    "imageUrl": "https://shop.coles.com.au/wcsstore/Coles-CAS/images/1/7/2/1726034-th.jpg",
    "categories": ["drinks"],
    "tags": ["sports-drinks-iced-tea", "sports-drinks"],
    "locations": {
      "vic": {
        "price": 2.5,
        "promoText": "$1.00 ",
        "packageSize": "600mL",
        "packagePrice": "$4.17 per 1L"
      }
    }
  },
  {
    "id": "gatorade-sport-drink-blue-bolt",
    "brand": "Gatorade",
    "name": "Fierce Blue Bolt Sports Drink",
    "imageUrl": "https://shop.coles.com.au/wcsstore/Coles-CAS/images/6/1/5/6157082-th.jpg",
    "categories": ["drinks"],
    "tags": ["sports-drinks-iced-tea", "sports-drinks"],
    "locations": {
      "vic": {
        "price": 3.5,
        "promoText": "Any 2 $5",
        "packageSize": "600mL",
        "packagePrice": "$5.83 per 1L"
      }
    }
  },
  {
    "id": "gatorade-fierce-grape-sport-drink",
    "brand": "Gatorade",
    "name": "Fierce Grape Sport Drink",
    "imageUrl": "https://shop.coles.com.au/wcsstore/Coles-CAS/images/8/7/2/8729937-th.jpg",
    "categories": ["drinks"],
    "tags": ["sports-drinks-iced-tea", "sports-drinks"],
    "locations": {
      "vic": {
        "price": 3.5,
        "promoText": "Any 2 $5",
        "packageSize": "600mL",
        "packagePrice": "$5.83 per 1L"
      }
    }
  },
  {
    "id": "powerade-gold-rush-sports-drink",
    "brand": "Powerade",
    "name": "Gold Rush Sports Drink",
    "imageUrl": "https://shop.coles.com.au/wcsstore/Coles-CAS/images/1/7/2/1726045-th.jpg",
    "categories": ["drinks"],
    "tags": ["sports-drinks-iced-tea", "sports-drinks"],
    "locations": {
      "vic": {
        "price": 2.5,
        "promoText": "$1.00 ",
        "packageSize": "600mL",
        "packagePrice": "$4.17 per 1L"
      }
    }
  },
  {
    "id": "gatorade-sport-drink-orange-ice-5594671p",
    "brand": "Gatorade",
    "name": "Orange Ice Sports Drink",
    "imageUrl": "https://shop.coles.com.au/wcsstore/Coles-CAS/images/5/5/9/5594671-th.jpg",
    "categories": ["drinks"],
    "tags": ["sports-drinks-iced-tea", "sports-drinks"],
    "locations": {
      "vic": {
        "price": 3.5,
        "promoText": "Any 2 $5",
        "packageSize": "600mL",
        "packagePrice": "$5.83 per 1L"
      }
    }
  },
  {
    "id": "gatorade-sport-drink-lemon-lime-5468870p",
    "brand": "Gatorade",
    "name": "Lemon Lime Sports Drink",
    "imageUrl": "https://shop.coles.com.au/wcsstore/Coles-CAS/images/5/4/6/5468870-th.jpg",
    "categories": ["drinks"],
    "tags": ["sports-drinks-iced-tea", "sports-drinks"],
    "locations": {
      "vic": {
        "price": 3.5,
        "promoText": "Any 2 $5",
        "packageSize": "600mL",
        "packagePrice": "$5.83 per 1L"
      }
    }
  },
  {
    "id": "g2-sports-drink-glacier-freeze",
    "brand": "Gatorade",
    "name": "Glacier Freeze G2 Sports Drink",
    "imageUrl": "https://shop.coles.com.au/wcsstore/Coles-CAS/images/3/2/9/3291056-th.jpg",
    "categories": ["drinks"],
    "tags": ["sports-drinks-iced-tea", "sports-drinks"],
    "locations": {
      "vic": {
        "price": 3.5,
        "promoText": "Any 2 $5",
        "packageSize": "600mL",
        "packagePrice": "$5.83 per 1L"
      }
    }
  },
  {
    "id": "powerade-mountain-blast-zero-sports-drink",
    "brand": "Powerade",
    "name": "Mountain Blast Zero Sports Drink",
    "imageUrl": "https://shop.coles.com.au/wcsstore/Coles-CAS/images/1/7/2/1726012-th.jpg",
    "categories": ["drinks"],
    "tags": ["sports-drinks-iced-tea", "sports-drinks"],
    "locations": {
      "vic": {
        "price": 2.5,
        "promoText": "$1.00 ",
        "packageSize": "600mL",
        "packagePrice": "$4.17 per 1L"
      }
    }
  },
  {
    "id": "gatorade-sport-drink-tropical-fruit",
    "brand": "Gatorade",
    "name": "Tropical Fruit Sports Drink",
    "imageUrl": "https://shop.coles.com.au/wcsstore/Coles-CAS/images/5/4/6/5468917-th.jpg",
    "categories": ["drinks"],
    "tags": ["sports-drinks-iced-tea", "sports-drinks"],
    "locations": {
      "vic": {
        "price": 3.5,
        "promoText": "Any 2 $5",
        "packageSize": "600mL",
        "packagePrice": "$5.83 per 1L"
      }
    }
  },
  {
    "id": "g2-sports-drink-raspberry",
    "brand": "Gatorade",
    "name": "Raspberry G2 Sports Drink",
    "imageUrl": "https://shop.coles.com.au/wcsstore/Coles-CAS/images/3/2/9/3291045-th.jpg",
    "categories": ["drinks"],
    "tags": ["sports-drinks-iced-tea", "sports-drinks"],
    "locations": {
      "vic": {
        "price": 3.5,
        "promoText": "Any 2 $5",
        "packageSize": "600mL",
        "packagePrice": "$0.58 per 100mL"
      }
    }
  },
  {
    "id": "maximus-sports-drink-suck-it-up-raspberry",
    "brand": "Maximus",
    "name": "Red Sports Drink",
    "imageUrl": "https://shop.coles.com.au/wcsstore/Coles-CAS/images/9/8/8/9880708-th.jpg",
    "categories": ["drinks"],
    "tags": ["sports-drinks-iced-tea", "sports-drinks"],
    "locations": {
      "vic": {
        "price": 2,
        "promoText": "$1.00 ",
        "packageSize": "1L",
        "packagePrice": "$2.00 per 1L"
      }
    }
  },
  {
    "id": "powerade-lemon-lime-sports-drink",
    "brand": "Powerade",
    "name": "Lemon Lime Sports Drink",
    "imageUrl": "https://shop.coles.com.au/wcsstore/Coles-CAS/images/1/7/2/1725993-th.jpg",
    "categories": ["drinks"],
    "tags": ["sports-drinks-iced-tea", "sports-drinks"],
    "locations": {
      "vic": {
        "price": 2.5,
        "promoText": "$1.00 ",
        "packageSize": "600mL",
        "packagePrice": "$4.17 per 1L"
      }
    }
  },
  {
    "id": "powerade-berry-ice-sports-drink-2784273p",
    "brand": "Powerade",
    "name": "Berry Ice Sports Drink",
    "imageUrl": "https://shop.coles.com.au/wcsstore/Coles-CAS/images/2/7/8/2784273-th.jpg",
    "categories": ["drinks"],
    "tags": ["sports-drinks-iced-tea", "sports-drinks"],
    "locations": {
      "vic": {
        "price": 4.5,
        "promoText": " ",
        "packageSize": "1L",
        "packagePrice": "$4.50 per 1L"
      }
    }
  },
  {
    "id": "powerade-sports-15l-value-drink-mount-blast",
    "brand": "Powerade",
    "name": "Mountain Blast Hydration Pack Isotonic Drink",
    "imageUrl": "https://shop.coles.com.au/wcsstore/Coles-CAS/images/3/0/3/3038939-th.jpg",
    "categories": ["drinks"],
    "tags": ["sports-drinks-iced-tea", "sports-drinks"],
    "locations": {
      "vic": {
        "price": 3.75,
        "promoText": "Was $5.50 on Nov 2019 ",
        "packageSize": "1.5L",
        "packagePrice": "$2.50 per 1L"
      }
    }
  },
  {
    "id": "maximus-sports-drink",
    "brand": "Maximus",
    "name": "Grape Sports Drink 1L",
    "imageUrl": "https://shop.coles.com.au/wcsstore/Coles-CAS/images/3/0/4/3049447-th.jpg",
    "categories": ["drinks"],
    "tags": ["sports-drinks-iced-tea", "sports-drinks"],
    "locations": {
      "vic": {
        "price": 2,
        "promoText": "$1.00 ",
        "packageSize": "1L",
        "packagePrice": "$2.00 per 1L"
      }
    }
  },
  {
    "id": "powerade-mountain-blast-sports-drink-2784262p",
    "brand": "Powerade",
    "name": "Mountain Blast Sports Drink",
    "imageUrl": "https://shop.coles.com.au/wcsstore/Coles-CAS/images/2/7/8/2784262-th.jpg",
    "categories": ["drinks"],
    "tags": ["sports-drinks-iced-tea", "sports-drinks"],
    "locations": {
      "vic": {
        "price": 4.5,
        "promoText": " ",
        "packageSize": "1L",
        "packagePrice": "$4.50 per 1L"
      }
    }
  },
  {
    "id": "powerade-sports-drink-powder-mountain-blast",
    "brand": "Powerade",
    "name": "Mountain Blast Powder",
    "imageUrl": "https://shop.coles.com.au/wcsstore/Coles-CAS/images/5/8/9/5896852-th.jpg",
    "categories": ["drinks"],
    "tags": ["sports-drinks-iced-tea", "sport-drink-powders"],
    "locations": {
      "vic": {
        "price": 11.85,
        "promoText": " ",
        "packageSize": "500g",
        "packagePrice": "$2.37 per 100G"
      }
    }
  },
  {
    "id": "lipton-drink-ice-tea-peach-6344308p",
    "brand": "Lipton",
    "name": "Peach Ice Tea",
    "imageUrl": "https://shop.coles.com.au/wcsstore/Coles-CAS/images/6/3/4/6344308-th.jpg",
    "categories": ["drinks"],
    "tags": ["sports-drinks-iced-tea", "iced-tea"],
    "locations": {
      "vic": {
        "price": 3.8,
        "promoText": "Any 2 $6",
        "packageSize": "1.5L",
        "packagePrice": "$2.53 per 1L"
      }
    }
  },
  {
    "id": "lipton-drink-ice-tea-lemon-6344294p",
    "brand": "Lipton",
    "name": "Lemon Ice Tea",
    "imageUrl": "https://shop.coles.com.au/wcsstore/Coles-CAS/images/6/3/4/6344294-th.jpg",
    "categories": ["drinks"],
    "tags": ["sports-drinks-iced-tea", "iced-tea"],
    "locations": {
      "vic": {
        "price": 3.8,
        "promoText": "Any 2 $6",
        "packageSize": "1.5L",
        "packagePrice": "$2.53 per 1L"
      }
    }
  },
  {
    "id": "lipton-drink-ice-tea-peach-light-6344476p",
    "brand": "Lipton",
    "name": "Light Peach Ice Tea",
    "imageUrl": "https://shop.coles.com.au/wcsstore/Coles-CAS/images/6/3/4/6344476-th.jpg",
    "categories": ["drinks"],
    "tags": ["sports-drinks-iced-tea", "iced-tea"],
    "locations": {
      "vic": {
        "price": 3.8,
        "promoText": "Any 2 $6",
        "packageSize": "1.5L",
        "packagePrice": "$2.53 per 1L"
      }
    }
  },
  {
    "id": "fuze-peach-ice-tea",
    "brand": "Fuze",
    "name": "Peach Black Iced Tea",
    "imageUrl": "https://shop.coles.com.au/wcsstore/Coles-CAS/images/2/9/9/2994695-th.jpg",
    "categories": ["drinks"],
    "tags": ["sports-drinks-iced-tea", "iced-tea"],
    "locations": {
      "vic": {
        "price": 3.2,
        "promoText": " ",
        "packageSize": "1.25L",
        "packagePrice": "$2.56 per 1L"
      }
    }
  },
  {
    "id": "fuze--zesty-lemon-black-ice-tea",
    "brand": "Fuze",
    "name": "Lemon Black Ice Tea",
    "imageUrl": "https://shop.coles.com.au/wcsstore/Coles-CAS/images/2/9/9/2994710-th.jpg",
    "categories": ["drinks"],
    "tags": ["sports-drinks-iced-tea", "iced-tea"],
    "locations": {
      "vic": {
        "price": 3.2,
        "promoText": " ",
        "packageSize": "1.25L",
        "packagePrice": "$2.56 per 1L"
      }
    }
  },
  {
    "id": "lipton-iced-tea-peach",
    "brand": "Lipton",
    "name": "Peach Ice Tea",
    "imageUrl": "https://shop.coles.com.au/wcsstore/Coles-CAS/images/9/4/4/9446315-th.jpg",
    "categories": ["drinks"],
    "tags": ["sports-drinks-iced-tea", "iced-tea"],
    "locations": {
      "vic": {
        "price": 1.75,
        "promoText": " ",
        "packageSize": "500mL",
        "packagePrice": "$3.50 per 1L"
      }
    }
  },
  {
    "id": "lipton-iced-tea-lemon",
    "brand": "Lipton",
    "name": "Lemon Ice Tea",
    "imageUrl": "https://shop.coles.com.au/wcsstore/Coles-CAS/images/9/4/4/9446337-th.jpg",
    "categories": ["drinks"],
    "tags": ["sports-drinks-iced-tea", "iced-tea"],
    "locations": {
      "vic": {
        "price": 1.75,
        "promoText": "Was $2.00 on Nov 2019 ",
        "packageSize": "500mL",
        "packagePrice": "$3.50 per 1L"
      }
    }
  },
  {
    "id": "lipton-drink-ice-tea-raspberry",
    "brand": "Lipton",
    "name": "Raspberry Ice Tea",
    "imageUrl": "https://shop.coles.com.au/wcsstore/Coles-CAS/images/7/3/8/7386664-th.jpg",
    "categories": ["drinks"],
    "tags": ["sports-drinks-iced-tea", "iced-tea"],
    "locations": {
      "vic": {
        "price": 3.8,
        "promoText": "Any 2 $6",
        "packageSize": "1.5L",
        "packagePrice": "$2.53 per 1L"
      }
    }
  },
  {
    "id": "lipton-drink-ice-tea-mango",
    "brand": "Lipton",
    "name": "Mango Ice Tea",
    "imageUrl": "https://shop.coles.com.au/wcsstore/Coles-CAS/images/6/3/4/6344487-th.jpg",
    "categories": ["drinks"],
    "tags": ["sports-drinks-iced-tea", "iced-tea"],
    "locations": {
      "vic": {
        "price": 3.8,
        "promoText": "Any 2 $6",
        "packageSize": "1.5L",
        "packagePrice": "$2.53 per 1L"
      }
    }
  },
  {
    "id": "lipton-peach-nectarine-ice-tea",
    "brand": "Lipton",
    "name": "Peach & Nectarine Ice Tea",
    "imageUrl": "https://shop.coles.com.au/wcsstore/Coles-CAS/images/3/7/0/3709761-th.jpg",
    "categories": ["drinks"],
    "tags": ["sports-drinks-iced-tea", "iced-tea"],
    "locations": {
      "vic": {
        "price": 1.75,
        "promoText": "Was $2.00 on Dec 2019 ",
        "packageSize": "500mL",
        "packagePrice": "$3.50 per 1L"
      }
    }
  },
  {
    "id": "coles-organic-ice-tea-hib-rasp",
    "brand": "Coles",
    "name": "Organic Raspberry & Hibiscus Black Ice Tea",
    "imageUrl": "https://shop.coles.com.au/wcsstore/Coles-CAS/images/3/4/9/3490438-th.jpg",
    "categories": ["drinks"],
    "tags": ["sports-drinks-iced-tea", "iced-tea"],
    "locations": {
      "vic": {
        "price": 2,
        "promoText": "$1.50 ",
        "packageSize": "750mL",
        "packagePrice": "$2.67 per 1L"
      }
    }
  },
  {
    "id": "coles-organic-ice-tea-peach",
    "brand": "Coles",
    "name": "Organic Peach Flavour Black Ice Tea",
    "imageUrl": "https://shop.coles.com.au/wcsstore/Coles-CAS/images/3/4/9/3490427-th.jpg",
    "categories": ["drinks"],
    "tags": ["sports-drinks-iced-tea", "iced-tea"],
    "locations": {
      "vic": {
        "price": 2,
        "promoText": "$1.50 ",
        "packageSize": "750mL",
        "packagePrice": "$2.67 per 1L"
      }
    }
  },
  {
    "id": "coles-flavoured-ice-tea-lemon-3446811p",
    "brand": "Coles",
    "name": "Lemon Flavoured Ice Tea",
    "imageUrl": "https://shop.coles.com.au/wcsstore/Coles-CAS/images/3/4/4/3446811-th.jpg",
    "categories": ["drinks"],
    "tags": ["sports-drinks-iced-tea", "iced-tea"],
    "locations": {
      "vic": {
        "price": 2,
        "promoText": " ",
        "packageSize": "1.25L",
        "packagePrice": "$1.60 per 1L"
      }
    }
  },
  {
    "id": "coles-flavoured-ice-tea-peach-3446800p",
    "brand": "Coles",
    "name": "Peach Flavoured Ice Tea",
    "imageUrl": "https://shop.coles.com.au/wcsstore/Coles-CAS/images/3/4/4/3446800-th.jpg",
    "categories": ["drinks"],
    "tags": ["sports-drinks-iced-tea", "iced-tea"],
    "locations": {
      "vic": {
        "price": 2,
        "promoText": " ",
        "packageSize": "1.25L",
        "packagePrice": "$1.60 per 1L"
      }
    }
  },
  {
    "id": "coles-organic-ice-tea-blueberry",
    "brand": "Coles",
    "name": "Organic Blueberry Flavour Black Ice Tea",
    "imageUrl": "https://shop.coles.com.au/wcsstore/Coles-CAS/images/3/4/9/3490405-th.jpg",
    "categories": ["drinks"],
    "tags": ["sports-drinks-iced-tea", "iced-tea"],
    "locations": {
      "vic": {
        "price": 2,
        "promoText": "$1.50 ",
        "packageSize": "750mL",
        "packagePrice": "$2.67 per 1L"
      }
    }
  },
  {
    "id": "coles-organic-ice-tea-lem-ging",
    "brand": "Coles",
    "name": "Organic Ginger & Lemongrass Flavour Black Ice Tea",
    "imageUrl": "https://shop.coles.com.au/wcsstore/Coles-CAS/images/3/4/9/3490416-th.jpg",
    "categories": ["drinks"],
    "tags": ["sports-drinks-iced-tea", "iced-tea"],
    "locations": {
      "vic": {
        "price": 2,
        "promoText": "$1.50 ",
        "packageSize": "750mL",
        "packagePrice": "$2.67 per 1L"
      }
    }
  },
  {
    "id": "lipton-iced-tea-citrus",
    "brand": "Lipton",
    "name": "Citrus Green Ice Tea",
    "imageUrl": "https://shop.coles.com.au/wcsstore/Coles-CAS/images/5/7/9/5790192-th.jpg",
    "categories": ["drinks"],
    "tags": ["sports-drinks-iced-tea", "iced-tea"],
    "locations": {
      "vic": {
        "price": 1.75,
        "promoText": "Was $2.00 on Nov 2019 ",
        "packageSize": "500mL",
        "packagePrice": "$0.35 per 100mL"
      }
    }
  },
  {
    "id": "lipton-ice-tea-drink-tea-lemon-light",
    "brand": "Lipton",
    "name": "Lemon Light Ice Tea Drink",
    "imageUrl": "https://shop.coles.com.au/wcsstore/Coles-CAS/images/6/3/4/6344465-th.jpg",
    "categories": ["drinks"],
    "tags": ["sports-drinks-iced-tea", "iced-tea"],
    "locations": {
      "vic": {
        "price": 3.8,
        "promoText": "Any 2 $6",
        "packageSize": "1.5L",
        "packagePrice": "$2.53 per 1L"
      }
    }
  },
  {
    "id": "lipton-ice-tea-drink-tea-green-citrus",
    "brand": "Lipton",
    "name": "Citrus Green Ice Tea",
    "imageUrl": "https://shop.coles.com.au/wcsstore/Coles-CAS/images/6/3/4/6344320-th.jpg",
    "categories": ["drinks"],
    "tags": ["sports-drinks-iced-tea", "iced-tea"],
    "locations": {
      "vic": {
        "price": 3.8,
        "promoText": "Any 2 $6",
        "packageSize": "1.5L",
        "packagePrice": "$2.53 per 1L"
      }
    }
  },
  {
    "id": "lipton-peach-nectarine-flavour-ice-tea",
    "brand": "Lipton",
    "name": "Peach & Nectarine Flavour Ice Tea",
    "imageUrl": "https://shop.coles.com.au/wcsstore/Coles-CAS/images/3/7/0/3709750-th.jpg",
    "categories": ["drinks"],
    "tags": ["sports-drinks-iced-tea", "iced-tea"],
    "locations": {
      "vic": {
        "price": 3.8,
        "promoText": "Any 2 $6",
        "packageSize": "1.5L",
        "packagePrice": "$2.53 per 1L"
      }
    }
  },
  {
    "id": "cadbury-drinking-chocolate",
    "brand": "Cadbury",
    "name": "Drinking Chocolate",
    "imageUrl": "https://shop.coles.com.au/wcsstore/Coles-CAS/images/5/1/1/5110039-th.jpg",
    "categories": ["drinks"],
    "tags": ["flavoured-milk", "drinks-powders"],
    "locations": {
      "vic": {
        "price": 4,
        "promoText": "Was $4.69 on Jul 2018 ",
        "packageSize": "400g",
        "packagePrice": "$1.00 per 100G"
      }
    }
  },
  {
    "id": "nestle-milo-3516338p",
    "brand": "Nestle",
    "name": "Milo",
    "imageUrl": "https://shop.coles.com.au/wcsstore/Coles-CAS/images/3/5/1/3516338-th.jpg",
    "categories": ["drinks"],
    "tags": ["flavoured-milk", "drinks-powders"],
    "locations": {
      "vic": {
        "price": 7,
        "promoText": " ",
        "packageSize": "460g",
        "packagePrice": "$1.52 per 100G"
      }
    }
  },
  {
    "id": "nestle-drink-milo",
    "brand": "Nestle",
    "name": "Milo",
    "imageUrl": "https://shop.coles.com.au/wcsstore/Coles-CAS/images/6/4/1/6414618-th.jpg",
    "categories": ["drinks"],
    "tags": ["flavoured-milk", "drinks-powders"],
    "locations": {
      "vic": {
        "price": 4,
        "promoText": " ",
        "packageSize": "200g",
        "packagePrice": "$2.00 per 100G"
      }
    }
  },
  {
    "id": "big-m-uht-chocolate-milk",
    "brand": "M2go",
    "name": "Chocolate Flavoured Multipack Milk 250mL",
    "imageUrl": "https://shop.coles.com.au/wcsstore/Coles-CAS/images/3/0/6/3066195-th.jpg",
    "categories": ["drinks"],
    "tags": ["flavoured-milk", "drinks-powders"],
    "locations": {
      "vic": {
        "price": 5.5,
        "promoText": "Was $6.20 on Apr 2020 ",
        "packageSize": "6 pack",
        "packagePrice": "$3.67 per 1L"
      }
    }
  },
  {
    "id": "avalanche-vegan-drinking-chocolate",
    "brand": "Avalanche",
    "name": "Dairy Free Drinking Chocolate",
    "imageUrl": "https://shop.coles.com.au/wcsstore/Coles-CAS/images/3/7/3/3732071-th.jpg",
    "categories": ["drinks"],
    "tags": ["flavoured-milk", "drinks-powders"],
    "locations": {
      "vic": {
        "price": 5.5,
        "promoText": " ",
        "packageSize": "10 pack",
        "packagePrice": "$0.55 per 1Ea"
      }
    }
  },
  {
    "id": "cadbury-drinking-chocolate-5110050p",
    "brand": "Cadbury",
    "name": "Drinking Chocolate",
    "imageUrl": "https://shop.coles.com.au/wcsstore/Coles-CAS/images/5/1/1/5110050-th.jpg",
    "categories": ["drinks"],
    "tags": ["flavoured-milk", "drinks-powders"],
    "locations": {
      "vic": {
        "price": 2,
        "promoText": "$1.20 ",
        "packageSize": "225g",
        "packagePrice": "$0.89 per 100G"
      }
    }
  },
  {
    "id": "devondale-moo-strawberry-flavoured-uht-milk-6-pack",
    "brand": "Devondale",
    "name": "Moo Strawberry Flavoured Multipack Milk 200mL",
    "imageUrl": "https://shop.coles.com.au/wcsstore/Coles-CAS/images/1/9/4/1948466-th.jpg",
    "categories": ["drinks"],
    "tags": ["flavoured-milk", "drinks-powders"],
    "locations": {
      "vic": {
        "price": 4.75,
        "promoText": " ",
        "packageSize": "6 pack",
        "packagePrice": "$3.96 per 1L"
      }
    }
  },
  {
    "id": "nesquik-chocolate-116093p",
    "brand": "Nestle",
    "name": "Nesquik Chocolate Powder",
    "imageUrl": "https://shop.coles.com.au/wcsstore/Coles-CAS/images/1/1/6/116093-th.jpg",
    "categories": ["drinks"],
    "tags": ["flavoured-milk", "drinks-powders"],
    "locations": {
      "vic": {
        "price": 2.8,
        "promoText": " ",
        "packageSize": "250g",
        "packagePrice": "$1.12 per 100G"
      }
    }
  },
  {
    "id": "nesquik-chocolate-116107p",
    "brand": "Nestle",
    "name": "Nesquik Chocolate Powder",
    "imageUrl": "https://shop.coles.com.au/wcsstore/Coles-CAS/images/1/1/6/116107-th.jpg",
    "categories": ["drinks"],
    "tags": ["flavoured-milk", "drinks-powders"],
    "locations": {
      "vic": {
        "price": 5.6,
        "promoText": " ",
        "packageSize": "500g",
        "packagePrice": "$1.12 per 100G"
      }
    }
  },
  {
    "id": "nestle-milo-30-reduced-sugar",
    "brand": "Nestle",
    "name": "Milo 30% Less Added Sugar",
    "imageUrl": "https://shop.coles.com.au/wcsstore/Coles-CAS/images/3/5/2/3520277-th.jpg",
    "categories": ["drinks"],
    "tags": ["flavoured-milk", "drinks-powders"],
    "locations": {
      "vic": {
        "price": 7,
        "promoText": " ",
        "packageSize": "395g",
        "packagePrice": "$1.77 per 100G"
      }
    }
  },
  {
    "id": "avalanche-sugarfree-drinking-sticks-chocolate",
    "brand": "Avalanche",
    "name": "Drinking Chocolate 10 Sticks",
    "imageUrl": "https://shop.coles.com.au/wcsstore/Coles-CAS/images/3/1/8/3180521-th.jpg",
    "categories": ["drinks"],
    "tags": ["flavoured-milk", "drinks-powders"],
    "locations": {
      "vic": {
        "price": 4.5,
        "promoText": "$1.00 ",
        "packageSize": "200g",
        "packagePrice": "$2.25 per 100G"
      }
    }
  },
  {
    "id": "coles-brand-hot-chocolate-sachets",
    "brand": "Coles",
    "name": "Hot Chocolate Sachets",
    "imageUrl": "https://shop.coles.com.au/wcsstore/Coles-CAS/images/6/1/6/6168205-th.jpg",
    "categories": ["drinks"],
    "tags": ["flavoured-milk", "drinks-powders"],
    "locations": {
      "vic": {
        "price": 3.25,
        "promoText": " ",
        "packageSize": "200g",
        "packagePrice": "$1.63 per 100G"
      }
    }
  },
  {
    "id": "jarrah-chocolatte-drink-chocolate-10-pack",
    "brand": "Jarrah",
    "name": "Drinking Chocolate 10 pack",
    "imageUrl": "https://shop.coles.com.au/wcsstore/Coles-CAS/images/6/7/7/6772298-th.jpg",
    "categories": ["drinks"],
    "tags": ["flavoured-milk", "drinks-powders"],
    "locations": {
      "vic": {
        "price": 5,
        "promoText": "Was $5.30 on Aug 2018 ",
        "packageSize": "115g",
        "packagePrice": "$4.35 per 100G"
      }
    }
  },
  {
    "id": "nestle-milo-ready-to-drink-3739183p",
    "brand": "Nestle",
    "name": "Milo Ready To Drink",
    "imageUrl": "https://shop.coles.com.au/wcsstore/Coles-CAS/images/3/7/3/3739183-th.jpg",
    "categories": ["drinks"],
    "tags": ["flavoured-milk", "drinks-powders"],
    "locations": {
      "vic": {
        "price": 3,
        "promoText": "$1.00 ",
        "packageSize": "3 pack",
        "packagePrice": "$1.00 per 1Ea"
      }
    }
  },
  {
    "id": "ovaltine-drinking-chocolate-2992317p",
    "brand": "Ovaltine",
    "name": "Drinking Chocolate Powder",
    "imageUrl": "https://shop.coles.com.au/wcsstore/Coles-CAS/images/2/9/9/2992317-th.jpg",
    "categories": ["drinks"],
    "tags": ["flavoured-milk", "drinks-powders"],
    "locations": {
      "vic": {
        "price": 3.5,
        "promoText": "$1.50 ",
        "packageSize": "415g",
        "packagePrice": "$0.84 per 100G"
      }
    }
  },
  {
    "id": "vittoria-chocochino",
    "brand": "Vittoria",
    "name": "Original Chocochino",
    "imageUrl": "https://shop.coles.com.au/wcsstore/Coles-CAS/images/6/9/9/6999781-th.jpg",
    "categories": ["drinks"],
    "tags": ["flavoured-milk", "drinks-powders"],
    "locations": {
      "vic": {
        "price": 4,
        "promoText": "$0.90 ",
        "packageSize": "375g",
        "packagePrice": "$1.07 per 100G"
      }
    }
  },
  {
    "id": "coles-organic-drinking-chocolate",
    "brand": "Coles",
    "name": "Fair Trade Organic Drinking Chocolate Powder",
    "imageUrl": "https://shop.coles.com.au/wcsstore/Coles-CAS/images/2/1/4/2140918-th.jpg",
    "categories": ["drinks", "healthy-living"],
    "tags": ["flavoured-milk", "drinks-powders"],
    "locations": {
      "vic": {
        "price": 4,
        "promoText": " ",
        "packageSize": "225g",
        "packagePrice": "$1.78 per 100G"
      }
    }
  },
  {
    "id": "devondale-milk-moo-uht-chocolate",
    "brand": "Devondale",
    "name": "Moo Chocolate Flavoured Multipack Milk 200mL",
    "imageUrl": "https://shop.coles.com.au/wcsstore/Coles-CAS/images/1/2/6/1262240-th.jpg",
    "categories": ["drinks"],
    "tags": ["flavoured-milk", "drinks-powders"],
    "locations": {
      "vic": {
        "price": 4.75,
        "promoText": " ",
        "packageSize": "6 pack",
        "packagePrice": "$3.96 per 1L"
      }
    }
  },
  {
    "id": "jarrah-drink-choc-olait",
    "brand": "Jarrah",
    "name": "Choc O'Lait Drinking Chocolate",
    "imageUrl": "https://shop.coles.com.au/wcsstore/Coles-CAS/images/7/3/3/7338887-th.jpg",
    "categories": ["drinks"],
    "tags": ["flavoured-milk", "drinks-powders"],
    "locations": {
      "vic": {
        "price": 7.4,
        "promoText": " ",
        "packageSize": "285g",
        "packagePrice": "$2.60 per 100G"
      }
    }
  },
  {
    "id": "lindt-flakes-hot-chocolate",
    "brand": "Lindt",
    "name": "Hot Chocolate Flakes",
    "imageUrl": "https://shop.coles.com.au/wcsstore/Coles-CAS/images/6/9/3/6934039-th.jpg",
    "categories": ["drinks"],
    "tags": ["flavoured-milk", "drinks-powders"],
    "locations": {
      "vic": {
        "price": 7.5,
        "promoText": " ",
        "packageSize": "210g",
        "packagePrice": "$3.57 per 100G"
      }
    }
  },
  {
    "id": "nestle-milkybar-hot-chocolate",
    "brand": "Nestle",
    "name": "Milkybar Hot Chocolate",
    "imageUrl": "https://shop.coles.com.au/wcsstore/Coles-CAS/images/3/7/3/3735411-th.jpg",
    "categories": ["drinks"],
    "tags": ["flavoured-milk", "drinks-powders"],
    "locations": {
      "vic": {
        "price": 3.15,
        "promoText": "$3.15 ",
        "packageSize": "10 pack",
        "packagePrice": "$0.32 per 1Ea"
      }
    }
  },
  {
    "id": "nestle-aero-hot-chocolate",
    "brand": "Nestle",
    "name": "Aero Hot Chocolate",
    "imageUrl": "https://shop.coles.com.au/wcsstore/Coles-CAS/images/3/7/3/3735400-th.jpg",
    "categories": ["drinks"],
    "tags": ["flavoured-milk", "drinks-powders"],
    "locations": {
      "vic": {
        "price": 3.15,
        "promoText": "$3.15 ",
        "packageSize": "10 pack",
        "packagePrice": "$0.32 per 1Ea"
      }
    }
  },
  {
    "id": "nestle-milo-plant-based",
    "brand": "Nestle",
    "name": "Milo Plant Based",
    "imageUrl": "https://shop.coles.com.au/wcsstore/Coles-CAS/images/3/7/3/3736469-th.jpg",
    "categories": ["drinks"],
    "tags": ["flavoured-milk", "drinks-powders"],
    "locations": {
      "vic": {
        "price": 7,
        "promoText": " ",
        "packageSize": "395g",
        "packagePrice": "$1.77 per 100G"
      }
    }
  },
  {
    "id": "nippys-coffee-flavoured-long-life-milk-375ml",
    "brand": "Nippy's",
    "name": "Coffee Flavoured Multipack Long Life Milk 375mL",
    "imageUrl": "https://shop.coles.com.au/wcsstore/Coles-CAS/images/2/4/1/2412213-th.jpg",
    "categories": ["drinks"],
    "tags": ["flavoured-milk", "drinks-powders"],
    "locations": {
      "vic": {
        "price": 7.5,
        "promoText": " ",
        "packageSize": "4 pack",
        "packagePrice": "$5.00 per 1L"
      }
    }
  },
  {
    "id": "akta-vite-drinking-chocolate",
    "brand": "Akta Vite",
    "name": "Chocolate Drink",
    "imageUrl": "https://shop.coles.com.au/wcsstore/Coles-CAS/images/2/5/4/254177-th.jpg",
    "categories": ["drinks"],
    "tags": ["flavoured-milk", "drinks-powders"],
    "locations": {
      "vic": {
        "price": 5.75,
        "promoText": " ",
        "packageSize": "375g",
        "packagePrice": "$1.53 per 100G"
      }
    }
  },
  {
    "id": "avalanche-sugarfree-drinking-chocolate",
    "brand": "Avalanche",
    "name": "Drinking Chocolate",
    "imageUrl": "https://shop.coles.com.au/wcsstore/Coles-CAS/images/2/4/4/2445551-th.jpg",
    "categories": ["drinks"],
    "tags": ["flavoured-milk", "drinks-powders"],
    "locations": {
      "vic": {
        "price": 4.8,
        "promoText": " ",
        "packageSize": "200g",
        "packagePrice": "$2.40 per 100G"
      }
    }
  },
  {
    "id": "avalanche-99-sugar-fre-caramelised-white-choc",
    "brand": "Avalanche",
    "name": "99% Sugar Free Caramelised White Choc",
    "imageUrl": "https://shop.coles.com.au/wcsstore/ColesResponsiveStorefrontAssetStore/dist/ccfc54aed6e361b650bcf0582f7b576b/img/img_product-placeholder.png",
    "categories": ["drinks"],
    "tags": ["flavoured-milk", "drinks-powders"],
    "locations": {
      "vic": {
        "price": 5.5,
        "promoText": " ",
        "packageSize": "10 pack",
        "packagePrice": "$0.55 per 1Ea"
      }
    }
  },
  {
    "id": "bickfords-iced-coffee-mix",
    "brand": "Bickford's",
    "name": "Chicory Essence Iced Coffee Syrup",
    "imageUrl": "https://shop.coles.com.au/wcsstore/Coles-CAS/images/5/9/2/5924448-th.jpg",
    "categories": ["drinks"],
    "tags": ["flavoured-milk", "drinks-powders"],
    "locations": {
      "vic": {
        "price": 7,
        "promoText": " ",
        "packageSize": "550mL",
        "packagePrice": "$12.73 per 1L"
      }
    }
  },
  {
    "id": "cadbury-instant-hot-chocolate",
    "brand": "Cadbury",
    "name": "Instant Hot Chocolate Blend 6x25g",
    "imageUrl": "https://shop.coles.com.au/wcsstore/Coles-CAS/images/3/5/3/3531794-th.jpg",
    "categories": ["drinks"],
    "tags": ["flavoured-milk", "drinks-powders"],
    "locations": {
      "vic": {
        "price": 5,
        "promoText": " ",
        "packageSize": "6 pack",
        "packagePrice": "$0.83 per 1Ea"
      }
    }
  },
  {
    "id": "coles-brand-chocolate--malt--drink",
    "brand": "Coles",
    "name": "Chocolate Malt Energy Drink",
    "imageUrl": "https://shop.coles.com.au/wcsstore/Coles-CAS/images/3/1/6/3160171-th.jpg",
    "categories": ["drinks"],
    "tags": ["flavoured-milk", "drinks-powders"],
    "locations": {
      "vic": {
        "price": 3.8,
        "promoText": " ",
        "packageSize": "450g",
        "packagePrice": "$0.84 per 100G"
      }
    }
  },
  {
    "id": "coles-marshmallow-fantasy-star",
    "brand": "Coles",
    "name": "Marshmallow Fantasy Star",
    "imageUrl": "https://shop.coles.com.au/wcsstore/Coles-CAS/images/3/7/0/3703776-th.jpg",
    "categories": ["drinks"],
    "tags": ["flavoured-milk", "drinks-powders"],
    "locations": {
      "vic": {
        "price": 2,
        "promoText": " ",
        "packageSize": "100g",
        "packagePrice": "$2.00 per 100G"
      }
    }
  },
  {
    "id": "jarrah-hot-chocolate-rocky-road",
    "brand": "Jarrah",
    "name": "Hot Chocolate Mocha",
    "imageUrl": "https://shop.coles.com.au/wcsstore/Coles-CAS/images/3/1/8/3180463-th.jpg",
    "categories": ["drinks"],
    "tags": ["flavoured-milk", "drinks-powders"],
    "locations": {
      "vic": {
        "price": 5,
        "promoText": "Was $5.30 on Aug 2018 ",
        "packageSize": "140g",
        "packagePrice": "$3.57 per 100G"
      }
    }
  },
  {
    "id": "big-m-uht-strawberry-milk",
    "brand": "M2go",
    "name": "Strawberry Flavoured Multipack Milk 250mL",
    "imageUrl": "https://shop.coles.com.au/wcsstore/Coles-CAS/images/3/0/6/3066209-th.jpg",
    "categories": ["drinks"],
    "tags": ["flavoured-milk", "drinks-powders"],
    "locations": {
      "vic": {
        "price": 5.5,
        "promoText": "Was $6.20 on Apr 2020 ",
        "packageSize": "6 pack",
        "packagePrice": "$3.67 per 1L"
      }
    }
  },
  {
    "id": "nesquik-strawberry",
    "brand": "Nestle",
    "name": "Nesquik Strawberry Powder",
    "imageUrl": "https://shop.coles.com.au/wcsstore/Coles-CAS/images/1/1/6/116129-th.jpg",
    "categories": ["drinks"],
    "tags": ["flavoured-milk", "drinks-powders"],
    "locations": {
      "vic": {
        "price": 2.8,
        "promoText": " ",
        "packageSize": "250g",
        "packagePrice": "$1.12 per 100G"
      }
    }
  },
  {
    "id": "nippys-chocolate-flavoured-long-life-milk-375ml",
    "brand": "Nippy's",
    "name": "Chocolate Flavoured Multipack Long Life Milk 375mL",
    "imageUrl": "https://shop.coles.com.au/wcsstore/Coles-CAS/images/2/4/1/2412202-th.jpg",
    "categories": ["drinks"],
    "tags": ["flavoured-milk", "drinks-powders"],
    "locations": {
      "vic": {
        "price": 7.5,
        "promoText": " ",
        "packageSize": "4 pack",
        "packagePrice": "$5.00 per 1L"
      }
    }
  },
  {
    "id": "sipahh-straws-variety-6152919p",
    "brand": "Sipahh",
    "name": "Milk Variety Straws 25 pack",
    "imageUrl": "https://shop.coles.com.au/wcsstore/Coles-CAS/images/6/1/5/6152919-th.jpg",
    "categories": ["drinks"],
    "tags": ["flavoured-milk", "drinks-powders"],
    "locations": {
      "vic": {
        "price": 8.4,
        "promoText": " ",
        "packageSize": "87.5g",
        "packagePrice": "$9.60 per 100G"
      }
    }
  },
  {
    "id": "sustagen-powder-dutch-chocolate",
    "brand": "Sustagen",
    "name": "Dutch Chocolate Powder",
    "imageUrl": "https://shop.coles.com.au/wcsstore/Coles-CAS/images/3/7/3/3738920-th.jpg",
    "categories": ["drinks"],
    "tags": ["flavoured-milk", "drinks-powders"],
    "locations": {
      "vic": {
        "price": 9.5,
        "promoText": " ",
        "packageSize": "550g",
        "packagePrice": "$1.73 per 100G"
      }
    }
  },
  {
    "id": "coles-brand-drinking-chocolate",
    "brand": "Coles",
    "name": "Drinking Chocolate",
    "imageUrl": "https://shop.coles.com.au/wcsstore/Coles-CAS/images/3/1/6/3160150-th.jpg",
    "categories": ["drinks"],
    "tags": ["flavoured-milk", "drinks-powders"],
    "locations": {
      "vic": {
        "price": 3,
        "promoText": " ",
        "packageSize": "400g",
        "packagePrice": "$0.75 per 100G"
      }
    }
  },
  {
    "id": "coles-brand-malt-drink",
    "brand": "Coles",
    "name": "Malted Milk Drink",
    "imageUrl": "https://shop.coles.com.au/wcsstore/Coles-CAS/images/3/1/8/3180441-th.jpg",
    "categories": ["drinks"],
    "tags": ["flavoured-milk", "drinks-powders"],
    "locations": {
      "vic": {
        "price": 7,
        "promoText": " ",
        "packageSize": "500g",
        "packagePrice": "$1.40 per 100G"
      }
    }
  },
  {
    "id": "coles-mini-marshmallows-pink-and-white",
    "brand": "Coles",
    "name": "Pink & White Mini Mallows",
    "imageUrl": "https://shop.coles.com.au/wcsstore/Coles-CAS/images/3/1/7/3175260-th.jpg",
    "categories": ["drinks"],
    "tags": ["flavoured-milk", "drinks-powders"],
    "locations": {
      "vic": {
        "price": 2,
        "promoText": " ",
        "packageSize": "100g",
        "packagePrice": "$2.00 per 100G"
      }
    }
  },
  {
    "id": "messy-monkeys-strawberry-a2-protein-milk-6x200ml",
    "brand": "Freedom Foods",
    "name": "Messy Monkeys A2 Protein Strawberry Flavoured Multipack Dairy Milk 200mL",
    "imageUrl": "https://shop.coles.com.au/wcsstore/Coles-CAS/images/3/4/9/3492604-th.jpg",
    "categories": ["drinks"],
    "tags": ["flavoured-milk", "drinks-powders"],
    "locations": {
      "vic": {
        "price": 5.5,
        "promoText": " ",
        "packageSize": "6 pack",
        "packagePrice": "$4.58 per 1L"
      }
    }
  },
  {
    "id": "messy-monkeys-chocolate-a2-protein-milk-6x200ml",
    "brand": "Freedom Foods",
    "name": "Messy Monkeys A2 Protein Chocolate Flavoured Multipack Dairy Milk 200mL",
    "imageUrl": "https://shop.coles.com.au/wcsstore/Coles-CAS/images/3/4/9/3492590-th.jpg",
    "categories": ["drinks"],
    "tags": ["flavoured-milk", "drinks-powders"],
    "locations": {
      "vic": {
        "price": 5.5,
        "promoText": " ",
        "packageSize": "6 pack",
        "packagePrice": "$4.58 per 1L"
      }
    }
  },
  {
    "id": "jarrah-hot-chocolate-mint-10pk",
    "brand": "Jarrah",
    "name": "Mint Hot Chocolate 10 Pack",
    "imageUrl": "https://shop.coles.com.au/wcsstore/Coles-CAS/images/3/1/8/3180474-th.jpg",
    "categories": ["drinks"],
    "tags": ["flavoured-milk", "drinks-powders"],
    "locations": {
      "vic": {
        "price": 5,
        "promoText": "Was $5.30 on Aug 2018 ",
        "packageSize": "140g",
        "packagePrice": "$3.57 per 100G"
      }
    }
  },
  {
    "id": "jarrah-hot-chocolate-white-choc-raspberry",
    "brand": "Jarrah",
    "name": "Raspberry Hot Chocolate 10 Serves",
    "imageUrl": "https://shop.coles.com.au/wcsstore/Coles-CAS/images/3/5/1/3513410-th.jpg",
    "categories": ["drinks"],
    "tags": ["flavoured-milk", "drinks-powders"],
    "locations": {
      "vic": {
        "price": 5,
        "promoText": "Was $5.30 on Aug 2018 ",
        "packageSize": "1 pack",
        "packagePrice": "$5.00 per 1Ea"
      }
    }
  },
  {
    "id": "jarrah-hot-chocolate-cokies-cream",
    "brand": "Jarrah",
    "name": "Hot Chocolate Cookies & Cream",
    "imageUrl": "https://shop.coles.com.au/wcsstore/Coles-CAS/images/3/7/3/3731942-th.jpg",
    "categories": ["drinks"],
    "tags": ["flavoured-milk", "drinks-powders"],
    "locations": {
      "vic": {
        "price": 5,
        "promoText": " ",
        "packageSize": "10 pack",
        "packagePrice": "$0.50 per 1Ea"
      }
    }
  },
  {
    "id": "nestle-drink-malted-milk",
    "brand": "Nestle",
    "name": "Malted Milk Drink Powder",
    "imageUrl": "https://shop.coles.com.au/wcsstore/Coles-CAS/images/8/2/2/8221794-th.jpg",
    "categories": ["drinks"],
    "tags": ["flavoured-milk", "drinks-powders"],
    "locations": {
      "vic": {
        "price": 9.5,
        "promoText": " ",
        "packageSize": "500g",
        "packagePrice": "$1.90 per 100G"
      }
    }
  },
  {
    "id": "nestle-milo-xtra",
    "brand": "Nestle",
    "name": "Milo Xtra",
    "imageUrl": "https://shop.coles.com.au/wcsstore/Coles-CAS/images/3/7/3/3735717-th.jpg",
    "categories": ["drinks"],
    "tags": ["flavoured-milk", "drinks-powders"],
    "locations": {
      "vic": {
        "price": 7,
        "promoText": " ",
        "packageSize": "395g",
        "packagePrice": "$1.77 per 100G"
      }
    }
  },
  {
    "id": "nestle-milo-3854396p",
    "brand": "Nestle",
    "name": "Milo",
    "imageUrl": "https://shop.coles.com.au/wcsstore/Coles-CAS/images/3/8/5/3854396-th.jpg",
    "categories": ["drinks"],
    "tags": ["flavoured-milk", "drinks-powders"],
    "locations": {
      "vic": {
        "price": 12.5,
        "promoText": " ",
        "packageSize": "1kg",
        "packagePrice": "$12.50 per 1Kg"
      }
    }
  },
  {
    "id": "nomad-drinking-organic-choc-ruby-bliss",
    "brand": "Nomad",
    "name": "Organic Drinking Chocolate Ruby Bliss",
    "imageUrl": "https://shop.coles.com.au/wcsstore/Coles-CAS/images/3/1/8/3180576-th.jpg",
    "categories": ["drinks"],
    "tags": ["flavoured-milk", "drinks-powders"],
    "locations": {
      "vic": {
        "price": 0,
        "promoText": " ",
        "packageSize": "200g",
        "packagePrice": ""
      }
    }
  },
  {
    "id": "sipahh-straws-variety",
    "brand": "Sipahh",
    "name": "Milk Variety Straws 5 pack",
    "imageUrl": "https://shop.coles.com.au/wcsstore/Coles-CAS/images/5/8/4/5847609-th.jpg",
    "categories": ["drinks"],
    "tags": ["flavoured-milk", "drinks-powders"],
    "locations": {
      "vic": {
        "price": 2.2,
        "promoText": " ",
        "packageSize": "17.5g",
        "packagePrice": "$12.57 per 100G"
      }
    }
  },
  {
    "id": "sustagen-powder-vanilla",
    "brand": "Sustagen",
    "name": "Vanilla Powder",
    "imageUrl": "https://shop.coles.com.au/wcsstore/Coles-CAS/images/3/7/3/3738930-th.jpg",
    "categories": ["drinks"],
    "tags": ["flavoured-milk", "drinks-powders"],
    "locations": {
      "vic": {
        "price": 9.5,
        "promoText": " ",
        "packageSize": "550g",
        "packagePrice": "$1.73 per 100G"
      }
    }
  },
  {
    "id": "lipton-tea-bags-black-tea-116989p",
    "brand": "Lipton",
    "name": "Black Tea Bags",
    "imageUrl": "https://shop.coles.com.au/wcsstore/Coles-CAS/images/1/1/6/116989-th.jpg",
    "categories": ["drinks"],
    "tags": ["tea-drinks", "tea-black"],
    "locations": {
      "vic": {
        "price": 5,
        "promoText": " ",
        "packageSize": "100 Pack",
        "packagePrice": "$0.05 per 1Ea"
      }
    }
  },
  {
    "id": "bushells-blue-label-tea-bags-tea-cup-250154p",
    "brand": "Bushells",
    "name": "Blue LabelBlack Tea Bags",
    "imageUrl": "https://shop.coles.com.au/wcsstore/Coles-CAS/images/2/5/0/250154-th.jpg",
    "categories": ["drinks"],
    "tags": ["tea-drinks", "tea-black"],
    "locations": {
      "vic": {
        "price": 3.5,
        "promoText": " ",
        "packageSize": "100 pack",
        "packagePrice": "$0.04 per 1Ea"
      }
    }
  },
  {
    "id": "twinings-tea-bags-classics-english-breakfast",
    "brand": "Twinings",
    "name": "English Breakfast Tea Bags 100 pack",
    "imageUrl": "https://shop.coles.com.au/wcsstore/Coles-CAS/images/3/0/4/304752-th.jpg",
    "categories": ["drinks"],
    "tags": ["tea-drinks", "tea-black"],
    "locations": {
      "vic": {
        "price": 7.5,
        "promoText": "$3.50 ",
        "packageSize": "200g",
        "packagePrice": "$3.75 per 100G"
      }
    }
  },
  {
    "id": "twinings-tea-bags-classics-irish-breakfast",
    "brand": "Twinings",
    "name": "Irish Breakfast Tea Bags 100 pack",
    "imageUrl": "https://shop.coles.com.au/wcsstore/Coles-CAS/images/8/3/5/83584-th.jpg",
    "categories": ["drinks"],
    "tags": ["tea-drinks", "tea-black"],
    "locations": {
      "vic": {
        "price": 7.5,
        "promoText": "$3.50 ",
        "packageSize": "200g",
        "packagePrice": "$3.75 per 100G"
      }
    }
  },
  {
    "id": "lipton-english-breakfast-tea",
    "brand": "Lipton",
    "name": "English Breakfast Black Tea Bags",
    "imageUrl": "https://shop.coles.com.au/wcsstore/Coles-CAS/images/3/0/8/3081315-th.jpg",
    "categories": ["drinks"],
    "tags": ["tea-drinks", "tea-black"],
    "locations": {
      "vic": {
        "price": 5,
        "promoText": " ",
        "packageSize": "100 pack",
        "packagePrice": "$0.05 per 1Ea"
      }
    }
  },
  {
    "id": "twinings-tea-bags-classics-earl-grey",
    "brand": "Twinings",
    "name": "Earl Grey Tea Bags 100 pack",
    "imageUrl": "https://shop.coles.com.au/wcsstore/Coles-CAS/images/3/0/4/304763-th.jpg",
    "categories": ["drinks"],
    "tags": ["tea-drinks", "tea-black"],
    "locations": {
      "vic": {
        "price": 7.5,
        "promoText": "$3.50 ",
        "packageSize": "200g",
        "packagePrice": "$3.75 per 100G"
      }
    }
  },
  {
    "id": "dilmah-tea-bags-tea-cup",
    "brand": "Dilmah",
    "name": "Pure Ceylon Premium Tea Bags 100 pack",
    "imageUrl": "https://shop.coles.com.au/wcsstore/Coles-CAS/images/4/9/0/490012-th.jpg",
    "categories": ["drinks"],
    "tags": ["tea-drinks", "tea-black"],
    "locations": {
      "vic": {
        "price": 5.1,
        "promoText": " ",
        "packageSize": "200g",
        "packagePrice": "$0.05 per 1Ea"
      }
    }
  },
  {
    "id": "taylors-harrogates-tea-yorkshire-100-pack",
    "brand": "Taylors of Harrogate",
    "name": "Yorkshire Black Tea Bags 100 pack",
    "imageUrl": "https://shop.coles.com.au/wcsstore/Coles-CAS/images/1/4/1/1417368-th.jpg",
    "categories": ["drinks"],
    "tags": ["tea-drinks", "tea-black"],
    "locations": {
      "vic": {
        "price": 5,
        "promoText": " ",
        "packageSize": "220g",
        "packagePrice": "$2.27 per 100G"
      }
    }
  },
  {
    "id": "twinings-classics-tea-bags-english-breakfast-341770p",
    "brand": "Twinings",
    "name": "English Breakfast Tea Bags 10 pack",
    "imageUrl": "https://shop.coles.com.au/wcsstore/Coles-CAS/images/3/4/1/341770-th.jpg",
    "categories": ["drinks"],
    "tags": ["tea-drinks", "tea-black"],
    "locations": {
      "vic": {
        "price": 2,
        "promoText": "$0.70 ",
        "packageSize": "20g",
        "packagePrice": "$10.00 per 100G"
      }
    }
  },
  {
    "id": "twinings-english-breakfast-decaffeinated-2237226p",
    "brand": "Twinings",
    "name": "English Breakfast Decaffeinated Tea Bags 40 pack",
    "imageUrl": "https://shop.coles.com.au/wcsstore/Coles-CAS/images/2/2/3/2237226-th.jpg",
    "categories": ["drinks"],
    "tags": ["tea-drinks", "tea-black"],
    "locations": {
      "vic": {
        "price": 7,
        "promoText": " ",
        "packageSize": "80g",
        "packagePrice": "$8.75 per 100G"
      }
    }
  },
  {
    "id": "twinings-classics-tea-bags-english-breakfast",
    "brand": "Twinings",
    "name": "English Breakfast Tea Bags 50 pack",
    "imageUrl": "https://shop.coles.com.au/wcsstore/Coles-CAS/images/6/8/1/6818989-th.jpg",
    "categories": ["drinks"],
    "tags": ["tea-drinks", "tea-black"],
    "locations": {
      "vic": {
        "price": 7,
        "promoText": " ",
        "packageSize": "100g",
        "packagePrice": "$7.00 per 100G"
      }
    }
  },
  {
    "id": "dilmah-tea-bags-extra-stength",
    "brand": "Dilmah",
    "name": "Pure Ceylon Extra Strength Tea Bags 100 pack",
    "imageUrl": "https://shop.coles.com.au/wcsstore/Coles-CAS/images/9/5/0/9505163-th.jpg",
    "categories": ["drinks"],
    "tags": ["tea-drinks", "tea-black"],
    "locations": {
      "vic": {
        "price": 6.4,
        "promoText": " ",
        "packageSize": "240g",
        "packagePrice": "$2.67 per 100G"
      }
    }
  },
  {
    "id": "t2-french-earl-grey-flavoured-black-tea",
    "brand": "T2",
    "name": "French Earl Grey Flavoured Black Tea Bags 25 pack",
    "imageUrl": "https://shop.coles.com.au/wcsstore/Coles-CAS/images/3/0/7/3079200-th.jpg",
    "categories": ["drinks"],
    "tags": ["tea-drinks", "tea-black"],
    "locations": {
      "vic": {
        "price": 15,
        "promoText": " ",
        "packageSize": "50g",
        "packagePrice": "$30.00 per 100G"
      }
    }
  },
  {
    "id": "twinings-english-breakfast-extra-strong-2236788p",
    "brand": "Twinings",
    "name": "English Breakfast Extra Strong Tea Bags 80 pack",
    "imageUrl": "https://shop.coles.com.au/wcsstore/Coles-CAS/images/2/2/3/2236788-th.jpg",
    "categories": ["drinks"],
    "tags": ["tea-drinks", "tea-black"],
    "locations": {
      "vic": {
        "price": 7.5,
        "promoText": "$3.50 ",
        "packageSize": "200g",
        "packagePrice": "$3.75 per 100G"
      }
    }
  },
  {
    "id": "coles-fair-trade-organic-english-breakfast-tea-bags",
    "brand": "Coles",
    "name": "English Breakfast Tea Bags 50 Pack",
    "imageUrl": "https://shop.coles.com.au/wcsstore/Coles-CAS/images/2/2/3/2236813-th.jpg",
    "categories": ["drinks"],
    "tags": ["tea-drinks", "tea-black"],
    "locations": {
      "vic": {
        "price": 2.2,
        "promoText": " ",
        "packageSize": "100g",
        "packagePrice": "$2.20 per 100G"
      }
    }
  },
  {
    "id": "dilmah-classic-tea-bags-earl-grey-5190945p",
    "brand": "Dilmah",
    "name": "Earl Grey Tea Bags 50 Pack",
    "imageUrl": "https://shop.coles.com.au/wcsstore/Coles-CAS/images/5/1/9/5190945-th.jpg",
    "categories": ["drinks"],
    "tags": ["tea-drinks", "tea-black"],
    "locations": {
      "vic": {
        "price": 5.2,
        "promoText": " ",
        "packageSize": "100 g",
        "packagePrice": "$5.20 per 100G"
      }
    }
  },
  {
    "id": "lipton-tea-bags-intense-extra-strong-4678029p",
    "brand": "Lipton",
    "name": "Intense Extra Strong Black Tea Bags",
    "imageUrl": "https://shop.coles.com.au/wcsstore/Coles-CAS/images/4/6/7/4678029-th.jpg",
    "categories": ["drinks"],
    "tags": ["tea-drinks", "tea-black"],
    "locations": {
      "vic": {
        "price": 6.1,
        "promoText": " ",
        "packageSize": "100 pack",
        "packagePrice": "$0.06 per 1Ea"
      }
    }
  },
  {
    "id": "madura-tea-bags-earl-grey",
    "brand": "Madura",
    "name": "Earl Grey Tea Bags 50 pack",
    "imageUrl": "https://shop.coles.com.au/wcsstore/Coles-CAS/images/5/4/8/5483932-th.jpg",
    "categories": ["drinks"],
    "tags": ["tea-drinks", "tea-black"],
    "locations": {
      "vic": {
        "price": 3.96,
        "promoText": "$0.99 ",
        "packageSize": "100g",
        "packagePrice": "$3.96 per 100G"
      }
    }
  },
  {
    "id": "madura-tea-bags-premium-blend-93646p",
    "brand": "Madura",
    "name": "Premium Blend Tea Bags 50 pack",
    "imageUrl": "https://shop.coles.com.au/wcsstore/Coles-CAS/images/9/3/6/93646-th.jpg",
    "categories": ["drinks"],
    "tags": ["tea-drinks", "tea-black"],
    "locations": {
      "vic": {
        "price": 3.96,
        "promoText": "$0.99 ",
        "packageSize": "100g",
        "packagePrice": "$3.96 per 100G"
      }
    }
  },
  {
    "id": "tetley-tea-bags-decaffeinatted",
    "brand": "Tetley",
    "name": "Decaffeinated Black Tea Bags 100 pack",
    "imageUrl": "https://shop.coles.com.au/wcsstore/Coles-CAS/images/8/9/5/8959948-th.jpg",
    "categories": ["drinks"],
    "tags": ["tea-drinks", "tea-black"],
    "locations": {
      "vic": {
        "price": 6,
        "promoText": "Was $8.00 on Feb 2017 ",
        "packageSize": "185g",
        "packagePrice": "$3.24 per 100G"
      }
    }
  },
  {
    "id": "tetley-extra-strong-tea-bags",
    "brand": "Tetley",
    "name": "Extra Strong Black Tea Bags 100 pack",
    "imageUrl": "https://shop.coles.com.au/wcsstore/Coles-CAS/images/7/7/5/7752194-th.jpg",
    "categories": ["drinks"],
    "tags": ["tea-drinks", "tea-black"],
    "locations": {
      "vic": {
        "price": 4,
        "promoText": "Was $5.29 on Feb 2017 ",
        "packageSize": "200g",
        "packagePrice": "$2.00 per 100G"
      }
    }
  },
  {
    "id": "twinings-classics-tea-bags-earl-grey",
    "brand": "Twinings",
    "name": "Earl Grey Tea Bags 50 pack",
    "imageUrl": "https://shop.coles.com.au/wcsstore/Coles-CAS/images/6/8/2/6822217-th.jpg",
    "categories": ["drinks"],
    "tags": ["tea-drinks", "tea-black"],
    "locations": {
      "vic": {
        "price": 7,
        "promoText": " ",
        "packageSize": "100g",
        "packagePrice": "$7.00 per 100G"
      }
    }
  },
  {
    "id": "coles-string-tea-tea-bags-100-pack",
    "brand": "Coles",
    "name": "Cup Tea Bags 100 Pack",
    "imageUrl": "https://shop.coles.com.au/wcsstore/Coles-CAS/images/2/3/8/2389290-th.jpg",
    "categories": ["drinks"],
    "tags": ["tea-drinks", "tea-black"],
    "locations": {
      "vic": {
        "price": 1.9,
        "promoText": " ",
        "packageSize": "185g",
        "packagePrice": "$1.03 per 100G"
      }
    }
  },
  {
    "id": "lipton-tea-bags-black-116887p",
    "brand": "Lipton",
    "name": "Black Tea Bags",
    "imageUrl": "https://shop.coles.com.au/wcsstore/Coles-CAS/images/1/1/6/116887-th.jpg",
    "categories": ["drinks"],
    "tags": ["tea-drinks", "tea-black"],
    "locations": {
      "vic": {
        "price": 2.2,
        "promoText": " ",
        "packageSize": "25 pack",
        "packagePrice": "$0.09 per 1Ea"
      }
    }
  },
  {
    "id": "madame-flavour-tea-melbourne-morning",
    "brand": "Madame Flavour",
    "name": "Melbourne Morning Blend Black Tea Bags 40 pack",
    "imageUrl": "https://shop.coles.com.au/wcsstore/Coles-CAS/images/3/2/4/3247021-th.jpg",
    "categories": ["drinks"],
    "tags": ["tea-drinks", "tea-black"],
    "locations": {
      "vic": {
        "price": 5.25,
        "promoText": "Was $6.50 on May 2019 ",
        "packageSize": "80g",
        "packagePrice": "$6.56 per 100G"
      }
    }
  },
  {
    "id": "madame-flavour-tea-australian-morning",
    "brand": "Madame Flavour",
    "name": "Australian Morning Blend Black Tea Bags 40 pack",
    "imageUrl": "https://shop.coles.com.au/wcsstore/Coles-CAS/images/3/2/4/3247000-th.jpg",
    "categories": ["drinks"],
    "tags": ["tea-drinks", "tea-black"],
    "locations": {
      "vic": {
        "price": 5.25,
        "promoText": "Was $6.50 on May 2019 ",
        "packageSize": "88g",
        "packagePrice": "$5.97 per 100G"
      }
    }
  },
  {
    "id": "qi-oolong-tea-bags-slim",
    "brand": "Qi",
    "name": "Organic Oolong Slim Tea Bags 20 pack",
    "imageUrl": "https://shop.coles.com.au/wcsstore/Coles-CAS/images/3/2/4/3247837-th.jpg",
    "categories": ["drinks"],
    "tags": ["tea-drinks", "tea-black"],
    "locations": {
      "vic": {
        "price": 5,
        "promoText": " ",
        "packageSize": "32g",
        "packagePrice": "$15.63 per 100G"
      }
    }
  },
  {
    "id": "twinings-classics-tea-bags-earl-grey-341792p",
    "brand": "Twinings",
    "name": "Earl Grey Tea Bags 10 pack",
    "imageUrl": "https://shop.coles.com.au/wcsstore/Coles-CAS/images/3/4/1/341792-th.jpg",
    "categories": ["drinks"],
    "tags": ["tea-drinks", "tea-black"],
    "locations": {
      "vic": {
        "price": 2,
        "promoText": "$0.70 ",
        "packageSize": "20g",
        "packagePrice": "$10.00 per 100G"
      }
    }
  },
  {
    "id": "twinings-classics-tea-bags-lady-grey-9418513p",
    "brand": "Twinings",
    "name": "Classics Lady Grey Tea Bags 50 pack",
    "imageUrl": "https://shop.coles.com.au/wcsstore/Coles-CAS/images/9/4/1/9418513-th.jpg",
    "categories": ["drinks"],
    "tags": ["tea-drinks", "tea-black"],
    "locations": {
      "vic": {
        "price": 7,
        "promoText": " ",
        "packageSize": "100g",
        "packagePrice": "$7.00 per 100G"
      }
    }
  },
  {
    "id": "dilmah-tea-bags-premium",
    "brand": "Dilmah",
    "name": "Pure Ceylon Premium Tea Bags 50 Pack",
    "imageUrl": "https://shop.coles.com.au/wcsstore/Coles-CAS/images/5/0/5/5051177-th.jpg",
    "categories": ["drinks"],
    "tags": ["tea-drinks", "tea-black"],
    "locations": {
      "vic": {
        "price": 3.3,
        "promoText": " ",
        "packageSize": "100g",
        "packagePrice": "$3.30 per 100G"
      }
    }
  },
  {
    "id": "dilmah-tea-bags-tea-cup-extra-stength",
    "brand": "Dilmah",
    "name": "Extra Strength Premium Ceylon Tea Bags 50 Pack",
    "imageUrl": "https://shop.coles.com.au/wcsstore/Coles-CAS/images/9/5/0/9505152-th.jpg",
    "categories": ["drinks"],
    "tags": ["tea-drinks", "tea-black"],
    "locations": {
      "vic": {
        "price": 3.4,
        "promoText": " ",
        "packageSize": "120g",
        "packagePrice": "$2.83 per 100G"
      }
    }
  },
  {
    "id": "madura-tea-bags-premium-blend",
    "brand": "Madura",
    "name": "Premium Blend Tea Bags 100 pack",
    "imageUrl": "https://shop.coles.com.au/wcsstore/Coles-CAS/images/6/0/5/6059243-th.jpg",
    "categories": ["drinks"],
    "tags": ["tea-drinks", "tea-black"],
    "locations": {
      "vic": {
        "price": 8.3,
        "promoText": " ",
        "packageSize": "200g",
        "packagePrice": "$4.15 per 100G"
      }
    }
  },
  {
    "id": "nerada-tea-bags-teacup",
    "brand": "Nerada",
    "name": "Tea Bags 50 pack",
    "imageUrl": "https://shop.coles.com.au/wcsstore/Coles-CAS/images/3/6/2/362781-th.jpg",
    "categories": ["drinks"],
    "tags": ["tea-drinks", "tea-black"],
    "locations": {
      "vic": {
        "price": 2.5,
        "promoText": " ",
        "packageSize": "100g",
        "packagePrice": "$2.50 per 100G"
      }
    }
  },
  {
    "id": "nerada-leaf-tea",
    "brand": "Nerada",
    "name": "Leaf Tea",
    "imageUrl": "https://shop.coles.com.au/wcsstore/Coles-CAS/images/1/4/5/145127-th.jpg",
    "categories": ["drinks"],
    "tags": ["tea-drinks", "tea-black"],
    "locations": {
      "vic": {
        "price": 2.4,
        "promoText": "$0.60 ",
        "packageSize": "250g",
        "packagePrice": "$0.96 per 100G"
      }
    }
  },
  {
    "id": "taylors-of-harrogate-yorkshire-tea-gold",
    "brand": "Taylors Of Harrogate",
    "name": "Yorkshire Gold Tea Bags",
    "imageUrl": "https://shop.coles.com.au/wcsstore/Coles-CAS/images/3/6/3/3638958-th.jpg",
    "categories": ["drinks"],
    "tags": ["tea-drinks", "tea-black"],
    "locations": {
      "vic": {
        "price": 6.5,
        "promoText": " ",
        "packageSize": "100 pack",
        "packagePrice": "$0.07 per 1Ea"
      }
    }
  },
  {
    "id": "tetley-all-rounder-tea-bags",
    "brand": "Tetley",
    "name": "All Rounder Pure Black Tea Bags 200 pack",
    "imageUrl": "https://shop.coles.com.au/wcsstore/Coles-CAS/images/7/7/5/7752060-th.jpg",
    "categories": ["drinks"],
    "tags": ["tea-drinks", "tea-black"],
    "locations": {
      "vic": {
        "price": 6,
        "promoText": "Was $7.50 on Feb 2017 ",
        "packageSize": "400g",
        "packagePrice": "$1.50 per 100G"
      }
    }
  },
  {
    "id": "tetley-tea-bags-teacup",
    "brand": "Tetley",
    "name": "Tea Bags 100 pack",
    "imageUrl": "https://shop.coles.com.au/wcsstore/Coles-CAS/images/1/9/9/199523-th.jpg",
    "categories": ["drinks"],
    "tags": ["tea-drinks", "tea-black"],
    "locations": {
      "vic": {
        "price": 3.3,
        "promoText": "Was $3.35 on Feb 2017 ",
        "packageSize": "180g",
        "packagePrice": "$1.83 per 100G"
      }
    }
  },
  {
    "id": "twinings-tea-bags-australian-afternoon",
    "brand": "Twinings",
    "name": "Australian Afternoon Tea Bags 10 pack",
    "imageUrl": "https://shop.coles.com.au/wcsstore/Coles-CAS/images/8/9/3/8930323-th.jpg",
    "categories": ["drinks"],
    "tags": ["tea-drinks", "tea-black"],
    "locations": {
      "vic": {
        "price": 2,
        "promoText": "$0.70 ",
        "packageSize": "20g",
        "packagePrice": "$10.00 per 100G"
      }
    }
  },
  {
    "id": "twinings-classics-tea-bags-lady-grey",
    "brand": "Twinings",
    "name": "Classics Lady Grey Tea Bags 10 Pack",
    "imageUrl": "https://shop.coles.com.au/wcsstore/Coles-CAS/images/5/9/8/5984257-th.jpg",
    "categories": ["drinks"],
    "tags": ["tea-drinks", "tea-black"],
    "locations": {
      "vic": {
        "price": 2,
        "promoText": "$0.70 ",
        "packageSize": "20g",
        "packagePrice": "$10.00 per 100G"
      }
    }
  },
  {
    "id": "coles-brand-tea-bags-earl-grey-fairtrade-organic",
    "brand": "Coles",
    "name": "Earl Grey Tea Bags 50 Pack",
    "imageUrl": "https://shop.coles.com.au/wcsstore/Coles-CAS/images/7/4/4/7443190-th.jpg",
    "categories": ["drinks"],
    "tags": ["tea-drinks", "tea-black"],
    "locations": {
      "vic": {
        "price": 2.2,
        "promoText": " ",
        "packageSize": "100g",
        "packagePrice": "$2.20 per 100G"
      }
    }
  },
  {
    "id": "dilmah-extra-strength-tea-bags",
    "brand": "Dilmah",
    "name": "Extra Strength Pure Ceylon Bags 200 Pack",
    "imageUrl": "https://shop.coles.com.au/wcsstore/Coles-CAS/images/5/0/5/5059237-th.jpg",
    "categories": ["drinks"],
    "tags": ["tea-drinks", "tea-black"],
    "locations": {
      "vic": {
        "price": 10.9,
        "promoText": " ",
        "packageSize": "480g",
        "packagePrice": "$2.27 per 100G"
      }
    }
  },
  {
    "id": "dilmah-exceptional-rose-with-french-vanilla-tea",
    "brand": "Dilmah",
    "name": "Exceptional Rose With French Vanilla Tea",
    "imageUrl": "https://shop.coles.com.au/wcsstore/Coles-CAS/images/3/7/0/3701329-th.jpg",
    "categories": ["drinks"],
    "tags": ["tea-drinks", "tea-black"],
    "locations": {
      "vic": {
        "price": 4,
        "promoText": " ",
        "packageSize": "20 pack",
        "packagePrice": "$0.20 per 1Ea"
      }
    }
  },
  {
    "id": "madame-flavour-roobios-mint-choc-15pk",
    "brand": "Madame Flavour",
    "name": "Rooibos Mint & Choc Tea Bags 15 pack",
    "imageUrl": "https://shop.coles.com.au/wcsstore/Coles-CAS/images/3/0/5/3055891-th.jpg",
    "categories": ["drinks"],
    "tags": ["tea-drinks", "tea-black"],
    "locations": {
      "vic": {
        "price": 5.8,
        "promoText": " ",
        "packageSize": "30g",
        "packagePrice": "$19.33 per 100G"
      }
    }
  },
  {
    "id": "madura-tea-bags-english-breakfast",
    "brand": "Madura",
    "name": "English Breakfast Tea Bags 50 pack",
    "imageUrl": "https://shop.coles.com.au/wcsstore/Coles-CAS/images/5/4/8/5483943-th.jpg",
    "categories": ["drinks"],
    "tags": ["tea-drinks", "tea-black"],
    "locations": {
      "vic": {
        "price": 3.96,
        "promoText": "$0.99 ",
        "packageSize": "100g",
        "packagePrice": "$3.96 per 100G"
      }
    }
  },
  {
    "id": "nerada-tea-bags-teacup-496507p",
    "brand": "Nerada",
    "name": "Tea Bags 100 pack",
    "imageUrl": "https://shop.coles.com.au/wcsstore/Coles-CAS/images/4/9/6/496507-th.jpg",
    "categories": ["drinks"],
    "tags": ["tea-drinks", "tea-black"],
    "locations": {
      "vic": {
        "price": 4.7,
        "promoText": " ",
        "packageSize": "200g",
        "packagePrice": "$2.35 per 100G"
      }
    }
  },
  {
    "id": "t2-melbourne-breakfast-flavoured-black-tea",
    "brand": "T2",
    "name": "Melbourne Breakfast Flavoured Black Tea Bags 25 pack",
    "imageUrl": "https://shop.coles.com.au/wcsstore/Coles-CAS/images/3/0/7/3079186-th.jpg",
    "categories": ["drinks"],
    "tags": ["tea-drinks", "tea-black"],
    "locations": {
      "vic": {
        "price": 14,
        "promoText": " ",
        "packageSize": "50g",
        "packagePrice": "$28.00 per 100G"
      }
    }
  },
  {
    "id": "taylors-of-harrogate-yorkshire-proper-strong",
    "brand": "Taylors Of Harrogate",
    "name": "Yorkshire Tea Proper Strong",
    "imageUrl": "https://shop.coles.com.au/wcsstore/Coles-CAS/images/3/7/0/3708441-th.jpg",
    "categories": ["drinks"],
    "tags": ["tea-drinks", "tea-black"],
    "locations": {
      "vic": {
        "price": 6,
        "promoText": " ",
        "packageSize": "100 pack",
        "packagePrice": "$6.00 per 100G"
      }
    }
  },
  {
    "id": "twinings-tea-bags-assam-bold-3708725p",
    "brand": "Twining's",
    "name": "Assam Bold Tea Bags",
    "imageUrl": "https://shop.coles.com.au/wcsstore/Coles-CAS/images/3/7/0/3708725-th.jpg",
    "categories": ["drinks"],
    "tags": ["tea-drinks", "tea-black"],
    "locations": {
      "vic": {
        "price": 7,
        "promoText": " ",
        "packageSize": "40 pack",
        "packagePrice": "$0.18 per 1Ea"
      }
    }
  },
  {
    "id": "twinings-tea-bags-russian-caravan",
    "brand": "Twinings",
    "name": "Russian Caravan Tea Bags 10 Pack",
    "imageUrl": "https://shop.coles.com.au/wcsstore/Coles-CAS/images/8/1/1/8116053-th.jpg",
    "categories": ["drinks"],
    "tags": ["tea-drinks", "tea-black"],
    "locations": {
      "vic": {
        "price": 2,
        "promoText": "$0.70 ",
        "packageSize": "20g",
        "packagePrice": "$10.00 per 100G"
      }
    }
  },
  {
    "id": "twinings-tea-bags-morning-2872938p",
    "brand": "Twinings",
    "name": "Morning Tea Bags 100 pack",
    "imageUrl": "https://shop.coles.com.au/wcsstore/Coles-CAS/images/2/8/7/2872938-th.jpg",
    "categories": ["drinks"],
    "tags": ["tea-drinks", "tea-black"],
    "locations": {
      "vic": {
        "price": 7.5,
        "promoText": "$3.50 ",
        "packageSize": "200g",
        "packagePrice": "$3.41 per 100G"
      }
    }
  },
  {
    "id": "bushells-blue-label-tea-bags-extra-strong",
    "brand": "Bushells",
    "name": "Blue Label Extra Strong Black Tea Bags",
    "imageUrl": "https://shop.coles.com.au/wcsstore/Coles-CAS/images/8/9/1/8918394-th.jpg",
    "categories": ["drinks"],
    "tags": ["tea-drinks", "tea-black"],
    "locations": {
      "vic": {
        "price": 4.5,
        "promoText": "Was $5.25 on Dec 2018 ",
        "packageSize": "100 pack",
        "packagePrice": "$0.05 per 1Ea"
      }
    }
  },
  {
    "id": "bushells-blue-label-tea-bags-tea-cup",
    "brand": "Bushells",
    "name": "Blue Label Black Tea Bags",
    "imageUrl": "https://shop.coles.com.au/wcsstore/Coles-CAS/images/1/5/8/158184-th.jpg",
    "categories": ["drinks"],
    "tags": ["tea-drinks", "tea-black"],
    "locations": {
      "vic": {
        "price": 2,
        "promoText": "Was $2.70 on Dec 2018 ",
        "packageSize": "50 pack",
        "packagePrice": "$0.04 per 1Ea"
      }
    }
  },
  {
    "id": "bushells-tea-bags-australian-breakfast-100-pack",
    "brand": "Bushells",
    "name": "Breakfast Tea Bags",
    "imageUrl": "https://shop.coles.com.au/wcsstore/Coles-CAS/images/6/3/6/6369364-th.jpg",
    "categories": ["drinks"],
    "tags": ["tea-drinks", "tea-black"],
    "locations": {
      "vic": {
        "price": 3.5,
        "promoText": " ",
        "packageSize": "100 pack",
        "packagePrice": "$0.04 per 1Ea"
      }
    }
  },
  {
    "id": "coles-fair-trade-organic-green-tea-bags",
    "brand": "Coles",
    "name": "Green Tea Bags 50 Pack",
    "imageUrl": "https://shop.coles.com.au/wcsstore/Coles-CAS/images/2/2/3/2236846-th.jpg",
    "categories": ["drinks"],
    "tags": ["tea-drinks", "tea-black"],
    "locations": {
      "vic": {
        "price": 2.2,
        "promoText": " ",
        "packageSize": "75g",
        "packagePrice": "$2.93 per 100G"
      }
    }
  },
  {
    "id": "coles-fairtrade-pot-tea-bags-100-pack",
    "brand": "Coles",
    "name": "Fairtrade Black Tagless 100 Tea Bags",
    "imageUrl": "https://shop.coles.com.au/wcsstore/Coles-CAS/images/2/3/7/2374216-th.jpg",
    "categories": ["drinks"],
    "tags": ["tea-drinks", "tea-black"],
    "locations": {
      "vic": {
        "price": 1.9,
        "promoText": "Was $2.00 on Jan 2019 ",
        "packageSize": "150g",
        "packagePrice": "$12.67 per 1Kg"
      }
    }
  },
  {
    "id": "dilmah-premium-teacup-tea-bags",
    "brand": "Dilmah",
    "name": "Premium Pure Ceylon Tea Bags 200 pack",
    "imageUrl": "https://shop.coles.com.au/wcsstore/Coles-CAS/images/3/2/4/3248884-th.jpg",
    "categories": ["drinks"],
    "tags": ["tea-drinks", "tea-black"],
    "locations": {
      "vic": {
        "price": 10,
        "promoText": " ",
        "packageSize": "400g",
        "packagePrice": "$2.50 per 100G"
      }
    }
  },
  {
    "id": "dilmah-exceptional-italian-almond-tea",
    "brand": "Dilmah",
    "name": "Exceptional Italian Almond Tea",
    "imageUrl": "https://shop.coles.com.au/wcsstore/Coles-CAS/images/3/7/0/3701282-th.jpg",
    "categories": ["drinks"],
    "tags": ["tea-drinks", "tea-black"],
    "locations": {
      "vic": {
        "price": 4,
        "promoText": " ",
        "packageSize": "20 pack",
        "packagePrice": "$0.20 per 1Ea"
      }
    }
  },
  {
    "id": "madame-flavour-grey-de-luxe",
    "brand": "Madame Flavour",
    "name": "Classic Grey De Luxe Tea Bags 18 pack",
    "imageUrl": "https://shop.coles.com.au/wcsstore/Coles-CAS/images/3/3/1/3311787-th.jpg",
    "categories": ["drinks"],
    "tags": ["tea-drinks", "tea-black"],
    "locations": {
      "vic": {
        "price": 0,
        "promoText": " ",
        "packageSize": "45g",
        "packagePrice": ""
      }
    }
  },
  {
    "id": "madame-flavour-tea-australian-aftr-grey",
    "brand": "Madame Flavour",
    "name": "Afternoon Grey Tea Bags 40 pack",
    "imageUrl": "https://shop.coles.com.au/wcsstore/Coles-CAS/images/3/2/4/3247010-th.jpg",
    "categories": ["drinks"],
    "tags": ["tea-drinks", "tea-black"],
    "locations": {
      "vic": {
        "price": 0,
        "promoText": " ",
        "packageSize": "80g",
        "packagePrice": ""
      }
    }
  },
  {
    "id": "nerada-cup-or-pot--tea-bags",
    "brand": "Nerada",
    "name": "Cup Or Pot Tea Bags 200 pack",
    "imageUrl": "https://shop.coles.com.au/wcsstore/Coles-CAS/images/2/4/3/24304-th.jpg",
    "categories": ["drinks"],
    "tags": ["tea-drinks", "tea-black"],
    "locations": {
      "vic": {
        "price": 5.45,
        "promoText": " ",
        "packageSize": "400g",
        "packagePrice": "$1.36 per 100G"
      }
    }
  },
  {
    "id": "qi-oolong-tea-bags-digestif",
    "brand": "Qi",
    "name": "Wellbeing Green Tea Bags",
    "imageUrl": "https://shop.coles.com.au/wcsstore/Coles-CAS/images/3/2/4/3247848-th.jpg",
    "categories": ["drinks"],
    "tags": ["tea-drinks", "tea-black"],
    "locations": {
      "vic": {
        "price": 5,
        "promoText": " ",
        "packageSize": "32g",
        "packagePrice": "$15.63 per 100G"
      }
    }
  },
  {
    "id": "t2-english-breakfast-black-tea-in-a-bag",
    "brand": "T2",
    "name": "English Breakfast Black Tea Bags 25 pack",
    "imageUrl": "https://shop.coles.com.au/wcsstore/Coles-CAS/images/3/0/7/3079211-th.jpg",
    "categories": ["drinks"],
    "tags": ["tea-drinks", "tea-black"],
    "locations": {
      "vic": {
        "price": 12,
        "promoText": " ",
        "packageSize": "50g",
        "packagePrice": "$24.00 per 100G"
      }
    }
  },
  {
    "id": "t2-melbourne-breakfast",
    "brand": "T2",
    "name": "Melbourne Breakfast",
    "imageUrl": "https://shop.coles.com.au/wcsstore/Coles-CAS/images/3/7/1/3712391-th.jpg",
    "categories": ["drinks"],
    "tags": ["tea-drinks", "tea-black"],
    "locations": {
      "vic": {
        "price": 7,
        "promoText": " ",
        "packageSize": "10 pack",
        "packagePrice": "$0.70 per 1Ea"
      }
    }
  },
  {
    "id": "t2-french-earl-grey",
    "brand": "T2",
    "name": "French Earl Grey",
    "imageUrl": "https://shop.coles.com.au/wcsstore/Coles-CAS/images/3/7/0/3708226-th.jpg",
    "categories": ["drinks"],
    "tags": ["tea-drinks", "tea-black"],
    "locations": {
      "vic": {
        "price": 7,
        "promoText": " ",
        "packageSize": "10 pack",
        "packagePrice": "$0.70 per 1Ea"
      }
    }
  },
  {
    "id": "twinings--tea-bags-assam-bold",
    "brand": "Twinings",
    "name": "Assam Bold Tea Bags 80 pack",
    "imageUrl": "https://shop.coles.com.au/wcsstore/Coles-CAS/images/9/8/9/9896060-th.jpg",
    "categories": ["drinks"],
    "tags": ["tea-drinks", "tea-black"],
    "locations": {
      "vic": {
        "price": 7.5,
        "promoText": "$3.50 ",
        "packageSize": "200g",
        "packagePrice": "$3.75 per 100G"
      }
    }
  },
  {
    "id": "twinings-tea-bags-australian-afternoon-8930039p",
    "brand": "Twinings",
    "name": "Afternoon Tea Bags 100 pack",
    "imageUrl": "https://shop.coles.com.au/wcsstore/Coles-CAS/images/8/9/3/8930039-th.jpg",
    "categories": ["drinks"],
    "tags": ["tea-drinks", "tea-black"],
    "locations": {
      "vic": {
        "price": 7.5,
        "promoText": "$3.50 ",
        "packageSize": "200g",
        "packagePrice": "$3.75 per 100G"
      }
    }
  },
  {
    "id": "twinings-english-breakfast-extra-strong",
    "brand": "Twinings",
    "name": "English Breakfast Extra Strong Tea Bags 10 pack",
    "imageUrl": "https://shop.coles.com.au/wcsstore/Coles-CAS/images/2/2/3/2237190-th.jpg",
    "categories": ["drinks"],
    "tags": ["tea-drinks", "tea-black"],
    "locations": {
      "vic": {
        "price": 2,
        "promoText": "$0.70 ",
        "packageSize": "25g",
        "packagePrice": "$8.00 per 100G"
      }
    }
  },
  {
    "id": "twinings--english-breakfast-extra-strong-tea",
    "brand": "Twinings",
    "name": "English Breakfast Extra Strong Tea",
    "imageUrl": "https://shop.coles.com.au/wcsstore/Coles-CAS/images/2/7/4/2746911-th.jpg",
    "categories": ["drinks"],
    "tags": ["tea-drinks", "tea-black"],
    "locations": {
      "vic": {
        "price": 7,
        "promoText": " ",
        "packageSize": "40 pack",
        "packagePrice": "$7.00 per 100G"
      }
    }
  },
  {
    "id": "twinings-tea-bags-darjeling",
    "brand": "Twinings",
    "name": "Tea Bags Darjeeling",
    "imageUrl": "https://shop.coles.com.au/wcsstore/Coles-CAS/images/3/4/1/341806-th.jpg",
    "categories": ["drinks"],
    "tags": ["tea-drinks", "tea-black"],
    "locations": {
      "vic": {
        "price": 2,
        "promoText": "$0.70 ",
        "packageSize": "10 pack",
        "packagePrice": "$0.20 per 1Ea"
      }
    }
  },
  {
    "id": "lipton-tea-bags-green-9400846p",
    "brand": "Lipton",
    "name": "Pure Green Tea Bags",
    "imageUrl": "https://shop.coles.com.au/wcsstore/Coles-CAS/images/9/4/0/9400846-th.jpg",
    "categories": ["drinks"],
    "tags": ["tea-drinks", "tea-gren"],
    "locations": {
      "vic": {
        "price": 4.9,
        "promoText": " ",
        "packageSize": "50 pack",
        "packagePrice": "$0.10 per 1Ea"
      }
    }
  },
  {
    "id": "lipton-tea-bags-green",
    "brand": "Lipton",
    "name": "Pure Green Tea Bags",
    "imageUrl": "https://shop.coles.com.au/wcsstore/Coles-CAS/images/4/9/1/4915226-th.jpg",
    "categories": ["drinks"],
    "tags": ["tea-drinks", "tea-gren"],
    "locations": {
      "vic": {
        "price": 8.45,
        "promoText": " ",
        "packageSize": "100 pack",
        "packagePrice": "$0.08 per 1Ea"
      }
    }
  },
  {
    "id": "dilmah-ceylon-jasmine-green-tea-20-pack",
    "brand": "Dilmah",
    "name": "Pure Ceylon Jasmine Flavour Green Tea Bags 20 pack",
    "imageUrl": "https://shop.coles.com.au/wcsstore/Coles-CAS/images/2/6/0/2601329-th.jpg",
    "categories": ["drinks"],
    "tags": ["tea-drinks", "tea-gren"],
    "locations": {
      "vic": {
        "price": 3.7,
        "promoText": " ",
        "packageSize": "40g",
        "packagePrice": "$0.19 per 1Ea"
      }
    }
  },
  {
    "id": "lipton-jasmine-green-tea",
    "brand": "Lipton",
    "name": "Jasmine Green Tea Bags",
    "imageUrl": "https://shop.coles.com.au/wcsstore/Coles-CAS/images/2/6/1/2613725-th.jpg",
    "categories": ["drinks"],
    "tags": ["tea-drinks", "tea-gren"],
    "locations": {
      "vic": {
        "price": 5,
        "promoText": " ",
        "packageSize": "40 pack",
        "packagePrice": "$0.13 per 1Ea"
      }
    }
  },
  {
    "id": "twinings-pure-green-tea-bags",
    "brand": "Twinings",
    "name": "Pure Green Tea Bags 100 pack",
    "imageUrl": "https://shop.coles.com.au/wcsstore/Coles-CAS/images/6/8/1/6816666-th.jpg",
    "categories": ["drinks"],
    "tags": ["tea-drinks", "tea-gren"],
    "locations": {
      "vic": {
        "price": 7.5,
        "promoText": "$3.50 ",
        "packageSize": "150g",
        "packagePrice": "$5.00 per 100G"
      }
    }
  },
  {
    "id": "madura-tea-bags-green",
    "brand": "Madura",
    "name": "Green Tea Bags 50 pack",
    "imageUrl": "https://shop.coles.com.au/wcsstore/Coles-CAS/images/5/1/9/5195712-th.jpg",
    "categories": ["drinks"],
    "tags": ["tea-drinks", "tea-gren"],
    "locations": {
      "vic": {
        "price": 3.64,
        "promoText": "$0.91 ",
        "packageSize": "75g",
        "packagePrice": "$4.85 per 100G"
      }
    }
  },
  {
    "id": "nerada-organic-tea-bags-green",
    "brand": "Nerada",
    "name": "Organics Pure Green Tea Bags 50 pack",
    "imageUrl": "https://shop.coles.com.au/wcsstore/Coles-CAS/images/6/3/8/6384164-th.jpg",
    "categories": ["drinks"],
    "tags": ["tea-drinks", "tea-gren"],
    "locations": {
      "vic": {
        "price": 3.3,
        "promoText": "$0.95 ",
        "packageSize": "75g",
        "packagePrice": "$4.40 per 100G"
      }
    }
  },
  {
    "id": "lipton-green-tea-lemon",
    "brand": "Lipton",
    "name": "Lemon Flavoured Green Tea Bag",
    "imageUrl": "https://shop.coles.com.au/wcsstore/Coles-CAS/images/3/0/8/3081235-th.jpg",
    "categories": ["drinks"],
    "tags": ["tea-drinks", "tea-gren"],
    "locations": {
      "vic": {
        "price": 5,
        "promoText": " ",
        "packageSize": "40 pack",
        "packagePrice": "$0.13 per 1Ea"
      }
    }
  },
  {
    "id": "tetley-tea-bags-green-decafinated",
    "brand": "Tetley",
    "name": "Decaffeinated Green Tea Bags 50 pack",
    "imageUrl": "https://shop.coles.com.au/wcsstore/Coles-CAS/images/6/3/6/6369740-th.jpg",
    "categories": ["drinks"],
    "tags": ["tea-drinks", "tea-gren"],
    "locations": {
      "vic": {
        "price": 4.2,
        "promoText": " ",
        "packageSize": "87.5g",
        "packagePrice": "$4.80 per 100G"
      }
    }
  },
  {
    "id": "ito-en-matcha-green-tea-traditional",
    "brand": "Ito En",
    "name": "Matcha Traditional Green Tea Bags 20 Pack",
    "imageUrl": "https://shop.coles.com.au/wcsstore/Coles-CAS/images/3/2/4/3247291-th.jpg",
    "categories": ["drinks"],
    "tags": ["tea-drinks", "tea-gren"],
    "locations": {
      "vic": {
        "price": 6,
        "promoText": " ",
        "packageSize": "30g",
        "packagePrice": "$20.00 per 100G"
      }
    }
  },
  {
    "id": "lipton-brilliant-mint-green-tea",
    "brand": "Lipton",
    "name": "Mint Green Tea Bags",
    "imageUrl": "https://shop.coles.com.au/wcsstore/Coles-CAS/images/2/6/1/2613736-th.jpg",
    "categories": ["drinks"],
    "tags": ["tea-drinks", "tea-gren"],
    "locations": {
      "vic": {
        "price": 5,
        "promoText": " ",
        "packageSize": "40 pack",
        "packagePrice": "$0.13 per 1Ea"
      }
    }
  },
  {
    "id": "twinings-tea-bags-pure-green",
    "brand": "Twinings",
    "name": "Pure Green Tea Bags 50 pack",
    "imageUrl": "https://shop.coles.com.au/wcsstore/Coles-CAS/images/5/8/2/5823291-th.jpg",
    "categories": ["drinks"],
    "tags": ["tea-drinks", "tea-gren"],
    "locations": {
      "vic": {
        "price": 7,
        "promoText": " ",
        "packageSize": "100g",
        "packagePrice": "$7.00 per 100G"
      }
    }
  },
  {
    "id": "dilmah-ceylon-pure-green-tea-20-pack",
    "brand": "Dilmah",
    "name": "Pure Ceylon Green Tea Bags 20 pack",
    "imageUrl": "https://shop.coles.com.au/wcsstore/Coles-CAS/images/2/6/0/2601318-th.jpg",
    "categories": ["drinks"],
    "tags": ["tea-drinks", "tea-gren"],
    "locations": {
      "vic": {
        "price": 3.7,
        "promoText": " ",
        "packageSize": "40g",
        "packagePrice": "$0.19 per 1Ea"
      }
    }
  },
  {
    "id": "higher-living-gren-tea-chai",
    "brand": "Higher Living",
    "name": "Green Tea Chai",
    "imageUrl": "https://shop.coles.com.au/wcsstore/Coles-CAS/images/3/7/0/3708929-th.jpg",
    "categories": ["drinks"],
    "tags": ["tea-drinks", "tea-gren"],
    "locations": {
      "vic": {
        "price": 3.7,
        "promoText": " ",
        "packageSize": "20 pack",
        "packagePrice": "$0.19 per 1Ea"
      }
    }
  },
  {
    "id": "madame-flavour-tea-bags-green-jasmine--pear-18-pack",
    "brand": "Madame Flavour",
    "name": "Green Jasmine & Pear Tea Bags18 pack",
    "imageUrl": "https://shop.coles.com.au/wcsstore/Coles-CAS/images/7/4/8/7488653-th.jpg",
    "categories": ["drinks"],
    "tags": ["tea-drinks", "tea-gren"],
    "locations": {
      "vic": {
        "price": 5.8,
        "promoText": " ",
        "packageSize": "36g",
        "packagePrice": "$16.11 per 100G"
      }
    }
  },
  {
    "id": "qi-organic-green-detox-tea-bags-25-pack",
    "brand": "Qi",
    "name": "Organic Detox Green Tea Bags 25 pack",
    "imageUrl": "https://shop.coles.com.au/wcsstore/Coles-CAS/images/2/2/3/2236744-th.jpg",
    "categories": ["drinks"],
    "tags": ["tea-drinks", "tea-gren"],
    "locations": {
      "vic": {
        "price": 5,
        "promoText": " ",
        "packageSize": "40g",
        "packagePrice": "$0.20 per 1Ea"
      }
    }
  },
  {
    "id": "tetley-green-natural-tea-bags",
    "brand": "Tetley",
    "name": "Natural Green Tea Bags 50 pack",
    "imageUrl": "https://shop.coles.com.au/wcsstore/Coles-CAS/images/6/0/5/6058900-th.jpg",
    "categories": ["drinks"],
    "tags": ["tea-drinks", "tea-gren"],
    "locations": {
      "vic": {
        "price": 4.1,
        "promoText": " ",
        "packageSize": "60g",
        "packagePrice": "$6.83 per 100G"
      }
    }
  },
  {
    "id": "twinings-tea-bags-gren-tea-jasmine",
    "brand": "Twining's",
    "name": "Green Tea & Jasmine Tea Bags",
    "imageUrl": "https://shop.coles.com.au/wcsstore/Coles-CAS/images/3/7/0/3708780-th.jpg",
    "categories": ["drinks"],
    "tags": ["tea-drinks", "tea-gren"],
    "locations": {
      "vic": {
        "price": 2,
        "promoText": "$0.70 ",
        "packageSize": "10 pack",
        "packagePrice": "$0.20 per 1Ea"
      }
    }
  },
  {
    "id": "ito-en-matcha-green-tea-jasmine",
    "brand": "Ito En",
    "name": "Matcha Jasmine Green Tea Bags 20 Pack",
    "imageUrl": "https://shop.coles.com.au/wcsstore/Coles-CAS/images/3/2/4/3247280-th.jpg",
    "categories": ["drinks"],
    "tags": ["tea-drinks", "tea-gren"],
    "locations": {
      "vic": {
        "price": 6,
        "promoText": " ",
        "packageSize": "30g",
        "packagePrice": "$20.00 per 100G"
      }
    }
  },
  {
    "id": "ito-en-matcha-gren-tea-swet-matcha",
    "brand": "Ito En",
    "name": "Matcha Green Tea Sweet Matcha",
    "imageUrl": "https://shop.coles.com.au/wcsstore/Coles-CAS/images/3/7/0/3702730-th.jpg",
    "categories": ["drinks"],
    "tags": ["tea-drinks", "tea-gren"],
    "locations": {
      "vic": {
        "price": 8.8,
        "promoText": " ",
        "packageSize": "10 pack",
        "packagePrice": "$0.88 per 1Ea"
      }
    }
  },
  {
    "id": "t2-gorgeous-geisha-flavrd-green-tea-in-a-bag",
    "brand": "T2",
    "name": "Gorgeous Geisha Flavoured Green Tea Bags 25 pack",
    "imageUrl": "https://shop.coles.com.au/wcsstore/Coles-CAS/images/3/0/8/3081304-th.jpg",
    "categories": ["drinks"],
    "tags": ["tea-drinks", "tea-gren"],
    "locations": {
      "vic": {
        "price": 16,
        "promoText": " ",
        "packageSize": "50g",
        "packagePrice": "$32.00 per 100G"
      }
    }
  },
  {
    "id": "ti-ora-herbal-infu-cmile-lemon-honey-teabags",
    "brand": "Ti Ora",
    "name": "Camomile With Lemon Honey & Manuka Leaf Herbal Infusion Teabags 15 pack",
    "imageUrl": "https://shop.coles.com.au/wcsstore/Coles-CAS/images/3/4/5/3455517-th.jpg",
    "categories": ["drinks"],
    "tags": ["tea-drinks", "tea-gren"],
    "locations": {
      "vic": {
        "price": 4,
        "promoText": "$2.00 ",
        "packageSize": "19.5g",
        "packagePrice": "$0.27 per 1Ea"
      }
    }
  },
  {
    "id": "ti-ora-green-tea-ginger-lemongrass-teabags",
    "brand": "Ti Ora",
    "name": "Green Tea With Ginger Lemongrass & Kawakawa 15 Tea Bags",
    "imageUrl": "https://shop.coles.com.au/wcsstore/Coles-CAS/images/3/4/5/3452563-th.jpg",
    "categories": ["drinks"],
    "tags": ["tea-drinks", "tea-gren"],
    "locations": {
      "vic": {
        "price": 4,
        "promoText": "$2.00 ",
        "packageSize": "27g",
        "packagePrice": "$1.48 per 10G"
      }
    }
  },
  {
    "id": "ti-ora-green-tea-peach-passionfruit-teabags",
    "brand": "Ti Ora",
    "name": "Green Tea With Peach & Passionfruit Kawakawa 15 Teabags",
    "imageUrl": "https://shop.coles.com.au/wcsstore/Coles-CAS/images/3/4/5/3452552-th.jpg",
    "categories": ["drinks"],
    "tags": ["tea-drinks", "tea-gren"],
    "locations": {
      "vic": {
        "price": 4,
        "promoText": "$2.00 ",
        "packageSize": "33g",
        "packagePrice": "$0.27 per 1Ea"
      }
    }
  },
  {
    "id": "ti-ora-gren-tea-pomegrnt-strawberry-w-kawakawa",
    "brand": "Ti Ora",
    "name": "Green Tea Pomegranate & Strawberry With Kawakawa",
    "imageUrl": "https://shop.coles.com.au/wcsstore/Coles-CAS/images/3/7/0/3702106-th.jpg",
    "categories": ["drinks"],
    "tags": ["tea-drinks", "tea-gren"],
    "locations": {
      "vic": {
        "price": 4,
        "promoText": "$2.00 ",
        "packageSize": "15 pack",
        "packagePrice": "$0.27 per 1Ea"
      }
    }
  },
  {
    "id": "twinings-tea-bags-java-green",
    "brand": "Twinings",
    "name": "Pure Green Tea Bags 10 pack",
    "imageUrl": "https://shop.coles.com.au/wcsstore/Coles-CAS/images/7/1/2/7127440-th.jpg",
    "categories": ["drinks"],
    "tags": ["tea-drinks", "tea-gren"],
    "locations": {
      "vic": {
        "price": 2,
        "promoText": "$0.70 ",
        "packageSize": "15g",
        "packagePrice": "$13.33 per 100G"
      }
    }
  },
  {
    "id": "twinings-tea-bags-green-tea-lemon",
    "brand": "Twinings",
    "name": "Lemon Flavour Green Tea Bags 10 Pack",
    "imageUrl": "https://shop.coles.com.au/wcsstore/Coles-CAS/images/4/7/6/4760120-th.jpg",
    "categories": ["drinks"],
    "tags": ["tea-drinks", "tea-gren"],
    "locations": {
      "vic": {
        "price": 2,
        "promoText": "$0.70 ",
        "packageSize": "20g",
        "packagePrice": "$10.00 per 100G"
      }
    }
  },
  {
    "id": "twinings-tea-bags-green-tea-lemon-5060746p",
    "brand": "Twinings",
    "name": "Lemon Green Tea Bags 50 pack",
    "imageUrl": "https://shop.coles.com.au/wcsstore/Coles-CAS/images/5/0/6/5060746-th.jpg",
    "categories": ["drinks"],
    "tags": ["tea-drinks", "tea-gren"],
    "locations": {
      "vic": {
        "price": 7,
        "promoText": " ",
        "packageSize": "100g",
        "packagePrice": "$7.00 per 100G"
      }
    }
  },
  {
    "id": "lotus-peak-tea-bags-white",
    "brand": "Lotus Peak",
    "name": "White Tea Bags 25 pack",
    "imageUrl": "https://shop.coles.com.au/wcsstore/Coles-CAS/images/4/7/6/4760990-th.jpg",
    "categories": ["drinks"],
    "tags": ["tea-drinks", "tea-white"],
    "locations": {
      "vic": {
        "price": 3.5,
        "promoText": " ",
        "packageSize": "50g",
        "packagePrice": "$7.00 per 100G"
      }
    }
  },
  {
    "id": "lipton-chai-latte-stick-sachets",
    "brand": "Lipton",
    "name": "Classic Chai Latte Sachets 16 Pack",
    "imageUrl": "https://shop.coles.com.au/wcsstore/Coles-CAS/images/8/1/5/8150969-th.jpg",
    "categories": ["drinks"],
    "tags": ["tea-drinks", "tea-chai"],
    "locations": {
      "vic": {
        "price": 9.5,
        "promoText": " ",
        "packageSize": "370g",
        "packagePrice": "$2.57 per 100G"
      }
    }
  },
  {
    "id": "lipton-chai-latte-drink-vanilla",
    "brand": "Lipton",
    "name": "Vanilla Chai Latte Sachets 8 pack",
    "imageUrl": "https://shop.coles.com.au/wcsstore/Coles-CAS/images/4/9/6/4965847-th.jpg",
    "categories": ["drinks"],
    "tags": ["tea-drinks", "tea-chai"],
    "locations": {
      "vic": {
        "price": 7,
        "promoText": " ",
        "packageSize": "185g",
        "packagePrice": "$3.78 per 100G"
      }
    }
  },
  {
    "id": "twinings-origins-tea-bags-chai-vanilla",
    "brand": "Twinings",
    "name": "Chai & Vanilla Tea Bags 10 pack",
    "imageUrl": "https://shop.coles.com.au/wcsstore/Coles-CAS/images/5/0/6/5060666-th.jpg",
    "categories": ["drinks"],
    "tags": ["tea-drinks", "tea-chai"],
    "locations": {
      "vic": {
        "price": 2,
        "promoText": "$0.70 ",
        "packageSize": "20g",
        "packagePrice": "$10.00 per 100G"
      }
    }
  },
  {
    "id": "arkadia-tea-chai-vanilla",
    "brand": "Arkadia",
    "name": "Vanilla Chai Tea",
    "imageUrl": "https://shop.coles.com.au/wcsstore/Coles-CAS/images/7/4/9/7490178-th.jpg",
    "categories": ["drinks"],
    "tags": ["tea-drinks", "tea-chai"],
    "locations": {
      "vic": {
        "price": 6.5,
        "promoText": " ",
        "packageSize": "240g",
        "packagePrice": "$2.71 per 100G"
      }
    }
  },
  {
    "id": "arkadia-tea-chai-spice",
    "brand": "Arkadia",
    "name": "Spice Chai Tea",
    "imageUrl": "https://shop.coles.com.au/wcsstore/Coles-CAS/images/7/4/9/7490189-th.jpg",
    "categories": ["drinks"],
    "tags": ["tea-drinks", "tea-chai"],
    "locations": {
      "vic": {
        "price": 6.5,
        "promoText": " ",
        "packageSize": "240g",
        "packagePrice": "$2.71 per 100G"
      }
    }
  },
  {
    "id": "twinings-tea-bags-vanilla-chai",
    "brand": "Twining's",
    "name": "Vanilla Chai Tea Bags",
    "imageUrl": "https://shop.coles.com.au/wcsstore/Coles-CAS/images/3/7/0/3708645-th.jpg",
    "categories": ["drinks"],
    "tags": ["tea-drinks", "tea-chai"],
    "locations": {
      "vic": {
        "price": 7.5,
        "promoText": "$3.50 ",
        "packageSize": "80 pack",
        "packagePrice": "$0.09 per 1Ea"
      }
    }
  },
  {
    "id": "arkadia-chai-spice-tea-sachets",
    "brand": "Arkadia",
    "name": "Spice Chai Tea Sachets 20 pack",
    "imageUrl": "https://shop.coles.com.au/wcsstore/Coles-CAS/images/3/4/5/3452610-th.jpg",
    "categories": ["drinks"],
    "tags": ["tea-drinks", "tea-chai"],
    "locations": {
      "vic": {
        "price": 13,
        "promoText": " ",
        "packageSize": "400g",
        "packagePrice": "$3.25 per 100G"
      }
    }
  },
  {
    "id": "arkadia-chai-tea-no-added-sugar",
    "brand": "Arkadia",
    "name": "Chai Tea Low Sugar",
    "imageUrl": "https://shop.coles.com.au/wcsstore/Coles-CAS/images/3/7/0/3703754-th.jpg",
    "categories": ["drinks"],
    "tags": ["tea-drinks", "tea-chai"],
    "locations": {
      "vic": {
        "price": 6.5,
        "promoText": " ",
        "packageSize": "240g",
        "packagePrice": "$2.71 per 100G"
      }
    }
  },
  {
    "id": "celestial-seasonings-bengal-spice-tea",
    "brand": "Celestial Seasonings",
    "name": "Bengal Spice Tea Bags 20 pack",
    "imageUrl": "https://shop.coles.com.au/wcsstore/Coles-CAS/images/2/6/0/2601566-th.jpg",
    "categories": ["drinks"],
    "tags": ["tea-drinks", "tea-chai"],
    "locations": {
      "vic": {
        "price": 4.2,
        "promoText": " ",
        "packageSize": "47g",
        "packagePrice": "$0.21 per 1Ea"
      }
    }
  },
  {
    "id": "lipton-tea-bags-chai",
    "brand": "Lipton",
    "name": "Chai Black Tea With Exotic Spices Tea Bags",
    "imageUrl": "https://shop.coles.com.au/wcsstore/Coles-CAS/images/4/6/8/4686118-th.jpg",
    "categories": ["drinks"],
    "tags": ["tea-drinks", "tea-chai"],
    "locations": {
      "vic": {
        "price": 4.9,
        "promoText": " ",
        "packageSize": "20 pack",
        "packagePrice": "$0.25 per 1Ea"
      }
    }
  },
  {
    "id": "nerada-organic-tea-bags-chai",
    "brand": "Nerada",
    "name": "Organics Pure Chai Tea Bags 50 pack",
    "imageUrl": "https://shop.coles.com.au/wcsstore/Coles-CAS/images/6/3/7/6378161-th.jpg",
    "categories": ["drinks"],
    "tags": ["tea-drinks", "tea-chai"],
    "locations": {
      "vic": {
        "price": 4.7,
        "promoText": " ",
        "packageSize": "92.5g",
        "packagePrice": "$5.08 per 100G"
      }
    }
  },
  {
    "id": "arkadia-chai-tea-vegan",
    "brand": "Arkadia",
    "name": "Vegan Chai Tea",
    "imageUrl": "https://shop.coles.com.au/wcsstore/Coles-CAS/images/3/7/3/3736414-th.jpg",
    "categories": ["drinks"],
    "tags": ["tea-drinks", "tea-chai"],
    "locations": {
      "vic": {
        "price": 6.5,
        "promoText": " ",
        "packageSize": "240g",
        "packagePrice": "$2.71 per 100G"
      }
    }
  },
  {
    "id": "coles-chai-latte",
    "brand": "Coles",
    "name": "Chai Latte 10 Sachets",
    "imageUrl": "https://shop.coles.com.au/wcsstore/Coles-CAS/images/3/6/4/3640687-th.jpg",
    "categories": ["drinks"],
    "tags": ["tea-drinks", "tea-chai"],
    "locations": {
      "vic": {
        "price": 3.25,
        "promoText": " ",
        "packageSize": "250g",
        "packagePrice": "$1.30 per 100G"
      }
    }
  },
  {
    "id": "tetley-chai-latte-classic",
    "brand": "Tetley",
    "name": "Classic Chai Latte Tea Sachets 8 pack",
    "imageUrl": "https://shop.coles.com.au/wcsstore/Coles-CAS/images/8/7/9/8797573-th.jpg",
    "categories": ["drinks"],
    "tags": ["tea-drinks", "tea-chai"],
    "locations": {
      "vic": {
        "price": 4.95,
        "promoText": "Was $6.00 on Jul 2019 ",
        "packageSize": "200g",
        "packagePrice": "$2.48 per 100G"
      }
    }
  },
  {
    "id": "just-rooibos-tea-bags-african",
    "brand": "Just Rooibos",
    "name": "African Tea Bags 40 pack",
    "imageUrl": "https://shop.coles.com.au/wcsstore/Coles-CAS/images/9/1/6/9161122-th.jpg",
    "categories": ["drinks"],
    "tags": ["tea-drinks", "tea-organic"],
    "locations": {
      "vic": {
        "price": 6,
        "promoText": " ",
        "packageSize": "100g",
        "packagePrice": "$6.00 per 100G"
      }
    }
  },
  {
    "id": "nerada-organic-tea-bags-rooibos-vanilla",
    "brand": "Nerada",
    "name": "Organics Rooibos & Vanilla Flavour Tea Bags 50 pack",
    "imageUrl": "https://shop.coles.com.au/wcsstore/Coles-CAS/images/6/3/7/6378616-th.jpg",
    "categories": ["drinks"],
    "tags": ["tea-drinks", "tea-organic"],
    "locations": {
      "vic": {
        "price": 4.7,
        "promoText": " ",
        "packageSize": "92g",
        "packagePrice": "$5.22 per 100G"
      }
    }
  },
  {
    "id": "dilmah-infusions-rooibos-tea-gngr-pepprmnt",
    "brand": "Dilmah",
    "name": "Ginger & Peppermint Tea Bags 20 Pack",
    "imageUrl": "https://shop.coles.com.au/wcsstore/Coles-CAS/images/3/2/4/3247495-th.jpg",
    "categories": ["drinks"],
    "tags": ["tea-drinks", "tea-organic"],
    "locations": {
      "vic": {
        "price": 3.7,
        "promoText": " ",
        "packageSize": "40g",
        "packagePrice": "$0.19 per 1Ea"
      }
    }
  },
  {
    "id": "dilmah-infusions-roibos-tea-mrnga-chil-coco-carda",
    "brand": "Dilmah",
    "name": "Infusions Rooibos Tea With Maringa Chilli Cocoa & Cardamom",
    "imageUrl": "https://shop.coles.com.au/wcsstore/Coles-CAS/images/3/7/4/3740182-th.jpg",
    "categories": ["drinks"],
    "tags": ["tea-drinks", "tea-organic"],
    "locations": {
      "vic": {
        "price": 3.7,
        "promoText": " ",
        "packageSize": "20 pack",
        "packagePrice": "$0.19 per 1Ea"
      }
    }
  },
  {
    "id": "dilmah-infusions-rooibos-tea-tumrc-cinmn-ging-ntmg",
    "brand": "Dilmah",
    "name": "Caffeine Free Rooibos Cinnamon, Turmeric, Ginger & Nutmeg Tea Bags 20 pack",
    "imageUrl": "https://shop.coles.com.au/wcsstore/Coles-CAS/images/3/2/4/3247451-th.jpg",
    "categories": ["drinks"],
    "tags": ["tea-drinks", "tea-organic"],
    "locations": {
      "vic": {
        "price": 3.7,
        "promoText": " ",
        "packageSize": "40g",
        "packagePrice": "$0.19 per 1Ea"
      }
    }
  },
  {
    "id": "higher-living-organic-roibos",
    "brand": "Higher Living",
    "name": "Organic Rooibos",
    "imageUrl": "https://shop.coles.com.au/wcsstore/Coles-CAS/images/3/7/0/3708930-th.jpg",
    "categories": ["drinks"],
    "tags": ["tea-drinks", "tea-organic"],
    "locations": {
      "vic": {
        "price": 5,
        "promoText": " ",
        "packageSize": "40 pack",
        "packagePrice": "$0.13 per 1Ea"
      }
    }
  },
  {
    "id": "twinings-tea-bags-pure-african-roibos",
    "brand": "Twining's",
    "name": "Pure African Rooibos Tea Bags",
    "imageUrl": "https://shop.coles.com.au/wcsstore/Coles-CAS/images/3/7/0/3708805-th.jpg",
    "categories": ["drinks"],
    "tags": ["tea-drinks", "tea-organic"],
    "locations": {
      "vic": {
        "price": 7,
        "promoText": " ",
        "packageSize": "40 pack",
        "packagePrice": "$0.18 per 1Ea"
      }
    }
  },
  {
    "id": "pukka-tea-night-time",
    "brand": "Pukka",
    "name": "Night Time Tea Sachets 20 pack",
    "imageUrl": "https://shop.coles.com.au/wcsstore/Coles-CAS/images/3/2/4/3248771-th.jpg",
    "categories": ["drinks"],
    "tags": ["tea-drinks", "tea-herbal"],
    "locations": {
      "vic": {
        "price": 7.5,
        "promoText": " ",
        "packageSize": "20g",
        "packagePrice": "$0.38 per 1Ea"
      }
    }
  },
  {
    "id": "pukka-tea-three-mint",
    "brand": "Pukka",
    "name": "Three Mint Herbal Tea Sachets 20 pack",
    "imageUrl": "https://shop.coles.com.au/wcsstore/Coles-CAS/images/3/2/4/3248807-th.jpg",
    "categories": ["drinks"],
    "tags": ["tea-drinks", "tea-herbal"],
    "locations": {
      "vic": {
        "price": 7.5,
        "promoText": " ",
        "packageSize": "32g",
        "packagePrice": "$0.38 per 1Ea"
      }
    }
  },
  {
    "id": "twinings-herbal-infusion-tea-bags-pure-peppermint",
    "brand": "Twinings",
    "name": "Pure Peppermint Tea Bags 80 pack",
    "imageUrl": "https://shop.coles.com.au/wcsstore/Coles-CAS/images/7/4/8/7488100-th.jpg",
    "categories": ["drinks"],
    "tags": ["tea-drinks", "tea-herbal"],
    "locations": {
      "vic": {
        "price": 7.5,
        "promoText": "$3.50 ",
        "packageSize": "160g",
        "packagePrice": "$4.69 per 100G"
      }
    }
  },
  {
    "id": "nerada-organic-lemon-ginger-tea-bags",
    "brand": "Nerada",
    "name": "Organic Lemon & Ginger Tea Bags 40 pack",
    "imageUrl": "https://shop.coles.com.au/wcsstore/Coles-CAS/images/1/4/1/1412954-th.jpg",
    "categories": ["drinks"],
    "tags": ["tea-drinks", "tea-herbal"],
    "locations": {
      "vic": {
        "price": 5,
        "promoText": " ",
        "packageSize": "60g",
        "packagePrice": "$0.08 per 1G"
      }
    }
  },
  {
    "id": "twinings-herbal-infusion-tea-bags-camomile--honey-vanilla",
    "brand": "Twinings",
    "name": "Caffeine Free Camomile, Honey & Vanilla Flavoured Herbal Infusions Tea Bags 10 Serve",
    "imageUrl": "https://shop.coles.com.au/wcsstore/Coles-CAS/images/8/7/2/8729551-th.jpg",
    "categories": ["drinks"],
    "tags": ["tea-drinks", "tea-herbal"],
    "locations": {
      "vic": {
        "price": 2,
        "promoText": "$0.70 ",
        "packageSize": "15g",
        "packagePrice": "$13.33 per 100G"
      }
    }
  },
  {
    "id": "twinings-infusions-lemon-ginger",
    "brand": "Twinings",
    "name": "Lemon & Ginger Infusions Tea Bags 80 pack",
    "imageUrl": "https://shop.coles.com.au/wcsstore/Coles-CAS/images/2/2/4/2245563-th.jpg",
    "categories": ["drinks"],
    "tags": ["tea-drinks", "tea-herbal"],
    "locations": {
      "vic": {
        "price": 7.5,
        "promoText": "$3.50 ",
        "packageSize": "120g",
        "packagePrice": "$6.25 per 100G"
      }
    }
  },
  {
    "id": "twinings-infusions-pure-peppermint-tea-bags",
    "brand": "Twinings",
    "name": "Pure Peppermint Herbal Infusions Tea Bags 40 pack",
    "imageUrl": "https://shop.coles.com.au/wcsstore/Coles-CAS/images/6/8/1/6811254-th.jpg",
    "categories": ["drinks"],
    "tags": ["tea-drinks", "tea-herbal"],
    "locations": {
      "vic": {
        "price": 7,
        "promoText": " ",
        "packageSize": "80g",
        "packagePrice": "$8.75 per 100G"
      }
    }
  },
  {
    "id": "twinings-herbal-infusions-tea-bags-lemon-ginger",
    "brand": "Twinings",
    "name": "Lemon & Ginger Herbal Infusions Tea Bags 10 pack",
    "imageUrl": "https://shop.coles.com.au/wcsstore/Coles-CAS/images/5/9/8/5984870-th.jpg",
    "categories": ["drinks"],
    "tags": ["tea-drinks", "tea-herbal"],
    "locations": {
      "vic": {
        "price": 2,
        "promoText": "$0.70 ",
        "packageSize": "15g",
        "packagePrice": "$13.33 per 100G"
      }
    }
  },
  {
    "id": "twinings-herbal-infusions-camomile-tea-bags-2469480p",
    "brand": "Twinings",
    "name": "Herbal Infusions Camomile Tea Bags",
    "imageUrl": "https://shop.coles.com.au/wcsstore/Coles-CAS/images/2/4/6/2469480-th.jpg",
    "categories": ["drinks"],
    "tags": ["tea-drinks", "tea-herbal"],
    "locations": {
      "vic": {
        "price": 2,
        "promoText": "$0.70 ",
        "packageSize": "10 pack",
        "packagePrice": "$16.67 per 100G"
      }
    }
  },
  {
    "id": "twinings-herbal-infusions-camomile-tea-bags-2471325p",
    "brand": "Twinings",
    "name": "Pure Camomile Infusions Tea Bags 80 pack",
    "imageUrl": "https://shop.coles.com.au/wcsstore/Coles-CAS/images/2/4/7/2471325-th.jpg",
    "categories": ["drinks"],
    "tags": ["tea-drinks", "tea-herbal"],
    "locations": {
      "vic": {
        "price": 7.5,
        "promoText": "$3.50 ",
        "packageSize": "120g",
        "packagePrice": "$6.25 per 100G"
      }
    }
  },
  {
    "id": "twinings-herbal-infusions-tea-bags-ginger-apple",
    "brand": "Twinings",
    "name": "Caffeine Free Ginger & Apple Flavour Herbal Infusions Tea Bags 10 pack",
    "imageUrl": "https://shop.coles.com.au/wcsstore/Coles-CAS/images/2/3/8/2384526-th.jpg",
    "categories": ["drinks"],
    "tags": ["tea-drinks", "tea-herbal"],
    "locations": {
      "vic": {
        "price": 2,
        "promoText": "$0.70 ",
        "packageSize": "20g",
        "packagePrice": "$10.00 per 100G"
      }
    }
  },
  {
    "id": "higher-living-licorice-tea-bags",
    "brand": "Higher Living",
    "name": "Organic Sweet Dreams Tea Bags 15 pack",
    "imageUrl": "https://shop.coles.com.au/wcsstore/Coles-CAS/images/1/7/6/1768679-th.jpg",
    "categories": ["drinks"],
    "tags": ["tea-drinks", "tea-herbal"],
    "locations": {
      "vic": {
        "price": 3.7,
        "promoText": " ",
        "packageSize": "26g",
        "packagePrice": "$0.25 per 1Ea"
      }
    }
  },
  {
    "id": "t2-just-peppermint-ina-a-bag",
    "brand": "T2",
    "name": "Peppermint Tea Bags 25 pack",
    "imageUrl": "https://shop.coles.com.au/wcsstore/Coles-CAS/images/3/0/8/3081268-th.jpg",
    "categories": ["drinks"],
    "tags": ["tea-drinks", "tea-herbal"],
    "locations": {
      "vic": {
        "price": 12,
        "promoText": " ",
        "packageSize": "37g",
        "packagePrice": "$32.43 per 100G"
      }
    }
  },
  {
    "id": "twinings-herbal-infusions-tea-bags-peppermint",
    "brand": "Twinings",
    "name": "Pure Peppermint Tea Bags 10 pack",
    "imageUrl": "https://shop.coles.com.au/wcsstore/Coles-CAS/images/5/3/5/5359638-th.jpg",
    "categories": ["drinks"],
    "tags": ["tea-drinks", "tea-herbal"],
    "locations": {
      "vic": {
        "price": 2,
        "promoText": "$0.70 ",
        "packageSize": "20g",
        "packagePrice": "$10.00 per 100G"
      }
    }
  },
  {
    "id": "twinings-herbal-infusion-tea-bags-raspberry--strawberry-loganberry",
    "brand": "Twinings",
    "name": "Raspberry Strawberry & Loganberry Flavoured Tea Bags 10 pack",
    "imageUrl": "https://shop.coles.com.au/wcsstore/Coles-CAS/images/8/7/2/8729530-th.jpg",
    "categories": ["drinks"],
    "tags": ["tea-drinks", "tea-herbal"],
    "locations": {
      "vic": {
        "price": 2,
        "promoText": "$0.70 ",
        "packageSize": "20g",
        "packagePrice": "$10.00 per 100G"
      }
    }
  },
  {
    "id": "twinings-tea-bags-camomile-honey-vanilla",
    "brand": "Twining's",
    "name": "Camomile Honey & Vanilla Tea Bags",
    "imageUrl": "https://shop.coles.com.au/wcsstore/Coles-CAS/images/3/7/0/3708667-th.jpg",
    "categories": ["drinks"],
    "tags": ["tea-drinks", "tea-herbal"],
    "locations": {
      "vic": {
        "price": 7,
        "promoText": " ",
        "packageSize": "40 pack",
        "packagePrice": "$0.18 per 1Ea"
      }
    }
  },
  {
    "id": "twinings-herbal-infusions-tea-bags-chamomile-spearmint",
    "brand": "Twinings",
    "name": "Chamomile & Spearmint Herbal Infusions Tea Bags 10 pack",
    "imageUrl": "https://shop.coles.com.au/wcsstore/Coles-CAS/images/8/1/1/8117238-th.jpg",
    "categories": ["drinks"],
    "tags": ["tea-drinks", "tea-herbal"],
    "locations": {
      "vic": {
        "price": 2,
        "promoText": "$0.70 ",
        "packageSize": "15g",
        "packagePrice": "$13.33 per 100G"
      }
    }
  },
  {
    "id": "celestial-seasonings-tea-bags-slepytime",
    "brand": "Celestial",
    "name": "Seasonings Tea Bags Sleepytime",
    "imageUrl": "https://shop.coles.com.au/wcsstore/Coles-CAS/images/3/7/0/3709080-th.jpg",
    "categories": ["drinks"],
    "tags": ["tea-drinks", "tea-herbal"],
    "locations": {
      "vic": {
        "price": 8,
        "promoText": " ",
        "packageSize": "40 pack",
        "packagePrice": "$0.20 per 1Ea"
      }
    }
  },
  {
    "id": "higher-living-licorice-tea-bags-1768668p",
    "brand": "Higher Living",
    "name": "Organic Licorice Tea Bags 15 Pack",
    "imageUrl": "https://shop.coles.com.au/wcsstore/Coles-CAS/images/1/7/6/1768668-th.jpg",
    "categories": ["drinks"],
    "tags": ["tea-drinks", "tea-herbal"],
    "locations": {
      "vic": {
        "price": 3.7,
        "promoText": " ",
        "packageSize": "30g",
        "packagePrice": "$0.25 per 1Ea"
      }
    }
  },
  {
    "id": "higher-living-organic-hrbl-infsn-pprmnt-licrc",
    "brand": "Higher Living",
    "name": "Organic Peppermint & Licorice Tea Bags 15 pack",
    "imageUrl": "https://shop.coles.com.au/wcsstore/Coles-CAS/images/3/2/4/3247542-th.jpg",
    "categories": ["drinks"],
    "tags": ["tea-drinks", "tea-herbal"],
    "locations": {
      "vic": {
        "price": 3.7,
        "promoText": " ",
        "packageSize": "22g",
        "packagePrice": "$0.25 per 1Ea"
      }
    }
  },
  {
    "id": "twinnings-herbal-infusion-tea-bags-cranberry-pomegranite",
    "brand": "Twinings",
    "name": "Cranberry &  Pomegranate Flavoured Tea Bags 10 pack",
    "imageUrl": "https://shop.coles.com.au/wcsstore/Coles-CAS/images/8/7/2/8729562-th.jpg",
    "categories": ["drinks"],
    "tags": ["tea-drinks", "tea-herbal"],
    "locations": {
      "vic": {
        "price": 2,
        "promoText": "$0.70 ",
        "packageSize": "20g",
        "packagePrice": "$10.00 per 100G"
      }
    }
  },
  {
    "id": "twinings-infusions-lemon-ginger-flavour-tea-bags",
    "brand": "Twinings",
    "name": "Lemon & Ginger Infusions Tea Bags 40 pack",
    "imageUrl": "https://shop.coles.com.au/wcsstore/Coles-CAS/images/6/8/1/6811221-th.jpg",
    "categories": ["drinks"],
    "tags": ["tea-drinks", "tea-herbal"],
    "locations": {
      "vic": {
        "price": 7,
        "promoText": " ",
        "packageSize": "60g",
        "packagePrice": "$11.67 per 100G"
      }
    }
  },
  {
    "id": "twinings-herbal-infusions-camomile-tea-bags-2506532p",
    "brand": "Twinings",
    "name": "Pure Camomile Herbal Infusions Tea Bags 40 pack",
    "imageUrl": "https://shop.coles.com.au/wcsstore/Coles-CAS/images/2/5/0/2506532-th.jpg",
    "categories": ["drinks"],
    "tags": ["tea-drinks", "tea-herbal"],
    "locations": {
      "vic": {
        "price": 7,
        "promoText": " ",
        "packageSize": "56g",
        "packagePrice": "$12.50 per 100G"
      }
    }
  },
  {
    "id": "twinings-herbal-infusion-peppermint-spearmint-tea-bags",
    "brand": "Twinings",
    "name": "Peppermint & Spearmint Tea Bags 10 Pack",
    "imageUrl": "https://shop.coles.com.au/wcsstore/Coles-CAS/images/2/3/8/2380219-th.jpg",
    "categories": ["drinks"],
    "tags": ["tea-drinks", "tea-herbal"],
    "locations": {
      "vic": {
        "price": 2,
        "promoText": "$0.70 ",
        "packageSize": "20g",
        "packagePrice": "$10.00 per 100G"
      }
    }
  },
  {
    "id": "coles-tea-bags-herbal-peppermint",
    "brand": "Coles",
    "name": "Peppermint Infusion Tea Bags 50 Pack",
    "imageUrl": "https://shop.coles.com.au/wcsstore/Coles-CAS/images/6/1/8/6180200-th.jpg",
    "categories": ["drinks"],
    "tags": ["tea-drinks", "tea-herbal"],
    "locations": {
      "vic": {
        "price": 2.2,
        "promoText": " ",
        "packageSize": "75g",
        "packagePrice": "$2.93 per 100G"
      }
    }
  },
  {
    "id": "higher-living-organic-hrbl-infsn-ginger-kick",
    "brand": "Higher Living",
    "name": "Organic Ginger Kick Tea Bags 15 pack",
    "imageUrl": "https://shop.coles.com.au/wcsstore/Coles-CAS/images/3/2/4/3247520-th.jpg",
    "categories": ["drinks"],
    "tags": ["tea-drinks", "tea-herbal"],
    "locations": {
      "vic": {
        "price": 3.7,
        "promoText": " ",
        "packageSize": "37g",
        "packagePrice": "$0.25 per 1Ea"
      }
    }
  },
  {
    "id": "nerada-organic-tea-bags-peppermint",
    "brand": "Nerada",
    "name": "Organics Peppermint Tea Bags 40 Pack",
    "imageUrl": "https://shop.coles.com.au/wcsstore/Coles-CAS/images/6/3/8/6384969-th.jpg",
    "categories": ["drinks"],
    "tags": ["tea-drinks", "tea-herbal"],
    "locations": {
      "vic": {
        "price": 5,
        "promoText": " ",
        "packageSize": "60g",
        "packagePrice": "$8.33 per 100G"
      }
    }
  },
  {
    "id": "pukka-tea-lemon-ginger-manuka-honey",
    "brand": "Pukka",
    "name": "Lemon Ginger & Manuka Honey Tea Sachets 20 pack",
    "imageUrl": "https://shop.coles.com.au/wcsstore/Coles-CAS/images/3/2/4/3248793-th.jpg",
    "categories": ["drinks"],
    "tags": ["tea-drinks", "tea-herbal"],
    "locations": {
      "vic": {
        "price": 7.5,
        "promoText": " ",
        "packageSize": "40g",
        "packagePrice": "$0.38 per 1Ea"
      }
    }
  },
  {
    "id": "pukka-herbal-collection-tea-bags-20-pack",
    "brand": "Pukka",
    "name": "Herbal Collection Tea Bags 20 pack",
    "imageUrl": "https://shop.coles.com.au/wcsstore/Coles-CAS/images/3/4/5/3452508-th.jpg",
    "categories": ["drinks"],
    "tags": ["tea-drinks", "tea-herbal"],
    "locations": {
      "vic": {
        "price": 7.5,
        "promoText": " ",
        "packageSize": "34.4g",
        "packagePrice": "$0.38 per 1Ea"
      }
    }
  },
  {
    "id": "pukka-relax-tea",
    "brand": "Pukka",
    "name": "Relax Tea Bags 20 pack",
    "imageUrl": "https://shop.coles.com.au/wcsstore/Coles-CAS/images/3/4/5/3452519-th.jpg",
    "categories": ["drinks"],
    "tags": ["tea-drinks", "tea-herbal"],
    "locations": {
      "vic": {
        "price": 7.5,
        "promoText": " ",
        "packageSize": "40g",
        "packagePrice": "$0.38 per 1Ea"
      }
    }
  },
  {
    "id": "red-seal-variety-pack-hot-or-cold-brew-tea",
    "brand": "Red Seal",
    "name": "Variety Pack Hot Or Cold Brew Tea",
    "imageUrl": "https://shop.coles.com.au/wcsstore/Coles-CAS/images/3/7/0/3709422-th.jpg",
    "categories": ["drinks"],
    "tags": ["tea-drinks", "tea-herbal"],
    "locations": {
      "vic": {
        "price": 4.5,
        "promoText": " ",
        "packageSize": "20 pack",
        "packagePrice": "$0.23 per 1Ea"
      }
    }
  },
  {
    "id": "tetley-infusions-tea-bags-pssnfrt-wth-twst-of-hsbcs",
    "brand": "Tetley",
    "name": "Passionfruit With A Twist Of Hibiscus Caffeine Free Tea Bags 20 Pack",
    "imageUrl": "https://shop.coles.com.au/wcsstore/Coles-CAS/images/3/2/4/3248920-th.jpg",
    "categories": ["drinks"],
    "tags": ["tea-drinks", "tea-herbal"],
    "locations": {
      "vic": {
        "price": 2.4,
        "promoText": "Was $3.00 on Sep 2019 ",
        "packageSize": "40g",
        "packagePrice": "$6.00 per 100G"
      }
    }
  },
  {
    "id": "twinings-tea-bags-strawbry-raspbry-logbry",
    "brand": "Twining's",
    "name": "Strawberry Raspberry & Loganberry Tea Bags",
    "imageUrl": "https://shop.coles.com.au/wcsstore/Coles-CAS/images/3/7/0/3708703-th.jpg",
    "categories": ["drinks"],
    "tags": ["tea-drinks", "tea-herbal"],
    "locations": {
      "vic": {
        "price": 7,
        "promoText": " ",
        "packageSize": "40 pack",
        "packagePrice": "$0.18 per 1Ea"
      }
    }
  },
  {
    "id": "india-gate-exotic-basmati-rice",
    "brand": "India Gate",
    "name": "Exotic Basmati Rice",
    "imageUrl": "https://shop.coles.com.au/wcsstore/Coles-CAS/images/2/6/0/2602784-th.jpg",
    "categories": ["drinks"],
    "tags": ["tea-drinks", "tea-herbal"],
    "locations": {
      "vic": {
        "price": 20,
        "promoText": " ",
        "packageSize": "5kg",
        "packagePrice": "$4.00 per 1Kg"
      }
    }
  },
  {
    "id": "madame-flavour-lemongrass-lime-ginger-tea-bags",
    "brand": "Madame Flavour",
    "name": "Caffeine Free Lemongrass Lime & Ginger Tisane Tea Bags 18 pack",
    "imageUrl": "https://shop.coles.com.au/wcsstore/Coles-CAS/images/1/7/5/1758030-th.jpg",
    "categories": ["drinks"],
    "tags": ["tea-drinks", "tea-herbal"],
    "locations": {
      "vic": {
        "price": 5.8,
        "promoText": " ",
        "packageSize": "36g",
        "packagePrice": "$16.11 per 1G"
      }
    }
  },
  {
    "id": "madura-organics-green-leaf-tea",
    "brand": "Madura",
    "name": "Organic Loose LeafGreen Tea",
    "imageUrl": "https://shop.coles.com.au/wcsstore/Coles-CAS/images/2/2/3/2236030-th.jpg",
    "categories": ["drinks"],
    "tags": ["tea-drinks", "tea-herbal"],
    "locations": {
      "vic": {
        "price": 5.95,
        "promoText": " ",
        "packageSize": "150g",
        "packagePrice": "$3.97 per 100G"
      }
    }
  },
  {
    "id": "nerada-organic-tea-bags-camomile",
    "brand": "Nerada",
    "name": "Camomile Herbal Infusion Tea Bags 40 pack",
    "imageUrl": "https://shop.coles.com.au/wcsstore/Coles-CAS/images/6/3/8/6384980-th.jpg",
    "categories": ["drinks"],
    "tags": ["tea-drinks", "tea-herbal"],
    "locations": {
      "vic": {
        "price": 5,
        "promoText": " ",
        "packageSize": "60g",
        "packagePrice": "$8.33 per 100G"
      }
    }
  },
  {
    "id": "t2-lemongrass-ginger-herbal-tisane-in-a-bag",
    "brand": "T2",
    "name": "Lemongrass & Ginger Herbal Tea Bags 25 Pack",
    "imageUrl": "https://shop.coles.com.au/wcsstore/Coles-CAS/images/3/0/8/3081280-th.jpg",
    "categories": ["drinks"],
    "tags": ["tea-drinks", "tea-herbal"],
    "locations": {
      "vic": {
        "price": 14,
        "promoText": " ",
        "packageSize": "50g",
        "packagePrice": "$28.00 per 100G"
      }
    }
  },
  {
    "id": "t2-pumping-pomegranate",
    "brand": "T2",
    "name": "Pumping Pomegranate",
    "imageUrl": "https://shop.coles.com.au/wcsstore/Coles-CAS/images/3/7/0/3708248-th.jpg",
    "categories": ["drinks"],
    "tags": ["tea-drinks", "tea-herbal"],
    "locations": {
      "vic": {
        "price": 7,
        "promoText": " ",
        "packageSize": "10 pack",
        "packagePrice": "$0.70 per 1Ea"
      }
    }
  },
  {
    "id": "tetley-infusions-tea-bags-forst-frut-wth-twst-appl",
    "brand": "Tetley",
    "name": "Caffeine Free Forest Fruits With A Twist Of Apple Tea Bags 20 pack",
    "imageUrl": "https://shop.coles.com.au/wcsstore/Coles-CAS/images/3/2/4/3248931-th.jpg",
    "categories": ["drinks"],
    "tags": ["tea-drinks", "tea-herbal"],
    "locations": {
      "vic": {
        "price": 2.4,
        "promoText": "Was $3.00 on Sep 2019 ",
        "packageSize": "40g",
        "packagePrice": "$6.00 per 100G"
      }
    }
  },
  {
    "id": "twinings-tea-bags-blackcurrent-blueberry",
    "brand": "Twining's",
    "name": "Blackcurrant & Blueberry Tea Bags",
    "imageUrl": "https://shop.coles.com.au/wcsstore/Coles-CAS/images/3/7/0/3708758-th.jpg",
    "categories": ["drinks"],
    "tags": ["tea-drinks", "tea-herbal"],
    "locations": {
      "vic": {
        "price": 2,
        "promoText": "$0.70 ",
        "packageSize": "10 pack",
        "packagePrice": "$0.20 per 1Ea"
      }
    }
  },
  {
    "id": "twinings-tea-bags-cranberry-pomegranate",
    "brand": "Twining's",
    "name": "Cranberry & Pomegranate Tea Bags",
    "imageUrl": "https://shop.coles.com.au/wcsstore/Coles-CAS/images/3/7/0/3708690-th.jpg",
    "categories": ["drinks"],
    "tags": ["tea-drinks", "tea-herbal"],
    "locations": {
      "vic": {
        "price": 7,
        "promoText": " ",
        "packageSize": "40 pack",
        "packagePrice": "$0.18 per 1Ea"
      }
    }
  },
  {
    "id": "twinings-wellness-tea-bags-sleep",
    "brand": "Twinings",
    "name": "Caffeine Free Naturally Sleep Tea Bags 18 pack",
    "imageUrl": "https://shop.coles.com.au/wcsstore/Coles-CAS/images/2/8/7/2872880-th.jpg",
    "categories": ["drinks"],
    "tags": ["tea-drinks", "tea-herbal"],
    "locations": {
      "vic": {
        "price": 4,
        "promoText": "Was $4.60 on Sep 2018 ",
        "packageSize": "27g",
        "packagePrice": "$14.81 per 1G"
      }
    }
  },
  {
    "id": "twinings-infuse-wtrmln-strwbry-mint-infsn",
    "brand": "Twinings",
    "name": "Watermelon, Strawberry & Mint Cold Water Infusion 12 pack",
    "imageUrl": "https://shop.coles.com.au/wcsstore/Coles-CAS/images/3/2/4/3247123-th.jpg",
    "categories": ["drinks"],
    "tags": ["tea-drinks", "tea-herbal"],
    "locations": {
      "vic": {
        "price": 5.5,
        "promoText": " ",
        "packageSize": "30g",
        "packagePrice": "$0.46 per 1Ea"
      }
    }
  },
  {
    "id": "twinings-infuse-psnfrt-mng-bld-orng",
    "brand": "Twinings",
    "name": "Passionfruit Mango & Blood Orange Cold Water Infusion 12 pack",
    "imageUrl": "https://shop.coles.com.au/wcsstore/Coles-CAS/images/3/2/4/3247134-th.jpg",
    "categories": ["drinks"],
    "tags": ["tea-drinks", "tea-herbal"],
    "locations": {
      "vic": {
        "price": 5.5,
        "promoText": " ",
        "packageSize": "30g",
        "packagePrice": "$0.46 per 1Ea"
      }
    }
  },
  {
    "id": "twinings-infuse-blbry-blkcrnt-apl-infsn-3247101p",
    "brand": "Twinings",
    "name": "Blueberry, Apple & Blackcurrant Cold Water Infusion 12 pack",
    "imageUrl": "https://shop.coles.com.au/wcsstore/Coles-CAS/images/3/2/4/3247101-th.jpg",
    "categories": ["drinks"],
    "tags": ["tea-drinks", "tea-herbal"],
    "locations": {
      "vic": {
        "price": 5.5,
        "promoText": " ",
        "packageSize": "30g",
        "packagePrice": "$0.46 per 1Ea"
      }
    }
  },
  {
    "id": "dilmah-chamomile-tea",
    "brand": "Dilmah",
    "name": "Chamomile Tea Bags",
    "imageUrl": "https://shop.coles.com.au/wcsstore/Coles-CAS/images/3/7/0/3701340-th.jpg",
    "categories": ["drinks"],
    "tags": ["tea-drinks", "tea-herbal"],
    "locations": {
      "vic": {
        "price": 4,
        "promoText": " ",
        "packageSize": "10 pack",
        "packagePrice": "$0.40 per 1Ea"
      }
    }
  },
  {
    "id": "higher-living-cinnamon-tea-bags",
    "brand": "Higher Living",
    "name": "Organic Cinnamon Tea Bags 15 Pack",
    "imageUrl": "https://shop.coles.com.au/wcsstore/Coles-CAS/images/1/7/6/1768680-th.jpg",
    "categories": ["drinks"],
    "tags": ["tea-drinks", "tea-herbal"],
    "locations": {
      "vic": {
        "price": 3.7,
        "promoText": " ",
        "packageSize": "33g",
        "packagePrice": "$0.25 per 1Ea"
      }
    }
  },
  {
    "id": "higher-living-organic-hrbl-infsn-chmoml-vnlla",
    "brand": "Higher Living",
    "name": "Organic Chamomile & Vanilla Tea Bags 15 pack",
    "imageUrl": "https://shop.coles.com.au/wcsstore/Coles-CAS/images/3/2/4/3247509-th.jpg",
    "categories": ["drinks"],
    "tags": ["tea-drinks", "tea-herbal"],
    "locations": {
      "vic": {
        "price": 3.7,
        "promoText": " ",
        "packageSize": "30g",
        "packagePrice": "$0.25 per 1Ea"
      }
    }
  },
  {
    "id": "higher-living-organic-hrbl-infsn-golden-turmerc",
    "brand": "Higher Living",
    "name": "Organic Golden Turmeric Tea Bags 15 pack",
    "imageUrl": "https://shop.coles.com.au/wcsstore/Coles-CAS/images/3/2/4/3247510-th.jpg",
    "categories": ["drinks"],
    "tags": ["tea-drinks", "tea-herbal"],
    "locations": {
      "vic": {
        "price": 3.7,
        "promoText": " ",
        "packageSize": "30g",
        "packagePrice": "$0.25 per 1Ea"
      }
    }
  },
  {
    "id": "koala-turmeric-tea",
    "brand": "Koala",
    "name": "Turmeric Tea",
    "imageUrl": "https://shop.coles.com.au/wcsstore/Coles-CAS/images/2/7/2/2728476-th.jpg",
    "categories": ["drinks"],
    "tags": ["tea-drinks", "tea-herbal"],
    "locations": {
      "vic": {
        "price": 5,
        "promoText": " ",
        "packageSize": "36g",
        "packagePrice": "$13.89 per 100G"
      }
    }
  },
  {
    "id": "lipton-real-iced-tea-gren-tea-peppermint",
    "brand": "Lipton",
    "name": "Real Iced Tea Green Tea With Peppermint",
    "imageUrl": "https://shop.coles.com.au/wcsstore/Coles-CAS/images/3/7/1/3712733-th.jpg",
    "categories": ["drinks"],
    "tags": ["tea-drinks", "tea-herbal"],
    "locations": {
      "vic": {
        "price": 5.5,
        "promoText": " ",
        "packageSize": "15 pack",
        "packagePrice": "$0.37 per 1Ea"
      }
    }
  },
  {
    "id": "lipton-real-iced-tea-black-tea-peach-apricot",
    "brand": "Lipton",
    "name": "Real Iced Tea Black Tea Peach & Apricot",
    "imageUrl": "https://shop.coles.com.au/wcsstore/Coles-CAS/images/3/7/1/3712722-th.jpg",
    "categories": ["drinks"],
    "tags": ["tea-drinks", "tea-herbal"],
    "locations": {
      "vic": {
        "price": 5.5,
        "promoText": " ",
        "packageSize": "15 pack",
        "packagePrice": "$0.37 per 1Ea"
      }
    }
  },
  {
    "id": "lipton-real-iced-tea-gren-tea-rose-eldflwer",
    "brand": "Lipton",
    "name": "Real Iced Tea Green Tea Rose & Elderflower",
    "imageUrl": "https://shop.coles.com.au/wcsstore/Coles-CAS/images/3/7/1/3712347-th.jpg",
    "categories": ["drinks"],
    "tags": ["tea-drinks", "tea-herbal"],
    "locations": {
      "vic": {
        "price": 5.5,
        "promoText": " ",
        "packageSize": "15 pack",
        "packagePrice": "$0.37 per 1Ea"
      }
    }
  },
  {
    "id": "lipton-real-iced-tea-black-tea-strawbry-rhubar",
    "brand": "Lipton",
    "name": "Real Iced Tea Black Tea Strawberry Rhubarb",
    "imageUrl": "https://shop.coles.com.au/wcsstore/Coles-CAS/images/3/7/0/3709331-th.jpg",
    "categories": ["drinks"],
    "tags": ["tea-drinks", "tea-herbal"],
    "locations": {
      "vic": {
        "price": 5.5,
        "promoText": " ",
        "packageSize": "15 pack",
        "packagePrice": "$0.37 per 1Ea"
      }
    }
  },
  {
    "id": "madame-flavour-deply-relaxing-tea",
    "brand": "Madame",
    "name": "Flavour Deeply Relaxing Tea",
    "imageUrl": "https://shop.coles.com.au/wcsstore/Coles-CAS/images/3/2/4/3247655-th.jpg",
    "categories": ["drinks"],
    "tags": ["tea-drinks", "tea-herbal"],
    "locations": {
      "vic": {
        "price": 5.8,
        "promoText": " ",
        "packageSize": "15 pack",
        "packagePrice": "$0.39 per 1Ea"
      }
    }
  },
  {
    "id": "madame-flavour-tea-infuser-pod-mint-lavender-tisane",
    "brand": "Madame Flavour",
    "name": "Caffeine Free Soothing Mint Lavender Tisane Tea Bags 18 pack",
    "imageUrl": "https://shop.coles.com.au/wcsstore/Coles-CAS/images/1/4/1/1416150-th.jpg",
    "categories": ["drinks"],
    "tags": ["tea-drinks", "tea-herbal"],
    "locations": {
      "vic": {
        "price": 0,
        "promoText": " ",
        "packageSize": "27g",
        "packagePrice": ""
      }
    }
  },
  {
    "id": "madame-flavour-luscious-licorice-tea-bags",
    "brand": "Madame Flavour",
    "name": "Luscious Licorice Tisane Tea Bags 18 Pack",
    "imageUrl": "https://shop.coles.com.au/wcsstore/Coles-CAS/images/1/7/5/1758020-th.jpg",
    "categories": ["drinks"],
    "tags": ["tea-drinks", "tea-herbal"],
    "locations": {
      "vic": {
        "price": 5.8,
        "promoText": " ",
        "packageSize": "36g",
        "packagePrice": "$16.11 per 100G"
      }
    }
  },
  {
    "id": "pukka-tea-detox",
    "brand": "Pukka",
    "name": "Organic Feel New Herbal Tea Sachets 20 pack",
    "imageUrl": "https://shop.coles.com.au/wcsstore/Coles-CAS/images/3/2/4/3248750-th.jpg",
    "categories": ["drinks"],
    "tags": ["tea-drinks", "tea-herbal"],
    "locations": {
      "vic": {
        "price": 7.5,
        "promoText": " ",
        "packageSize": "40g",
        "packagePrice": "$0.38 per 1Ea"
      }
    }
  },
  {
    "id": "pukka-day-to-night-collection",
    "brand": "Pukka",
    "name": "Day To Night Collection",
    "imageUrl": "https://shop.coles.com.au/wcsstore/Coles-CAS/images/3/7/0/3708215-th.jpg",
    "categories": ["drinks"],
    "tags": ["tea-drinks", "tea-herbal"],
    "locations": {
      "vic": {
        "price": 7.5,
        "promoText": " ",
        "packageSize": "20 pack",
        "packagePrice": "$0.38 per 1Ea"
      }
    }
  },
  {
    "id": "red-seal-lemon-lime-hot-or-cold-brew-tea",
    "brand": "Red Seal",
    "name": "Lemon & Lime Hot Or Cold Brew Tea",
    "imageUrl": "https://shop.coles.com.au/wcsstore/Coles-CAS/images/3/7/0/3709411-th.jpg",
    "categories": ["drinks"],
    "tags": ["tea-drinks", "tea-herbal"],
    "locations": {
      "vic": {
        "price": 4.5,
        "promoText": " ",
        "packageSize": "20 pack",
        "packagePrice": "$0.23 per 1Ea"
      }
    }
  },
  {
    "id": "tetley-infusions-tea-bags-cinmn-org-twst-of-rooibs",
    "brand": "Tetley",
    "name": "Chamomile & Orange With A Twist Of Rooibos Infusions Tea Bags",
    "imageUrl": "https://shop.coles.com.au/wcsstore/Coles-CAS/images/3/2/4/3248953-th.jpg",
    "categories": ["drinks"],
    "tags": ["tea-drinks", "tea-herbal"],
    "locations": {
      "vic": {
        "price": 2.4,
        "promoText": "Was $3.00 on Sep 2019 ",
        "packageSize": "20 pack",
        "packagePrice": "$0.12 per 1Ea"
      }
    }
  },
  {
    "id": "tetley-cold-infusions-orange-peach",
    "brand": "Tetley",
    "name": "Cold Infusions Orange & Peach",
    "imageUrl": "https://shop.coles.com.au/wcsstore/Coles-CAS/images/3/7/1/3712008-th.jpg",
    "categories": ["drinks"],
    "tags": ["tea-drinks", "tea-herbal"],
    "locations": {
      "vic": {
        "price": 5,
        "promoText": " ",
        "packageSize": "14 pack",
        "packagePrice": "$0.36 per 1Ea"
      }
    }
  },
  {
    "id": "tetley-cold-infusions-raspberry-cranberry",
    "brand": "Tetley",
    "name": "Cold Infusions Raspberry & Cranberry",
    "imageUrl": "https://shop.coles.com.au/wcsstore/Coles-CAS/images/3/7/1/3711989-th.jpg",
    "categories": ["drinks"],
    "tags": ["tea-drinks", "tea-herbal"],
    "locations": {
      "vic": {
        "price": 5,
        "promoText": " ",
        "packageSize": "14 pack",
        "packagePrice": "$0.36 per 1Ea"
      }
    }
  },
  {
    "id": "tetley-cold-infusions-strawberry-watermelon",
    "brand": "Tetley",
    "name": "Cold Infusions Strawberry & Watermelon",
    "imageUrl": "https://shop.coles.com.au/wcsstore/Coles-CAS/images/3/7/1/3711990-th.jpg",
    "categories": ["drinks"],
    "tags": ["tea-drinks", "tea-herbal"],
    "locations": {
      "vic": {
        "price": 5,
        "promoText": " ",
        "packageSize": "14 pack",
        "packagePrice": "$0.36 per 1Ea"
      }
    }
  },
  {
    "id": "tetley-cold-infusions-mint-lemon-cucumber",
    "brand": "Tetley",
    "name": "Cold Infusions Mint Lemon & Cucumber",
    "imageUrl": "https://shop.coles.com.au/wcsstore/Coles-CAS/images/3/7/1/3711978-th.jpg",
    "categories": ["drinks"],
    "tags": ["tea-drinks", "tea-herbal"],
    "locations": {
      "vic": {
        "price": 5,
        "promoText": " ",
        "packageSize": "14 pack",
        "packagePrice": "$0.36 per 1Ea"
      }
    }
  },
  {
    "id": "ti-ora-herbal-infusion-pepmint-sprmint-teabag",
    "brand": "Ti Ora",
    "name": "Peppermint With Spearmint & Kawakawa Herbal Infusion Teabag 15 pack",
    "imageUrl": "https://shop.coles.com.au/wcsstore/Coles-CAS/images/3/4/5/3452585-th.jpg",
    "categories": ["drinks"],
    "tags": ["tea-drinks", "tea-herbal"],
    "locations": {
      "vic": {
        "price": 4,
        "promoText": "$2.00 ",
        "packageSize": "16.5g",
        "packagePrice": "$0.27 per 1Ea"
      }
    }
  },
  {
    "id": "twinings-tea-bags-mango-strawberry",
    "brand": "Twining's",
    "name": "Mango & Strawberry Tea Bags",
    "imageUrl": "https://shop.coles.com.au/wcsstore/Coles-CAS/images/3/7/0/3708769-th.jpg",
    "categories": ["drinks"],
    "tags": ["tea-drinks", "tea-herbal"],
    "locations": {
      "vic": {
        "price": 2,
        "promoText": "$0.70 ",
        "packageSize": "10 pack",
        "packagePrice": "$0.20 per 1Ea"
      }
    }
  },
  {
    "id": "twinings-infuse-blbry-blkcrnt-apl-infsn",
    "brand": "Twinings",
    "name": "Blueberry Apple & Blackcurrant Cold Water Infusion 3 pack",
    "imageUrl": "https://shop.coles.com.au/wcsstore/Coles-CAS/images/3/2/4/3247203-th.jpg",
    "categories": ["drinks"],
    "tags": ["tea-drinks", "tea-herbal"],
    "locations": {
      "vic": {
        "price": 2,
        "promoText": " ",
        "packageSize": "7.5g",
        "packagePrice": "$0.67 per 1Ea"
      }
    }
  },
  {
    "id": "twinings-infuse-rose-lemonade-infusions",
    "brand": "Twinings",
    "name": "Rose Lemonade Cold Water Infusion 3 pack",
    "imageUrl": "https://shop.coles.com.au/wcsstore/Coles-CAS/images/3/2/4/3247190-th.jpg",
    "categories": ["drinks"],
    "tags": ["tea-drinks", "tea-herbal"],
    "locations": {
      "vic": {
        "price": 2,
        "promoText": " ",
        "packageSize": "7.5g",
        "packagePrice": "$0.67 per 1Ea"
      }
    }
  },
  {
    "id": "twinings-infuse-pssnfrt-mng-bld-org-infsn",
    "brand": "Twinings",
    "name": "Passionfruit, Mango & Blood Orange Cold Water Infusion 3 pack",
    "imageUrl": "https://shop.coles.com.au/wcsstore/Coles-CAS/images/3/2/4/3247178-th.jpg",
    "categories": ["drinks"],
    "tags": ["tea-drinks", "tea-herbal"],
    "locations": {
      "vic": {
        "price": 2,
        "promoText": " ",
        "packageSize": "7.5g",
        "packagePrice": "$0.67 per 1Ea"
      }
    }
  },
  {
    "id": "twinings-infuse-rose-lemonade-infsn",
    "brand": "Twinings",
    "name": "Rose Lemonade Cold Water Infusion 12 pack",
    "imageUrl": "https://shop.coles.com.au/wcsstore/Coles-CAS/images/3/2/4/3247145-th.jpg",
    "categories": ["drinks"],
    "tags": ["tea-drinks", "tea-herbal"],
    "locations": {
      "vic": {
        "price": 5.5,
        "promoText": " ",
        "packageSize": "30g",
        "packagePrice": "$0.46 per 1Ea"
      }
    }
  },
  {
    "id": "twinings-infuse-wtrmln-stwbry-mnt-infsn",
    "brand": "Twinings",
    "name": "Watermelon Strawberry & Mint Cold Water Infusion 3 pack",
    "imageUrl": "https://shop.coles.com.au/wcsstore/Coles-CAS/images/3/2/4/3247189-th.jpg",
    "categories": ["drinks"],
    "tags": ["tea-drinks", "tea-herbal"],
    "locations": {
      "vic": {
        "price": 2,
        "promoText": " ",
        "packageSize": "7.5g",
        "packagePrice": "$0.67 per 1Ea"
      }
    }
  },
  {
    "id": "twinings-infuse-lmn-orng-gngr-infsn",
    "brand": "Twinings",
    "name": "Lemon, Orange & Ginger Cold Water Infusion 3 pack",
    "imageUrl": "https://shop.coles.com.au/wcsstore/Coles-CAS/images/3/2/4/3247167-th.jpg",
    "categories": ["drinks"],
    "tags": ["tea-drinks", "tea-herbal"],
    "locations": {
      "vic": {
        "price": 2,
        "promoText": " ",
        "packageSize": "7.5g",
        "packagePrice": "$0.67 per 1Ea"
      }
    }
  },
  {
    "id": "twinings-infuse-lemon-orng-ginger-infsns",
    "brand": "Twinings",
    "name": "Lemon Orange & Ginger Cold Water Infusion 12 pack",
    "imageUrl": "https://shop.coles.com.au/wcsstore/Coles-CAS/images/3/2/4/3247112-th.jpg",
    "categories": ["drinks"],
    "tags": ["tea-drinks", "tea-herbal"],
    "locations": {
      "vic": {
        "price": 5.5,
        "promoText": " ",
        "packageSize": "30g",
        "packagePrice": "$0.46 per 1Ea"
      }
    }
  },
  {
    "id": "twinings-infuse-pink-grapefruit-orange",
    "brand": "Twinings",
    "name": "Pink Grapefruit & Orange Flavoured Infuse 7.5g",
    "imageUrl": "https://shop.coles.com.au/wcsstore/Coles-CAS/images/3/6/1/3618225-th.jpg",
    "categories": ["drinks"],
    "tags": ["tea-drinks", "tea-herbal"],
    "locations": {
      "vic": {
        "price": 2,
        "promoText": " ",
        "packageSize": "3 pack",
        "packagePrice": "$0.67 per 1Ea"
      }
    }
  },
  {
    "id": "twinings-infuse-peach-passionfruit",
    "brand": "Twinings",
    "name": "Peach & Passionfruit Flavoured Infuse 7.5g",
    "imageUrl": "https://shop.coles.com.au/wcsstore/Coles-CAS/images/3/6/1/3618214-th.jpg",
    "categories": ["drinks"],
    "tags": ["tea-drinks", "tea-herbal"],
    "locations": {
      "vic": {
        "price": 2,
        "promoText": " ",
        "packageSize": "3 pack",
        "packagePrice": "$0.67 per 1Ea"
      }
    }
  },
  {
    "id": "twinings-infuse-peach-passionfruit-3618189p",
    "brand": "Twinings",
    "name": "Infuse Peach & Passionfruit Cold Water Infusion 12 Pack",
    "imageUrl": "https://shop.coles.com.au/wcsstore/Coles-CAS/images/3/6/1/3618189-th.jpg",
    "categories": ["drinks"],
    "tags": ["tea-drinks", "tea-herbal"],
    "locations": {
      "vic": {
        "price": 5.5,
        "promoText": " ",
        "packageSize": "30g",
        "packagePrice": "$18.33 per 100G"
      }
    }
  },
  {
    "id": "twinings-infuse-pink-grapefruit-orange-3618203p",
    "brand": "Twinings",
    "name": "Infuse Pink Grapefruit & Orange Cold Water Infusion 12 Pack",
    "imageUrl": "https://shop.coles.com.au/wcsstore/Coles-CAS/images/3/6/1/3618203-th.jpg",
    "categories": ["drinks"],
    "tags": ["tea-drinks", "tea-herbal"],
    "locations": {
      "vic": {
        "price": 5.5,
        "promoText": " ",
        "packageSize": "30g",
        "packagePrice": "$18.33 per 100G"
      }
    }
  },
  {
    "id": "dilmah-tea-leaf-ceylon",
    "brand": "Dilmah",
    "name": "Pure Ceylon Premium Loose Leaf Tea",
    "imageUrl": "https://shop.coles.com.au/wcsstore/Coles-CAS/images/5/0/4/5046009-th.jpg",
    "categories": ["drinks"],
    "tags": ["tea-drinks", "tea-lose-leaf"],
    "locations": {
      "vic": {
        "price": 4.9,
        "promoText": " ",
        "packageSize": "250g",
        "packagePrice": "$1.96 per 100G"
      }
    }
  },
  {
    "id": "bushells-leaf-tea-extra-strong",
    "brand": "Bushells",
    "name": "Extra Strong Leaf Tea",
    "imageUrl": "https://shop.coles.com.au/wcsstore/Coles-CAS/images/6/6/9/6699143-th.jpg",
    "categories": ["drinks"],
    "tags": ["tea-drinks", "tea-lose-leaf"],
    "locations": {
      "vic": {
        "price": 3.6,
        "promoText": "Was $4.50 on Dec 2018 ",
        "packageSize": "250g",
        "packagePrice": "$1.44 per 100G"
      }
    }
  },
  {
    "id": "madura-leaf-tea-premium-blend",
    "brand": "Madura",
    "name": "Premium Blend Black Leaf Tea",
    "imageUrl": "https://shop.coles.com.au/wcsstore/Coles-CAS/images/4/7/0/4705573-th.jpg",
    "categories": ["drinks"],
    "tags": ["tea-drinks", "tea-lose-leaf"],
    "locations": {
      "vic": {
        "price": 5.35,
        "promoText": " ",
        "packageSize": "200g",
        "packagePrice": "$2.68 per 100G"
      }
    }
  },
  {
    "id": "twinings-leaf-tea-earl-grey",
    "brand": "Twinings",
    "name": "Earl Grey Loose Leaf Tea",
    "imageUrl": "https://shop.coles.com.au/wcsstore/Coles-CAS/images/3/4/4/344575-th.jpg",
    "categories": ["drinks"],
    "tags": ["tea-drinks", "tea-lose-leaf"],
    "locations": {
      "vic": {
        "price": 7,
        "promoText": " ",
        "packageSize": "125g",
        "packagePrice": "$5.60 per 100G"
      }
    }
  },
  {
    "id": "bushells-blue-label-leaf-tea",
    "brand": "Bushells",
    "name": "Blue Label Leaf Tea Powder",
    "imageUrl": "https://shop.coles.com.au/wcsstore/Coles-CAS/images/1/1/6/116843-th.jpg",
    "categories": ["drinks"],
    "tags": ["tea-drinks", "tea-lose-leaf"],
    "locations": {
      "vic": {
        "price": 3,
        "promoText": "Was $4.00 on Dec 2018 ",
        "packageSize": "250g",
        "packagePrice": "$1.20 per 100G"
      }
    }
  },
  {
    "id": "madura-leaf-tea-english-breakfast",
    "brand": "Madura",
    "name": "English Breakfast Leaf Tea",
    "imageUrl": "https://shop.coles.com.au/wcsstore/Coles-CAS/images/9/7/2/9723958-th.jpg",
    "categories": ["drinks"],
    "tags": ["tea-drinks", "tea-lose-leaf"],
    "locations": {
      "vic": {
        "price": 5.25,
        "promoText": " ",
        "packageSize": "200g",
        "packagePrice": "$2.63 per 100G"
      }
    }
  },
  {
    "id": "twinings-leaf-tea-english-breakfast",
    "brand": "Twinings",
    "name": "English Breakfast Leaf Tea",
    "imageUrl": "https://shop.coles.com.au/wcsstore/Coles-CAS/images/3/4/4/344597-th.jpg",
    "categories": ["drinks"],
    "tags": ["tea-drinks", "tea-lose-leaf"],
    "locations": {
      "vic": {
        "price": 7,
        "promoText": " ",
        "packageSize": "125g",
        "packagePrice": "$5.60 per 100G"
      }
    }
  },
  {
    "id": "lipton-leaf-tea-quality-tips-loose",
    "brand": "Lipton",
    "name": "Quality Tips Loose Leaf Tea",
    "imageUrl": "https://shop.coles.com.au/wcsstore/Coles-CAS/images/2/9/8/298172-th.jpg",
    "categories": ["drinks"],
    "tags": ["tea-drinks", "tea-lose-leaf"],
    "locations": {
      "vic": {
        "price": 4.4,
        "promoText": " ",
        "packageSize": "250g",
        "packagePrice": "$1.76 per 100G"
      }
    }
  },
  {
    "id": "vittoria-coffee-ground-espresso-5098986p",
    "brand": "Vittoria",
    "name": "Espresso Ground Coffee",
    "imageUrl": "https://shop.coles.com.au/wcsstore/Coles-CAS/images/5/0/9/5098986.jpg",
    "categories": ["drinks"],
    "tags": ["coffe-drinks", "coffe-ground"],
    "locations": {
      "vic": {
        "price": 20,
        "promoText": "$8.00 ",
        "packageSize": "1kg",
        "packagePrice": "$2.00 per 100G"
      }
    }
  },
  {
    "id": "vittoria-coffee-ground",
    "brand": "Vittoria",
    "name": "Espresso Ground Coffee",
    "imageUrl": "https://shop.coles.com.au/wcsstore/Coles-CAS/images/3/9/7/397447-th.jpg",
    "categories": ["drinks"],
    "tags": ["coffe-drinks", "coffe-ground"],
    "locations": {
      "vic": {
        "price": 8,
        "promoText": " ",
        "packageSize": "200g",
        "packagePrice": "$4.00 per 100G"
      }
    }
  },
  {
    "id": "vittoria-coffee-mountain-grwn-grnd",
    "brand": "Vittoria",
    "name": "Mountain Grown Ground Coffee",
    "imageUrl": "https://shop.coles.com.au/wcsstore/Coles-CAS/images/9/1/8/9180375.jpg",
    "categories": ["drinks"],
    "tags": ["coffe-drinks", "coffe-ground"],
    "locations": {
      "vic": {
        "price": 36.5,
        "promoText": " ",
        "packageSize": "1kg",
        "packagePrice": "$3.65 per 100G"
      }
    }
  },
  {
    "id": "lavazza-ground-coffee-torino-qualita-oro-4965938p",
    "brand": "Lavazza",
    "name": "Smooth And Aromatic Medium Roast Ground Coffee",
    "imageUrl": "https://shop.coles.com.au/wcsstore/Coles-CAS/images/4/9/6/4965938-th.jpg",
    "categories": ["drinks"],
    "tags": ["coffe-drinks", "coffe-ground"],
    "locations": {
      "vic": {
        "price": 30,
        "promoText": " ",
        "packageSize": "1kg",
        "packagePrice": "$3.00 per 100G"
      }
    }
  },
  {
    "id": "lavazza-ground-coffee-arabica-gold",
    "brand": "Lavazza",
    "name": "Qualita Oro Medium Roast Smooth Ground Coffee",
    "imageUrl": "https://shop.coles.com.au/wcsstore/Coles-CAS/images/6/8/5/6851055-th.jpg",
    "categories": ["drinks"],
    "tags": ["coffe-drinks", "coffe-ground"],
    "locations": {
      "vic": {
        "price": 12,
        "promoText": "$4.00 ",
        "packageSize": "500g",
        "packagePrice": "$2.40 per 100G"
      }
    }
  },
  {
    "id": "bean-ground-drunk-organic-classic-ground",
    "brand": "Bean Ground & Drunk",
    "name": "Organic Classic Medium Roast Fairtrade Coffee",
    "imageUrl": "https://shop.coles.com.au/wcsstore/Coles-CAS/images/3/2/0/3208290-th.jpg",
    "categories": ["drinks"],
    "tags": ["coffe-drinks", "coffe-ground"],
    "locations": {
      "vic": {
        "price": 7,
        "promoText": "$1.80 ",
        "packageSize": "250g",
        "packagePrice": "$2.80 per 100G"
      }
    }
  },
  {
    "id": "coles-urban-coffee-culture-med-roast-ground",
    "brand": "Coles",
    "name": "Urban Coffee Culture Intensity 7 Ground Coffee Medium",
    "imageUrl": "https://shop.coles.com.au/wcsstore/Coles-CAS/images/3/6/1/3616387-th.jpg",
    "categories": ["drinks"],
    "tags": ["coffe-drinks", "coffe-ground"],
    "locations": {
      "vic": {
        "price": 4.5,
        "promoText": " ",
        "packageSize": "250g",
        "packagePrice": "$1.80 per 100G"
      }
    }
  },
  {
    "id": "lavazza-qualita-oro-ground",
    "brand": "Lavazza",
    "name": "Qualita Oro Ground",
    "imageUrl": "https://shop.coles.com.au/wcsstore/Coles-CAS/images/3/7/9/3790635-th.jpg",
    "categories": ["drinks"],
    "tags": ["coffe-drinks", "coffe-ground"],
    "locations": {
      "vic": {
        "price": 7.5,
        "promoText": " ",
        "packageSize": "250g",
        "packagePrice": "$3.00 per 100G"
      }
    }
  },
  {
    "id": "vittoria-coffee-ground-espresso-8830566p",
    "brand": "Vittoria",
    "name": "Espresso Ground Coffee",
    "imageUrl": "https://shop.coles.com.au/wcsstore/Coles-CAS/images/8/8/3/8830566-th.jpg",
    "categories": ["drinks"],
    "tags": ["coffe-drinks", "coffe-ground"],
    "locations": {
      "vic": {
        "price": 15,
        "promoText": "Was $19.30 on Sep 2018 ",
        "packageSize": "500g",
        "packagePrice": "$3.00 per 100G"
      }
    }
  },
  {
    "id": "bean-ground-drunk-organic-ground-decaffeinated-coffee",
    "brand": "Bean Ground & Drunk",
    "name": "Organic Decaffeinated Medium Roast Fairtrade Coffee",
    "imageUrl": "https://shop.coles.com.au/wcsstore/Coles-CAS/images/2/0/0/2007099-th.jpg",
    "categories": ["drinks"],
    "tags": ["coffe-drinks", "coffe-ground"],
    "locations": {
      "vic": {
        "price": 7,
        "promoText": "$1.80 ",
        "packageSize": "250g",
        "packagePrice": "$2.80 per 100G"
      }
    }
  },
  {
    "id": "illy-caffe-ground-coffee",
    "brand": "Illy",
    "name": "Classico Ground Coffee",
    "imageUrl": "https://shop.coles.com.au/wcsstore/Coles-CAS/images/8/0/9/8097061-th.jpg",
    "categories": ["drinks"],
    "tags": ["coffe-drinks", "coffe-ground"],
    "locations": {
      "vic": {
        "price": 15,
        "promoText": " ",
        "packageSize": "250g",
        "packagePrice": "$6.00 per 100G"
      }
    }
  },
  {
    "id": "oasis-coffee-greek-style-204328p",
    "brand": "Oasis",
    "name": "Greek Style Coffee",
    "imageUrl": "https://shop.coles.com.au/wcsstore/Coles-CAS/images/2/0/4/204328-th.jpg",
    "categories": ["drinks"],
    "tags": ["coffe-drinks", "coffe-ground"],
    "locations": {
      "vic": {
        "price": 4,
        "promoText": " ",
        "packageSize": "200g",
        "packagePrice": "$2.00 per 100G"
      }
    }
  },
  {
    "id": "grinders-ground-coffee-crema-caffe",
    "brand": "Grinders",
    "name": "Medium Roasted Crema Ground Coffee",
    "imageUrl": "https://shop.coles.com.au/wcsstore/Coles-CAS/images/8/7/6/8769137-th.jpg",
    "categories": ["drinks"],
    "tags": ["coffe-drinks", "coffe-ground"],
    "locations": {
      "vic": {
        "price": 9.55,
        "promoText": " ",
        "packageSize": "200g",
        "packagePrice": "$4.78 per 100G"
      }
    }
  },
  {
    "id": "grinders-ground-coffee-brazil",
    "brand": "Grinders",
    "name": "Rich Espresso Ground Coffee",
    "imageUrl": "https://shop.coles.com.au/wcsstore/Coles-CAS/images/8/7/6/8769160-th.jpg",
    "categories": ["drinks"],
    "tags": ["coffe-drinks", "coffe-ground"],
    "locations": {
      "vic": {
        "price": 9.55,
        "promoText": " ",
        "packageSize": "200g",
        "packagePrice": "$4.78 per 100G"
      }
    }
  },
  {
    "id": "lavazza-cafe-italiano-classico-ground",
    "brand": "Lavazza",
    "name": "Cafe Italiano Classico Ground",
    "imageUrl": "https://shop.coles.com.au/wcsstore/Coles-CAS/images/5/0/2/5023863-th.jpg",
    "categories": ["drinks"],
    "tags": ["coffe-drinks", "coffe-ground"],
    "locations": {
      "vic": {
        "price": 7.5,
        "promoText": " ",
        "packageSize": "250g",
        "packagePrice": "$3.00 per 100G"
      }
    }
  },
  {
    "id": "oxfam-fair-fto-world-coffee-blend-ground",
    "brand": "Oxfam",
    "name": "Fair World Blend Organic Ground Coffee",
    "imageUrl": "https://shop.coles.com.au/wcsstore/Coles-CAS/images/7/8/6/7865226-th.jpg",
    "categories": ["drinks"],
    "tags": ["coffe-drinks", "coffe-ground"],
    "locations": {
      "vic": {
        "price": 9,
        "promoText": " ",
        "packageSize": "250g",
        "packagePrice": "$3.60 per 100G"
      }
    }
  },
  {
    "id": "republica-organic-ground-coffee-sydney-espresso",
    "brand": "Republica",
    "name": "Organic Sydney Double Shot Crema Medium Roast Ground Coffee",
    "imageUrl": "https://shop.coles.com.au/wcsstore/Coles-CAS/images/3/5/2/3525510-th.jpg",
    "categories": ["drinks"],
    "tags": ["coffe-drinks", "coffe-ground"],
    "locations": {
      "vic": {
        "price": 10,
        "promoText": " ",
        "packageSize": "300g",
        "packagePrice": "$3.33 per 100G"
      }
    }
  },
  {
    "id": "vittoria-mountain-grown-ground-coffee",
    "brand": "Vittoria",
    "name": "Mountain Grown Ground Coffee",
    "imageUrl": "https://shop.coles.com.au/wcsstore/Coles-CAS/images/3/2/0/3208336-th.jpg",
    "categories": ["drinks"],
    "tags": ["coffe-drinks", "coffe-ground"],
    "locations": {
      "vic": {
        "price": 8,
        "promoText": " ",
        "packageSize": "200g",
        "packagePrice": "$4.00 per 100G"
      }
    }
  },
  {
    "id": "coles-fairtrade-organic-ground-coffee",
    "brand": "Coles",
    "name": "Urban Coffee Culture Intensity 10 Organic Ground Coffee",
    "imageUrl": "https://shop.coles.com.au/wcsstore/Coles-CAS/images/2/2/6/2262336-th.jpg",
    "categories": ["drinks"],
    "tags": ["coffe-drinks", "coffe-ground"],
    "locations": {
      "vic": {
        "price": 5,
        "promoText": " ",
        "packageSize": "250g",
        "packagePrice": "$2.00 per 100G"
      }
    }
  },
  {
    "id": "harris-strong-coffe-ground",
    "brand": "Harris",
    "name": "Strong Coffee Ground",
    "imageUrl": "https://shop.coles.com.au/wcsstore/Coles-CAS/images/3/7/5/3755383-th.jpg",
    "categories": ["drinks"],
    "tags": ["coffe-drinks", "coffe-ground"],
    "locations": {
      "vic": {
        "price": 15,
        "promoText": "$5.00 ",
        "packageSize": "1kg",
        "packagePrice": "$1.50 per 100G"
      }
    }
  },
  {
    "id": "bushells-coffee-turkish-pure",
    "brand": "Bushells",
    "name": "Turkish Style Pulverised Coffee",
    "imageUrl": "https://shop.coles.com.au/wcsstore/Coles-CAS/images/1/1/6/116457-th.jpg",
    "categories": ["drinks"],
    "tags": ["coffe-drinks", "coffe-ground"],
    "locations": {
      "vic": {
        "price": 5.2,
        "promoText": "$1.30 ",
        "packageSize": "250g",
        "packagePrice": "$2.08 per 100G"
      }
    }
  },
  {
    "id": "aurora-medaglia-doro-coffee-special-ground-italian-blend",
    "brand": "Caffe Aurora",
    "name": "Italian Style Ground Coffee",
    "imageUrl": "https://shop.coles.com.au/wcsstore/Coles-CAS/images/5/1/5/5156798-th.jpg",
    "categories": ["drinks"],
    "tags": ["coffe-drinks", "coffe-ground"],
    "locations": {
      "vic": {
        "price": 12,
        "promoText": "$3.00 ",
        "packageSize": "1kg",
        "packagePrice": "$1.20 per 100G"
      }
    }
  },
  {
    "id": "coles-urban-coffee-culture-ground",
    "brand": "Coles",
    "name": "Urban Coffee Culture Ground Coffee Strong Intensity 10",
    "imageUrl": "https://shop.coles.com.au/wcsstore/Coles-CAS/images/3/4/9/3499705-th.jpg",
    "categories": ["drinks"],
    "tags": ["coffe-drinks", "coffe-ground"],
    "locations": {
      "vic": {
        "price": 12,
        "promoText": " ",
        "packageSize": "1kg",
        "packagePrice": "$1.20 per 100G"
      }
    }
  },
  {
    "id": "coles-urban-coffee-culture-strg-roast-ground",
    "brand": "Coles",
    "name": "Urban Coffee Culture Intensity 10 Ground Coffee Strong",
    "imageUrl": "https://shop.coles.com.au/wcsstore/Coles-CAS/images/3/6/1/3616401-th.jpg",
    "categories": ["drinks"],
    "tags": ["coffe-drinks", "coffe-ground"],
    "locations": {
      "vic": {
        "price": 4.5,
        "promoText": " ",
        "packageSize": "250g",
        "packagePrice": "$1.80 per 100G"
      }
    }
  },
  {
    "id": "daley-stret-medium-dark-coffe-ground",
    "brand": "Daley Street",
    "name": "Medium/Dark Coffee Ground",
    "imageUrl": "https://shop.coles.com.au/wcsstore/Coles-CAS/images/3/7/5/3752589-th.jpg",
    "categories": ["drinks"],
    "tags": ["coffe-drinks", "coffe-ground"],
    "locations": {
      "vic": {
        "price": 9,
        "promoText": " ",
        "packageSize": "200g",
        "packagePrice": "$4.50 per 100G"
      }
    }
  },
  {
    "id": "harris-smoth-coffe-ground",
    "brand": "Harris",
    "name": "Smooth Coffee Ground",
    "imageUrl": "https://shop.coles.com.au/wcsstore/Coles-CAS/images/3/7/5/3755372-th.jpg",
    "categories": ["drinks"],
    "tags": ["coffe-drinks", "coffe-ground"],
    "locations": {
      "vic": {
        "price": 15,
        "promoText": "$5.00 ",
        "packageSize": "1kg",
        "packagePrice": "$1.50 per 100G"
      }
    }
  },
  {
    "id": "melitta-ground-coffee-blue-mountain-style-filter",
    "brand": "Melitta",
    "name": "Blue Mountain Style Medium Roast Ground Coffee",
    "imageUrl": "https://shop.coles.com.au/wcsstore/Coles-CAS/images/3/4/4/344076-th.jpg",
    "categories": ["drinks"],
    "tags": ["coffe-drinks", "coffe-ground"],
    "locations": {
      "vic": {
        "price": 5.3,
        "promoText": " ",
        "packageSize": "250g",
        "packagePrice": "$2.12 per 100G"
      }
    }
  },
  {
    "id": "delta-coffee-ground-premium-blend",
    "brand": "Chicco D'Oro",
    "name": "Premium Blend Delta Ground Coffee",
    "imageUrl": "https://shop.coles.com.au/wcsstore/Coles-CAS/images/7/3/9/7397638-th.jpg",
    "categories": ["drinks"],
    "tags": ["coffe-drinks", "coffe-ground"],
    "locations": {
      "vic": {
        "price": 3,
        "promoText": " ",
        "packageSize": "200g",
        "packagePrice": "$1.50 per 100G"
      }
    }
  },
  {
    "id": "coles-urban-coffee-culture-s-o-ground-brazil",
    "brand": "Coles",
    "name": "Urban Coffee Culture Brazil Ground Intensity 10",
    "imageUrl": "https://shop.coles.com.au/wcsstore/Coles-CAS/images/3/4/9/3499727-th.jpg",
    "categories": ["drinks"],
    "tags": ["coffe-drinks", "coffe-ground"],
    "locations": {
      "vic": {
        "price": 6,
        "promoText": " ",
        "packageSize": "250g",
        "packagePrice": "$2.40 per 100G"
      }
    }
  },
  {
    "id": "coles-urban-coffee-culture-s-o-grnd-columbia",
    "brand": "Coles",
    "name": "Urban Coffee Culture Intensity 9 Columbia Ground",
    "imageUrl": "https://shop.coles.com.au/wcsstore/Coles-CAS/images/3/4/9/3499738-th.jpg",
    "categories": ["drinks"],
    "tags": ["coffe-drinks", "coffe-ground"],
    "locations": {
      "vic": {
        "price": 6,
        "promoText": " ",
        "packageSize": "250g",
        "packagePrice": "$2.40 per 100G"
      }
    }
  },
  {
    "id": "daley-stret-medium-coffe-ground",
    "brand": "Daley Street",
    "name": "Medium Coffee Ground",
    "imageUrl": "https://shop.coles.com.au/wcsstore/Coles-CAS/images/3/7/5/3752590-th.jpg",
    "categories": ["drinks"],
    "tags": ["coffe-drinks", "coffe-ground"],
    "locations": {
      "vic": {
        "price": 9,
        "promoText": " ",
        "packageSize": "200g",
        "packagePrice": "$4.50 per 100G"
      }
    }
  },
  {
    "id": "grinders-ground-coffee-espresso",
    "brand": "Grinders",
    "name": "Rich & Bold Espresso Ground Coffee",
    "imageUrl": "https://shop.coles.com.au/wcsstore/Coles-CAS/images/3/5/3/3532695-th.jpg",
    "categories": ["drinks"],
    "tags": ["coffe-drinks", "coffe-ground"],
    "locations": {
      "vic": {
        "price": 9.55,
        "promoText": " ",
        "packageSize": "200g",
        "packagePrice": "$4.78 per 100G"
      }
    }
  },
  {
    "id": "lavazza-ground-decaffeinated",
    "brand": "Lavazza",
    "name": "Decaffeinated Ground Coffee Medium Roast",
    "imageUrl": "https://shop.coles.com.au/wcsstore/Coles-CAS/images/3/2/0/3208631-th.jpg",
    "categories": ["drinks"],
    "tags": ["coffe-drinks", "coffe-ground"],
    "locations": {
      "vic": {
        "price": 7.5,
        "promoText": " ",
        "packageSize": "250g",
        "packagePrice": "$3.00 per 100G"
      }
    }
  },
  {
    "id": "lavazza-qualita-rossa-ground",
    "brand": "Lavazza",
    "name": "Qualita Rossa Ground",
    "imageUrl": "https://shop.coles.com.au/wcsstore/Coles-CAS/images/3/7/5/3756568-th.jpg",
    "categories": ["drinks"],
    "tags": ["coffe-drinks", "coffe-ground"],
    "locations": {
      "vic": {
        "price": 15,
        "promoText": "$7.00 ",
        "packageSize": "1kg",
        "packagePrice": "$1.50 per 100G"
      }
    }
  },
  {
    "id": "melitta-filter-coffee-italian-gourmet",
    "brand": "Melitta",
    "name": "Italian Gourmet Dark Roast Ground Coffee",
    "imageUrl": "https://shop.coles.com.au/wcsstore/Coles-CAS/images/9/4/5/9456862-th.jpg",
    "categories": ["drinks"],
    "tags": ["coffe-drinks", "coffe-ground"],
    "locations": {
      "vic": {
        "price": 5.3,
        "promoText": " ",
        "packageSize": "250g",
        "packagePrice": "$2.12 per 100G"
      }
    }
  },
  {
    "id": "melita-espresso-coffee-gusto-milano",
    "brand": "Melitta",
    "name": "Espresso Gusto Milano Dark Roast Ground Coffee",
    "imageUrl": "https://shop.coles.com.au/wcsstore/Coles-CAS/images/3/2/0/3209000-th.jpg",
    "categories": ["drinks"],
    "tags": ["coffe-drinks", "coffe-ground"],
    "locations": {
      "vic": {
        "price": 5.3,
        "promoText": " ",
        "packageSize": "250g",
        "packagePrice": "$2.12 per 100G"
      }
    }
  },
  {
    "id": "republica-organic-ground-coffee-melbourne-espresso",
    "brand": "Republica",
    "name": "Organic Melbourne Laneway Ristretto Dark Roast Ground Coffee",
    "imageUrl": "https://shop.coles.com.au/wcsstore/Coles-CAS/images/3/5/3/3531105-th.jpg",
    "categories": ["drinks"],
    "tags": ["coffe-drinks", "coffe-ground"],
    "locations": {
      "vic": {
        "price": 10,
        "promoText": " ",
        "packageSize": "300g",
        "packagePrice": "$3.33 per 100G"
      }
    }
  },
  {
    "id": "starbucks-caffe-verona-ground",
    "brand": "Starbucks",
    "name": "Caffe Verona Ground",
    "imageUrl": "https://shop.coles.com.au/wcsstore/Coles-CAS/images/3/7/7/3771470-th.jpg",
    "categories": ["drinks"],
    "tags": ["coffe-drinks", "coffe-ground"],
    "locations": {
      "vic": {
        "price": 9,
        "promoText": " ",
        "packageSize": "200g",
        "packagePrice": "$4.50 per 100G"
      }
    }
  },
  {
    "id": "starbucks-house-blend-ground",
    "brand": "Starbucks",
    "name": "House Blend Ground",
    "imageUrl": "https://shop.coles.com.au/wcsstore/Coles-CAS/images/3/7/7/3771481-th.jpg",
    "categories": ["drinks"],
    "tags": ["coffe-drinks", "coffe-ground"],
    "locations": {
      "vic": {
        "price": 9,
        "promoText": " ",
        "packageSize": "200g",
        "packagePrice": "$4.50 per 100G"
      }
    }
  },
  {
    "id": "nescafe-blend-43-coffee-granules",
    "brand": "Nescafe",
    "name": "Blend 43 Instant Coffee",
    "imageUrl": "https://shop.coles.com.au/wcsstore/Coles-CAS/images/2/0/2/202672-th.jpg",
    "categories": ["drinks"],
    "tags": ["coffe-drinks", "coffe-instant"],
    "locations": {
      "vic": {
        "price": 20,
        "promoText": " ",
        "packageSize": "500g",
        "packagePrice": "$4.00 per 100G"
      }
    }
  },
  {
    "id": "moccona-classic--coffee-freeze-dried",
    "brand": "Moccona",
    "name": "Classic Medium Roast Instant Coffee",
    "imageUrl": "https://shop.coles.com.au/wcsstore/Coles-CAS/images/9/6/9/9693915-th.jpg",
    "categories": ["drinks"],
    "tags": ["coffe-drinks", "coffe-instant"],
    "locations": {
      "vic": {
        "price": 24,
        "promoText": " ",
        "packageSize": "400g",
        "packagePrice": "$6.00 per 100G"
      }
    }
  },
  {
    "id": "nescafe-blend-43-coffee-granules-116322p",
    "brand": "Nescafe",
    "name": "Blend 43 Instant Coffee",
    "imageUrl": "https://shop.coles.com.au/wcsstore/Coles-CAS/images/1/1/6/116322-th.jpg",
    "categories": ["drinks"],
    "tags": ["coffe-drinks", "coffe-instant"],
    "locations": {
      "vic": {
        "price": 9.4,
        "promoText": " ",
        "packageSize": "150g",
        "packagePrice": "$6.27 per 100G"
      }
    }
  },
  {
    "id": "moccona-instant-coffee-classic-freeze-dried-medium-roast",
    "brand": "Moccona",
    "name": "Classic Medium Roast Instant Coffee",
    "imageUrl": "https://shop.coles.com.au/wcsstore/Coles-CAS/images/2/3/1/231251-th.jpg",
    "categories": ["drinks"],
    "tags": ["coffe-drinks", "coffe-instant"],
    "locations": {
      "vic": {
        "price": 9,
        "promoText": "$4.00 ",
        "packageSize": "200g",
        "packagePrice": "$4.50 per 100G"
      }
    }
  },
  {
    "id": "moccona-barista-reserve-smooth-espresso",
    "brand": "Moccona",
    "name": "Barista Reserve Smooth Espresso Instant Coffee",
    "imageUrl": "https://shop.coles.com.au/wcsstore/Coles-CAS/images/3/2/0/3208482-th.jpg",
    "categories": ["drinks"],
    "tags": ["coffe-drinks", "coffe-instant"],
    "locations": {
      "vic": {
        "price": 9,
        "promoText": "$9.00 ",
        "packageSize": "175g",
        "packagePrice": "$5.14 per 100G"
      }
    }
  },
  {
    "id": "lavazza--prontissimo-coffee-intenso",
    "brand": "Lavazza",
    "name": "Prontissimo Intenso Instant Coffee",
    "imageUrl": "https://shop.coles.com.au/wcsstore/Coles-CAS/images/2/8/4/2840750-th.jpg",
    "categories": ["drinks"],
    "tags": ["coffe-drinks", "coffe-instant"],
    "locations": {
      "vic": {
        "price": 10,
        "promoText": " ",
        "packageSize": "95g",
        "packagePrice": "$10.53 per 100G"
      }
    }
  },
  {
    "id": "nescafe-blend-43-instant-granules",
    "brand": "Nescafe",
    "name": "Blend 43 Instant Coffee",
    "imageUrl": "https://shop.coles.com.au/wcsstore/Coles-CAS/images/1/1/6/116402-th.jpg",
    "categories": ["drinks"],
    "tags": ["coffe-drinks", "coffe-instant"],
    "locations": {
      "vic": {
        "price": 10.75,
        "promoText": "Was $14.69 on May 2018 ",
        "packageSize": "250g",
        "packagePrice": "$4.30 per 100G"
      }
    }
  },
  {
    "id": "moccona-classic-coffee-freeze-dried-dark",
    "brand": "Moccona",
    "name": "Classic Dark Roast Instant Coffee",
    "imageUrl": "https://shop.coles.com.au/wcsstore/Coles-CAS/images/6/8/3/6835015-th.jpg",
    "categories": ["drinks"],
    "tags": ["coffe-drinks", "coffe-instant"],
    "locations": {
      "vic": {
        "price": 24,
        "promoText": " ",
        "packageSize": "400g",
        "packagePrice": "$6.00 per 100G"
      }
    }
  },
  {
    "id": "nescafe-coffee-gold-blend-original",
    "brand": "Nescafe",
    "name": "Gold Original Instant Coffee",
    "imageUrl": "https://shop.coles.com.au/wcsstore/Coles-CAS/images/8/0/4/8048033-th.jpg",
    "categories": ["drinks"],
    "tags": ["coffe-drinks", "coffe-instant"],
    "locations": {
      "vic": {
        "price": 11.5,
        "promoText": "Was $12.00 on Jun 2020 ",
        "packageSize": "200g",
        "packagePrice": "$5.75 per 100G"
      }
    }
  },
  {
    "id": "moccona-coffee-instant-caramel",
    "brand": "Moccona",
    "name": "Caramel Flavor Infused Instant Coffee",
    "imageUrl": "https://shop.coles.com.au/wcsstore/Coles-CAS/images/9/9/2/9928848-th.jpg",
    "categories": ["drinks"],
    "tags": ["coffe-drinks", "coffe-instant"],
    "locations": {
      "vic": {
        "price": 9.95,
        "promoText": " ",
        "packageSize": "95g",
        "packagePrice": "$10.47 per 100G"
      }
    }
  },
  {
    "id": "robert-timms-coffee-bags-decaf",
    "brand": "Robert Timms",
    "name": "Decaffeinated Coffee Bags 18 pack",
    "imageUrl": "https://shop.coles.com.au/wcsstore/Coles-CAS/images/6/4/1/6415064-th.jpg",
    "categories": ["drinks"],
    "tags": ["coffe-drinks", "coffe-instant"],
    "locations": {
      "vic": {
        "price": 7.4,
        "promoText": " ",
        "packageSize": "105g",
        "packagePrice": "$7.05 per 100G"
      }
    }
  },
  {
    "id": "nescafe-blend-43-decaf",
    "brand": "Nescafe",
    "name": "Blend 43 Decaf",
    "imageUrl": "https://shop.coles.com.au/wcsstore/Coles-CAS/images/4/1/5/415174-th.jpg",
    "categories": ["drinks"],
    "tags": ["coffe-drinks", "coffe-instant"],
    "locations": {
      "vic": {
        "price": 9.4,
        "promoText": " ",
        "packageSize": "100g",
        "packagePrice": "$9.40 per 100G"
      }
    }
  },
  {
    "id": "robert-timms-coffee-premium-full-bodied-granulated",
    "brand": "Robert Timms",
    "name": "Premium Full Bodied Granulated Coffee",
    "imageUrl": "https://shop.coles.com.au/wcsstore/Coles-CAS/images/4/9/6/4965712-th.jpg",
    "categories": ["drinks"],
    "tags": ["coffe-drinks", "coffe-instant"],
    "locations": {
      "vic": {
        "price": 8,
        "promoText": " ",
        "packageSize": "200g",
        "packagePrice": "$4.00 per 100G"
      }
    }
  },
  {
    "id": "robert-timms-gold-colombia-coffee-bags",
    "brand": "Robert Timms",
    "name": "Gold Colombia Coffee Bags Strong 28 Pack",
    "imageUrl": "https://shop.coles.com.au/wcsstore/Coles-CAS/images/3/5/1/3511630-th.jpg",
    "categories": ["drinks"],
    "tags": ["coffe-drinks", "coffe-instant"],
    "locations": {
      "vic": {
        "price": 9.65,
        "promoText": " ",
        "packageSize": "160g",
        "packagePrice": "$6.03 per 100G"
      }
    }
  },
  {
    "id": "lavazza-prontissimo-coffe-espresso",
    "brand": "Lavazza",
    "name": "Prontissimo Coffee Espresso",
    "imageUrl": "https://shop.coles.com.au/wcsstore/Coles-CAS/images/3/7/5/3756524-th.jpg",
    "categories": ["drinks"],
    "tags": ["coffe-drinks", "coffe-instant"],
    "locations": {
      "vic": {
        "price": 10,
        "promoText": " ",
        "packageSize": "95g",
        "packagePrice": "$10.53 per 100G"
      }
    }
  },
  {
    "id": "moccona-coffee-classic-freeze-dried-medium-roast",
    "brand": "Moccona",
    "name": "Classic Medium Roast Instant Coffee",
    "imageUrl": "https://shop.coles.com.au/wcsstore/Coles-CAS/images/3/0/3/303556-th.jpg",
    "categories": ["drinks"],
    "tags": ["coffe-drinks", "coffe-instant"],
    "locations": {
      "vic": {
        "price": 9.95,
        "promoText": " ",
        "packageSize": "100g",
        "packagePrice": "$9.95 per 100G"
      }
    }
  },
  {
    "id": "republica-100%25-pure-coffee-decaffinated-100g",
    "brand": "Republica Organic",
    "name": "Medium Roast Decaffeinated Coffee",
    "imageUrl": "https://shop.coles.com.au/wcsstore/Coles-CAS/images/8/6/4/8648019-th.jpg",
    "categories": ["drinks"],
    "tags": ["coffe-drinks", "coffe-instant"],
    "locations": {
      "vic": {
        "price": 11,
        "promoText": " ",
        "packageSize": "100g",
        "packagePrice": "$11.00 per 100G"
      }
    }
  },
  {
    "id": "robert-timms-coffee-bags-mocha-kenya-style",
    "brand": "Robert Timms",
    "name": "Mocha Kenya Style Coffee Bags 28 pack",
    "imageUrl": "https://shop.coles.com.au/wcsstore/Coles-CAS/images/5/6/9/5698633-th.jpg",
    "categories": ["drinks"],
    "tags": ["coffe-drinks", "coffe-instant"],
    "locations": {
      "vic": {
        "price": 9.65,
        "promoText": " ",
        "packageSize": "160g",
        "packagePrice": "$0.06 per 1G"
      }
    }
  },
  {
    "id": "moccona-freeze-dried-espresso-instant-coffee-granules",
    "brand": "Moccona",
    "name": "Espresso Style Bold & Intense Instant Coffee",
    "imageUrl": "https://shop.coles.com.au/wcsstore/Coles-CAS/images/2/2/6/2269175-th.jpg",
    "categories": ["drinks"],
    "tags": ["coffe-drinks", "coffe-instant"],
    "locations": {
      "vic": {
        "price": 24,
        "promoText": " ",
        "packageSize": "400g",
        "packagePrice": "$6.00 per 100G"
      }
    }
  },
  {
    "id": "nescafe-gold-softpack",
    "brand": "Nescafe",
    "name": "Gold Original Ground Coffee Medium Refill Pack",
    "imageUrl": "https://shop.coles.com.au/wcsstore/Coles-CAS/images/3/6/3/3636806-th.jpg",
    "categories": ["drinks"],
    "tags": ["coffe-drinks", "coffe-instant"],
    "locations": {
      "vic": {
        "price": 19,
        "promoText": " ",
        "packageSize": "320g",
        "packagePrice": "$5.94 per 100G"
      }
    }
  },
  {
    "id": "republica-100%25-pure-coffee-colombian-100g",
    "brand": "Republica Organic",
    "name": "South American Medium Roast Freeze Dried Instant Coffee",
    "imageUrl": "https://shop.coles.com.au/wcsstore/Coles-CAS/images/8/6/4/8649077-th.jpg",
    "categories": ["drinks", "healthy-living"],
    "tags": ["coffe-drinks", "coffe-instant"],
    "locations": {
      "vic": {
        "price": 8.5,
        "promoText": "$1.50 ",
        "packageSize": "100g",
        "packagePrice": "$8.50 per 100G"
      }
    }
  },
  {
    "id": "coles-coffee-gold-freeze-dried-fairtrade-organic",
    "brand": "Coles",
    "name": "Organic Fairtrade Gold Freeze Dried Coffee",
    "imageUrl": "https://shop.coles.com.au/wcsstore/Coles-CAS/images/7/3/9/7393433-th.jpg",
    "categories": ["drinks"],
    "tags": ["coffe-drinks", "coffe-instant"],
    "locations": {
      "vic": {
        "price": 4,
        "promoText": " ",
        "packageSize": "100g",
        "packagePrice": "$4.00 per 100G"
      }
    }
  },
  {
    "id": "international-roast-coffee-powder",
    "brand": "International Roast",
    "name": "Instant Coffee",
    "imageUrl": "https://shop.coles.com.au/wcsstore/Coles-CAS/images/3/4/0/340246-th.jpg",
    "categories": ["drinks"],
    "tags": ["coffe-drinks", "coffe-instant"],
    "locations": {
      "vic": {
        "price": 8,
        "promoText": " ",
        "packageSize": "500g",
        "packagePrice": "$1.60 per 100G"
      }
    }
  },
  {
    "id": "moccona-coffee-classic-dark-roast",
    "brand": "Moccona",
    "name": "Classic Dark Roast Instant Coffee",
    "imageUrl": "https://shop.coles.com.au/wcsstore/Coles-CAS/images/5/0/1/5018874-th.jpg",
    "categories": ["drinks"],
    "tags": ["coffe-drinks", "coffe-instant"],
    "locations": {
      "vic": {
        "price": 9.95,
        "promoText": " ",
        "packageSize": "100g",
        "packagePrice": "$9.95 per 100G"
      }
    }
  },
  {
    "id": "moccona-coffee-classic-medium-roast",
    "brand": "Moccona",
    "name": "Classic Medium Roast Instant Coffee",
    "imageUrl": "https://shop.coles.com.au/wcsstore/Coles-CAS/images/1/7/3/173144-th.jpg",
    "categories": ["drinks"],
    "tags": ["coffe-drinks", "coffe-instant"],
    "locations": {
      "vic": {
        "price": 6,
        "promoText": " ",
        "packageSize": "50g",
        "packagePrice": "$12.00 per 100G"
      }
    }
  },
  {
    "id": "moccona-coffee-instant-hazelnut",
    "brand": "Moccona",
    "name": "Hazelnut Flavour Infused Instant Coffee",
    "imageUrl": "https://shop.coles.com.au/wcsstore/Coles-CAS/images/9/9/2/9928859-th.jpg",
    "categories": ["drinks"],
    "tags": ["coffe-drinks", "coffe-instant"],
    "locations": {
      "vic": {
        "price": 9.95,
        "promoText": " ",
        "packageSize": "95g",
        "packagePrice": "$10.47 per 100G"
      }
    }
  },
  {
    "id": "nescafe-espresso-coffee",
    "brand": "Nescafe",
    "name": "Blend 43 Espresso Instant Coffee",
    "imageUrl": "https://shop.coles.com.au/wcsstore/Coles-CAS/images/8/2/2/8229231-th.jpg",
    "categories": ["drinks"],
    "tags": ["coffe-drinks", "coffe-instant"],
    "locations": {
      "vic": {
        "price": 9.4,
        "promoText": " ",
        "packageSize": "150g",
        "packagePrice": "$6.27 per 100G"
      }
    }
  },
  {
    "id": "nescafe-instant-mild-roast-coffee",
    "brand": "Nescafe",
    "name": "Blend 43 Mild Roast Instant Coffee",
    "imageUrl": "https://shop.coles.com.au/wcsstore/Coles-CAS/images/8/2/2/8228669-th.jpg",
    "categories": ["drinks"],
    "tags": ["coffe-drinks", "coffe-instant"],
    "locations": {
      "vic": {
        "price": 9.4,
        "promoText": " ",
        "packageSize": "150g",
        "packagePrice": "$6.27 per 100G"
      }
    }
  },
  {
    "id": "nescafe-gold-coffee",
    "brand": "Nescafe",
    "name": "Gold Intense Ground Coffee",
    "imageUrl": "https://shop.coles.com.au/wcsstore/Coles-CAS/images/3/2/0/3208198-th.jpg",
    "categories": ["drinks"],
    "tags": ["coffe-drinks", "coffe-instant"],
    "locations": {
      "vic": {
        "price": 11.5,
        "promoText": "Was $12.00 on Jun 2020 ",
        "packageSize": "200g",
        "packagePrice": "$5.75 per 100G"
      }
    }
  },
  {
    "id": "coles-coffee-instant-decaffeinated",
    "brand": "Coles",
    "name": "Coffee Decaffeinated",
    "imageUrl": "https://shop.coles.com.au/wcsstore/Coles-CAS/images/5/3/3/5334660-th.jpg",
    "categories": ["drinks"],
    "tags": ["coffe-drinks", "coffe-instant"],
    "locations": {
      "vic": {
        "price": 4,
        "promoText": " ",
        "packageSize": "100g",
        "packagePrice": "$4.00 per 100G"
      }
    }
  },
  {
    "id": "coles-smart-buy-coffee-instant-powder",
    "brand": "Coles",
    "name": "Instant Coffee Powder",
    "imageUrl": "https://shop.coles.com.au/wcsstore/Coles-CAS/images/5/3/3/5334648-th.jpg",
    "categories": ["drinks"],
    "tags": ["coffe-drinks", "coffe-instant"],
    "locations": {
      "vic": {
        "price": 2.9,
        "promoText": " ",
        "packageSize": "200g",
        "packagePrice": "$1.45 per 100G"
      }
    }
  },
  {
    "id": "moccona-coffee-classic-dark-roast-5018863p",
    "brand": "Moccona",
    "name": "Classic Dark Roast Instant Coffee",
    "imageUrl": "https://shop.coles.com.au/wcsstore/Coles-CAS/images/5/0/1/5018863-th.jpg",
    "categories": ["drinks"],
    "tags": ["coffe-drinks", "coffe-instant"],
    "locations": {
      "vic": {
        "price": 9,
        "promoText": "$4.00 ",
        "packageSize": "200g",
        "packagePrice": "$4.50 per 100G"
      }
    }
  },
  {
    "id": "moccona-coffee-decaffienated",
    "brand": "Moccona",
    "name": "Classic Medium Decaffeinated Instant Coffee",
    "imageUrl": "https://shop.coles.com.au/wcsstore/Coles-CAS/images/2/5/2/25249-th.jpg",
    "categories": ["drinks"],
    "tags": ["coffe-drinks", "coffe-instant"],
    "locations": {
      "vic": {
        "price": 12.5,
        "promoText": " ",
        "packageSize": "100g",
        "packagePrice": "$12.50 per 100G"
      }
    }
  },
  {
    "id": "moccona-freeze-dried-coffee-indulgence",
    "brand": "Moccona",
    "name": "Indulgence Speciality Blend Coffee",
    "imageUrl": "https://shop.coles.com.au/wcsstore/Coles-CAS/images/3/2/3/3232465-th.jpg",
    "categories": ["drinks"],
    "tags": ["coffe-drinks", "coffe-instant"],
    "locations": {
      "vic": {
        "price": 16,
        "promoText": "Was $19.00 on Jun 2018 ",
        "packageSize": "200g",
        "packagePrice": "$8.00 per 100G"
      }
    }
  },
  {
    "id": "moccona-specialty-blend-coffe-intense",
    "brand": "Moccona",
    "name": "Specialty Blend Coffee Intense",
    "imageUrl": "https://shop.coles.com.au/wcsstore/Coles-CAS/images/3/7/5/3755248-th.jpg",
    "categories": ["drinks"],
    "tags": ["coffe-drinks", "coffe-instant"],
    "locations": {
      "vic": {
        "price": 16,
        "promoText": " ",
        "packageSize": "200g",
        "packagePrice": "$8.00 per 100G"
      }
    }
  },
  {
    "id": "nescafe-blend-43-smooth-creamy-coffee",
    "brand": "Nescafe",
    "name": "Blend 43 Smooth & Creamy Instant Coffee",
    "imageUrl": "https://shop.coles.com.au/wcsstore/Coles-CAS/images/2/1/2/2125460-th.jpg",
    "categories": ["drinks"],
    "tags": ["coffe-drinks", "coffe-instant"],
    "locations": {
      "vic": {
        "price": 9.4,
        "promoText": " ",
        "packageSize": "140g",
        "packagePrice": "$6.71 per 100G"
      }
    }
  },
  {
    "id": "nescafe-gold-coffee-smooth",
    "brand": "Nescafe",
    "name": "Gold Smooth Mild Ground Coffee",
    "imageUrl": "https://shop.coles.com.au/wcsstore/Coles-CAS/images/3/2/0/3208165-th.jpg",
    "categories": ["drinks"],
    "tags": ["coffe-drinks", "coffe-instant"],
    "locations": {
      "vic": {
        "price": 9,
        "promoText": " ",
        "packageSize": "90g",
        "packagePrice": "$10.00 per 100G"
      }
    }
  },
  {
    "id": "nescafe-blend-43-coffe-espresso",
    "brand": "Nescafe",
    "name": "Blend 43 Coffee Espresso",
    "imageUrl": "https://shop.coles.com.au/wcsstore/Coles-CAS/images/3/7/7/3772961-th.jpg",
    "categories": ["drinks"],
    "tags": ["coffe-drinks", "coffe-instant"],
    "locations": {
      "vic": {
        "price": 20,
        "promoText": "Any 2 $28",
        "packageSize": "500g",
        "packagePrice": "$4.00 per 100G"
      }
    }
  },
  {
    "id": "starbucks-medium-roast-premium-instant-coffe",
    "brand": "Starbucks",
    "name": "Medium Roast Premium Instant Coffee",
    "imageUrl": "https://shop.coles.com.au/wcsstore/Coles-CAS/images/3/7/7/3771798-th.jpg",
    "categories": ["drinks"],
    "tags": ["coffe-drinks", "coffe-instant"],
    "locations": {
      "vic": {
        "price": 9.95,
        "promoText": " ",
        "packageSize": "90g",
        "packagePrice": "$11.06 per 100G"
      }
    }
  },
  {
    "id": "moccona-mocha-kenya-style-instant-freeze-dried-coffee",
    "brand": "Moccona",
    "name": "Mocha Kenya Style Rich & Exotic Instant Coffee",
    "imageUrl": "https://shop.coles.com.au/wcsstore/Coles-CAS/images/7/4/7/7479335-th.jpg",
    "categories": ["drinks"],
    "tags": ["coffe-drinks", "coffe-instant"],
    "locations": {
      "vic": {
        "price": 9,
        "promoText": "$4.00 ",
        "packageSize": "200g",
        "packagePrice": "$4.50 per 100G"
      }
    }
  },
  {
    "id": "moccona-barista-reserve-coffee-crema",
    "brand": "Moccona",
    "name": "Barista Reserve Crema Instant Coffee",
    "imageUrl": "https://shop.coles.com.au/wcsstore/Coles-CAS/images/3/2/0/3208493-th.jpg",
    "categories": ["drinks"],
    "tags": ["coffe-drinks", "coffe-instant"],
    "locations": {
      "vic": {
        "price": 9,
        "promoText": "$9.00 ",
        "packageSize": "175g",
        "packagePrice": "$5.14 per 100G"
      }
    }
  },
  {
    "id": "nescafe-gold-blend-coffee-original-8049750p",
    "brand": "Nescafe",
    "name": "Gold Original Premium Instant Coffee",
    "imageUrl": "https://shop.coles.com.au/wcsstore/Coles-CAS/images/8/0/4/8049750-th.jpg",
    "categories": ["drinks"],
    "tags": ["coffe-drinks", "coffe-instant"],
    "locations": {
      "vic": {
        "price": 9.5,
        "promoText": " ",
        "packageSize": "100g",
        "packagePrice": "$9.50 per 100G"
      }
    }
  },
  {
    "id": "nescafe-coffee-green-blend",
    "brand": "Nescafe",
    "name": "Green Blend Instant Coffee",
    "imageUrl": "https://shop.coles.com.au/wcsstore/Coles-CAS/images/8/0/5/8051118-th.jpg",
    "categories": ["drinks"],
    "tags": ["coffe-drinks", "coffe-instant"],
    "locations": {
      "vic": {
        "price": 11,
        "promoText": " ",
        "packageSize": "100g",
        "packagePrice": "$11.00 per 100G"
      }
    }
  },
  {
    "id": "nescafe-blend-43-coffee-granules-116220p",
    "brand": "Nescafe",
    "name": "Blend 43 Instant Coffee",
    "imageUrl": "https://shop.coles.com.au/wcsstore/Coles-CAS/images/1/1/6/116220-th.jpg",
    "categories": ["drinks"],
    "tags": ["coffe-drinks", "coffe-instant"],
    "locations": {
      "vic": {
        "price": 5,
        "promoText": " ",
        "packageSize": "50g",
        "packagePrice": "$10.00 per 100G"
      }
    }
  },
  {
    "id": "robert-timms-premium-coffee-espresso",
    "brand": "Robert Timms",
    "name": "Premium Espresso Extra Dark Roasted Granulated Coffee",
    "imageUrl": "https://shop.coles.com.au/wcsstore/Coles-CAS/images/8/6/3/8639925-th.jpg",
    "categories": ["drinks"],
    "tags": ["coffe-drinks", "coffe-instant"],
    "locations": {
      "vic": {
        "price": 8,
        "promoText": " ",
        "packageSize": "200g",
        "packagePrice": "$4.00 per 100G"
      }
    }
  },
  {
    "id": "robert-timms-cafe-series-coffee-bags-arabica-dark",
    "brand": "Robert Timms",
    "name": "Cafe Series Arabica Dark Roast Coffee Bags 10 Pack",
    "imageUrl": "https://shop.coles.com.au/wcsstore/Coles-CAS/images/3/5/1/3511651-th.jpg",
    "categories": ["drinks"],
    "tags": ["coffe-drinks", "coffe-instant"],
    "locations": {
      "vic": {
        "price": 5.95,
        "promoText": " ",
        "packageSize": "58g",
        "packagePrice": "$1.03 per 10G"
      }
    }
  },
  {
    "id": "bushells-coffee-powder-instant",
    "brand": "Bushells",
    "name": "Classic Gourmet Instant Coffee",
    "imageUrl": "https://shop.coles.com.au/wcsstore/Coles-CAS/images/8/4/5/8456958-th.jpg",
    "categories": ["drinks"],
    "tags": ["coffe-drinks", "coffe-instant"],
    "locations": {
      "vic": {
        "price": 6,
        "promoText": " ",
        "packageSize": "200g",
        "packagePrice": "$3.00 per 100G"
      }
    }
  },
  {
    "id": "coles-smart-buy-coffee-instant-granules",
    "brand": "Coles",
    "name": "Original Granulated Coffee",
    "imageUrl": "https://shop.coles.com.au/wcsstore/Coles-CAS/images/5/8/9/5892498-th.jpg",
    "categories": ["drinks"],
    "tags": ["coffe-drinks", "coffe-instant"],
    "locations": {
      "vic": {
        "price": 3.7,
        "promoText": " ",
        "packageSize": "200g",
        "packagePrice": "$1.85 per 100G"
      }
    }
  },
  {
    "id": "coles-freeze-dried-coffee",
    "brand": "Coles",
    "name": "Medium Roast Freeze Dried Coffee",
    "imageUrl": "https://shop.coles.com.au/wcsstore/Coles-CAS/images/3/4/6/3465725-th.jpg",
    "categories": ["drinks"],
    "tags": ["coffe-drinks", "coffe-instant"],
    "locations": {
      "vic": {
        "price": 6,
        "promoText": " ",
        "packageSize": "200g",
        "packagePrice": "$3.00 per 100G"
      }
    }
  },
  {
    "id": "moccona-espresso-style-instant-freeze-dried-coffee",
    "brand": "Moccona",
    "name": "Espresso Style Bold & Intense Instant Coffee",
    "imageUrl": "https://shop.coles.com.au/wcsstore/Coles-CAS/images/7/4/7/7479357-th.jpg",
    "categories": ["drinks"],
    "tags": ["coffe-drinks", "coffe-instant"],
    "locations": {
      "vic": {
        "price": 9,
        "promoText": "$4.00 ",
        "packageSize": "200g",
        "packagePrice": "$4.50 per 100G"
      }
    }
  },
  {
    "id": "moccona-french-style-instant-freeze-dried-coffee-7479324p",
    "brand": "Moccona",
    "name": "French Style Smooth & Rounded Instant Coffee",
    "imageUrl": "https://shop.coles.com.au/wcsstore/Coles-CAS/images/7/4/7/7479324-th.jpg",
    "categories": ["drinks"],
    "tags": ["coffe-drinks", "coffe-instant"],
    "locations": {
      "vic": {
        "price": 9,
        "promoText": "$4.00 ",
        "packageSize": "200g",
        "packagePrice": "$4.50 per 100G"
      }
    }
  },
  {
    "id": "moccona-freeze-dried-coffee-rich",
    "brand": "Moccona",
    "name": "Rich & Dark Speciality Blend Coffee",
    "imageUrl": "https://shop.coles.com.au/wcsstore/Coles-CAS/images/3/2/3/3232476-th.jpg",
    "categories": ["drinks"],
    "tags": ["coffe-drinks", "coffe-instant"],
    "locations": {
      "vic": {
        "price": 16,
        "promoText": "Was $19.00 on Jun 2018 ",
        "packageSize": "200g",
        "packagePrice": "$8.00 per 100G"
      }
    }
  },
  {
    "id": "moccona-barista-reserve-coffee-rich-esprsso",
    "brand": "Moccona",
    "name": "Barista Reserve Rich Espresso Instant Coffee",
    "imageUrl": "https://shop.coles.com.au/wcsstore/Coles-CAS/images/3/2/0/3208471-th.jpg",
    "categories": ["drinks"],
    "tags": ["coffe-drinks", "coffe-instant"],
    "locations": {
      "vic": {
        "price": 9,
        "promoText": "$9.00 ",
        "packageSize": "175g",
        "packagePrice": "$5.14 per 100G"
      }
    }
  },
  {
    "id": "moccona-ristretto-freeze-dried-inst-coffee",
    "brand": "Moccona",
    "name": "Ristretto Freeze Dried Coffee Intensity 12",
    "imageUrl": "https://shop.coles.com.au/wcsstore/Coles-CAS/images/3/5/1/3512654-th.jpg",
    "categories": ["drinks"],
    "tags": ["coffe-drinks", "coffe-instant"],
    "locations": {
      "vic": {
        "price": 16,
        "promoText": "Was $19.00 on Jun 2019 ",
        "packageSize": "200g",
        "packagePrice": "$8.00 per 100G"
      }
    }
  },
  {
    "id": "nescafe-gold-blend-coffee-shortblack",
    "brand": "Nescafe",
    "name": "Gold Short Black Strong Instant Coffee",
    "imageUrl": "https://shop.coles.com.au/wcsstore/Coles-CAS/images/8/0/5/8050829-th.jpg",
    "categories": ["drinks"],
    "tags": ["coffe-drinks", "coffe-instant"],
    "locations": {
      "vic": {
        "price": 11,
        "promoText": " ",
        "packageSize": "100g",
        "packagePrice": "$11.00 per 100G"
      }
    }
  },
  {
    "id": "nescafe-gold-coffee-smooth-3208201p",
    "brand": "Nescafe",
    "name": "Gold Smooth Mild Ground Coffee",
    "imageUrl": "https://shop.coles.com.au/wcsstore/Coles-CAS/images/3/2/0/3208201-th.jpg",
    "categories": ["drinks"],
    "tags": ["coffe-drinks", "coffe-instant"],
    "locations": {
      "vic": {
        "price": 11.5,
        "promoText": "Was $12.00 on Jun 2020 ",
        "packageSize": "180g",
        "packagePrice": "$6.39 per 100G"
      }
    }
  },
  {
    "id": "nescafe-gold-origins-colombia",
    "brand": "Nescafe",
    "name": "Gold Colombia Origin Coffee Mild",
    "imageUrl": "https://shop.coles.com.au/wcsstore/Coles-CAS/images/3/5/1/3512177-th.jpg",
    "categories": ["drinks"],
    "tags": ["coffe-drinks", "coffe-instant"],
    "locations": {
      "vic": {
        "price": 0,
        "promoText": " ",
        "packageSize": "100g",
        "packagePrice": ""
      }
    }
  },
  {
    "id": "nescafe-blend-43-coffee-black-roast",
    "brand": "Nescafe",
    "name": "Blend 43 Black Roast Instant Coffee",
    "imageUrl": "https://shop.coles.com.au/wcsstore/Coles-CAS/images/3/6/3/3631290-th.jpg",
    "categories": ["drinks"],
    "tags": ["coffe-drinks", "coffe-instant"],
    "locations": {
      "vic": {
        "price": 9.5,
        "promoText": " ",
        "packageSize": "100g",
        "packagePrice": "$9.50 per 100G"
      }
    }
  },
  {
    "id": "nescafe-blend-43-coffe-black-roast",
    "brand": "Nescafe",
    "name": "Blend 43 Coffee Black Roast",
    "imageUrl": "https://shop.coles.com.au/wcsstore/Coles-CAS/images/3/7/7/3776500-th.jpg",
    "categories": ["drinks"],
    "tags": ["coffe-drinks", "coffe-instant"],
    "locations": {
      "vic": {
        "price": 20,
        "promoText": "Any 2 $28",
        "packageSize": "400g",
        "packagePrice": "$5.00 per 100G"
      }
    }
  },
  {
    "id": "robert-timms-cafe-series-coffee-bags-arabica-medm",
    "brand": "Robert Timms",
    "name": "Cafe Series Arabica Medium Roast Coffee Bags 10 Pack",
    "imageUrl": "https://shop.coles.com.au/wcsstore/Coles-CAS/images/3/5/1/3511640-th.jpg",
    "categories": ["drinks"],
    "tags": ["coffe-drinks", "coffe-instant"],
    "locations": {
      "vic": {
        "price": 5.95,
        "promoText": " ",
        "packageSize": "58g",
        "packagePrice": "$1.03 per 10G"
      }
    }
  },
  {
    "id": "starbucks-dark-roast-premium-instant-coffe",
    "brand": "Starbucks",
    "name": "Dark Roast Premium Instant Coffee",
    "imageUrl": "https://shop.coles.com.au/wcsstore/Coles-CAS/images/3/7/7/3771812-th.jpg",
    "categories": ["drinks"],
    "tags": ["coffe-drinks", "coffe-instant"],
    "locations": {
      "vic": {
        "price": 9.95,
        "promoText": " ",
        "packageSize": "90g",
        "packagePrice": "$11.06 per 100G"
      }
    }
  },
  {
    "id": "vittoria-coffee-beans-espresso-9184897p",
    "brand": "Vittoria",
    "name": "Espresso Coffee Beans",
    "imageUrl": "https://shop.coles.com.au/wcsstore/Coles-CAS/images/9/1/8/9184897.jpg",
    "categories": ["drinks"],
    "tags": ["coffe-drinks", "beans-coffe"],
    "locations": {
      "vic": {
        "price": 20,
        "promoText": "$8.00 ",
        "packageSize": "1kg",
        "packagePrice": "$2.00 per 100G"
      }
    }
  },
  {
    "id": "lavazza-coffee-beans-qualita-oro",
    "brand": "Lavazza",
    "name": "Qualita Oro Medium Roast Smooth Coffee Beans",
    "imageUrl": "https://shop.coles.com.au/wcsstore/Coles-CAS/images/6/8/5/6851099-th.jpg",
    "categories": ["drinks"],
    "tags": ["coffe-drinks", "beans-coffe"],
    "locations": {
      "vic": {
        "price": 12,
        "promoText": "$4.00 ",
        "packageSize": "500g",
        "packagePrice": "$2.40 per 100G"
      }
    }
  },
  {
    "id": "vittoria-coffee-mountain-grown-beans",
    "brand": "Vittoria",
    "name": "Mountain Grown Coffee Beans",
    "imageUrl": "https://shop.coles.com.au/wcsstore/Coles-CAS/images/8/6/8/8686572.jpg",
    "categories": ["drinks"],
    "tags": ["coffe-drinks", "beans-coffe"],
    "locations": {
      "vic": {
        "price": 36.5,
        "promoText": " ",
        "packageSize": "1kg",
        "packagePrice": "$3.65 per 100G"
      }
    }
  },
  {
    "id": "vittoria-coffee-beans-italian",
    "brand": "Vittoria",
    "name": "Special Italian Blend Coffee Beans",
    "imageUrl": "https://shop.coles.com.au/wcsstore/Coles-CAS/images/4/4/3/443770.jpg",
    "categories": ["drinks"],
    "tags": ["coffe-drinks", "beans-coffe"],
    "locations": {
      "vic": {
        "price": 19,
        "promoText": " ",
        "packageSize": "1kg",
        "packagePrice": "$1.90 per 100G"
      }
    }
  },
  {
    "id": "lavazza-coffee-beans-arabica-gold",
    "brand": "Lavazza",
    "name": "Medium Roast Smooth And Aromatic Coffee Beans",
    "imageUrl": "https://shop.coles.com.au/wcsstore/Coles-CAS/images/8/9/6/8967050-th.jpg",
    "categories": ["drinks"],
    "tags": ["coffe-drinks", "beans-coffe"],
    "locations": {
      "vic": {
        "price": 30,
        "promoText": " ",
        "packageSize": "1kg",
        "packagePrice": "$3.00 per 100G"
      }
    }
  },
  {
    "id": "grinders-rich-espresso-coffee-beans",
    "brand": "Grinders",
    "name": "Rich Espresso Coffee Beans",
    "imageUrl": "https://shop.coles.com.au/wcsstore/Coles-CAS/images/3/5/1/3516065-th.jpg",
    "categories": ["drinks"],
    "tags": ["coffe-drinks", "beans-coffe"],
    "locations": {
      "vic": {
        "price": 27,
        "promoText": " ",
        "packageSize": "1kg",
        "packagePrice": "$2.70 per 100G"
      }
    }
  },
  {
    "id": "vittoria-organic-coffee-beans",
    "brand": "Vittoria",
    "name": "Organic Espresso Coffee Beans",
    "imageUrl": "https://shop.coles.com.au/wcsstore/Coles-CAS/images/2/0/0/2002095-th.jpg",
    "categories": ["drinks"],
    "tags": ["coffe-drinks", "beans-coffe"],
    "locations": {
      "vic": {
        "price": 36.5,
        "promoText": " ",
        "packageSize": "1kg",
        "packagePrice": "$3.65 per 100G"
      }
    }
  },
  {
    "id": "coles-brand-coffee-beans-fairtrade",
    "brand": "Coles",
    "name": "Urban Coffee Culture Dark Roasted Beans",
    "imageUrl": "https://shop.coles.com.au/wcsstore/Coles-CAS/images/7/6/5/7656656-th.jpg",
    "categories": ["drinks"],
    "tags": ["coffe-drinks", "beans-coffe"],
    "locations": {
      "vic": {
        "price": 12,
        "promoText": " ",
        "packageSize": "1kg",
        "packagePrice": "$12.00 per 1KG"
      }
    }
  },
  {
    "id": "grinders--caffe-crema-coffee",
    "brand": "Grinders",
    "name": "Medium Roasted Crema Coffee Beans",
    "imageUrl": "https://shop.coles.com.au/wcsstore/Coles-CAS/images/1/3/3/1336197-th.jpg",
    "categories": ["drinks"],
    "tags": ["coffe-drinks", "beans-coffe"],
    "locations": {
      "vic": {
        "price": 27,
        "promoText": " ",
        "packageSize": "1kg",
        "packagePrice": "$27.00 per 1Kg"
      }
    }
  },
  {
    "id": "harris-smoth-coffe-beans",
    "brand": "Harris",
    "name": "Smooth Coffee Beans",
    "imageUrl": "https://shop.coles.com.au/wcsstore/Coles-CAS/images/3/7/5/3755361-th.jpg",
    "categories": ["drinks"],
    "tags": ["coffe-drinks", "beans-coffe"],
    "locations": {
      "vic": {
        "price": 15,
        "promoText": "$5.00 ",
        "packageSize": "1kg",
        "packagePrice": "$1.50 per 100G"
      }
    }
  },
  {
    "id": "dc-coffee-beans-duke-3354768p",
    "brand": "DC",
    "name": "Coffee Beans Duchess",
    "imageUrl": "https://shop.coles.com.au/wcsstore/ColesResponsiveStorefrontAssetStore/dist/ccfc54aed6e361b650bcf0582f7b576b/img/img_product-placeholder.png",
    "categories": ["drinks"],
    "tags": ["coffe-drinks", "beans-coffe"],
    "locations": {
      "vic": {
        "price": 10,
        "promoText": " ",
        "packageSize": "250g",
        "packagePrice": "$4.00 per 100G"
      }
    }
  },
  {
    "id": "grinders-espresso-coffee-beans",
    "brand": "Grinders",
    "name": "Rich & Bold Espresso Coffee Beans",
    "imageUrl": "https://shop.coles.com.au/wcsstore/Coles-CAS/images/2/6/8/2686933-th.jpg",
    "categories": ["drinks"],
    "tags": ["coffe-drinks", "beans-coffe"],
    "locations": {
      "vic": {
        "price": 27,
        "promoText": " ",
        "packageSize": "1kg",
        "packagePrice": "$2.70 per 100G"
      }
    }
  },
  {
    "id": "vittoria-espresso-coffee-beans-3208358p",
    "brand": "Vittoria",
    "name": "Espresso Coffee Beans",
    "imageUrl": "https://shop.coles.com.au/wcsstore/Coles-CAS/images/3/2/0/3208358-th.jpg",
    "categories": ["drinks"],
    "tags": ["coffe-drinks", "beans-coffe"],
    "locations": {
      "vic": {
        "price": 15,
        "promoText": "Was $19.30 on Sep 2018 ",
        "packageSize": "500g",
        "packagePrice": "$3.00 per 100G"
      }
    }
  },
  {
    "id": "daley-stret-medium-coffe-beans",
    "brand": "Daley Street",
    "name": "Medium Coffee Beans",
    "imageUrl": "https://shop.coles.com.au/wcsstore/Coles-CAS/images/3/7/5/3752578-th.jpg",
    "categories": ["drinks"],
    "tags": ["coffe-drinks", "beans-coffe"],
    "locations": {
      "vic": {
        "price": 9,
        "promoText": " ",
        "packageSize": "200g",
        "packagePrice": "$4.50 per 100G"
      }
    }
  },
  {
    "id": "daley-stret-medium-dark-coffe-beans",
    "brand": "Daley Street",
    "name": "Medium/Dark Coffee Beans",
    "imageUrl": "https://shop.coles.com.au/wcsstore/Coles-CAS/images/3/7/5/3752534-th.jpg",
    "categories": ["drinks"],
    "tags": ["coffe-drinks", "beans-coffe"],
    "locations": {
      "vic": {
        "price": 9,
        "promoText": " ",
        "packageSize": "200g",
        "packagePrice": "$4.50 per 100G"
      }
    }
  },
  {
    "id": "grinders-organic-coffee-beans",
    "brand": "Grinders",
    "name": "Organic Mellow & Smooth Coffee Beans",
    "imageUrl": "https://shop.coles.com.au/wcsstore/Coles-CAS/images/3/5/1/3516054-th.jpg",
    "categories": ["drinks"],
    "tags": ["coffe-drinks", "beans-coffe"],
    "locations": {
      "vic": {
        "price": 32,
        "promoText": " ",
        "packageSize": "1kg",
        "packagePrice": "$32.00 per 1Kg"
      }
    }
  },
  {
    "id": "harris-strong-coffe-beans",
    "brand": "Harris",
    "name": "Strong Coffee Beans",
    "imageUrl": "https://shop.coles.com.au/wcsstore/Coles-CAS/images/3/7/5/3755350-th.jpg",
    "categories": ["drinks"],
    "tags": ["coffe-drinks", "beans-coffe"],
    "locations": {
      "vic": {
        "price": 15,
        "promoText": "$5.00 ",
        "packageSize": "1kg",
        "packagePrice": "$1.50 per 100G"
      }
    }
  },
  {
    "id": "lavazza-espresso-barista-perfetto-beans",
    "brand": "Lavazza",
    "name": "Espresso Barista Perfetto Beans",
    "imageUrl": "https://shop.coles.com.au/wcsstore/Coles-CAS/images/3/7/5/3756502-th.jpg",
    "categories": ["drinks"],
    "tags": ["coffe-drinks", "beans-coffe"],
    "locations": {
      "vic": {
        "price": 35,
        "promoText": " ",
        "packageSize": "1kg",
        "packagePrice": "$3.50 per 100G"
      }
    }
  },
  {
    "id": "aurora-medaglia-doro-coffee-beans-italian-blend",
    "brand": "Caffe Aurora",
    "name": "Italian Blend Coffee Beans",
    "imageUrl": "https://shop.coles.com.au/wcsstore/Coles-CAS/images/8/1/7/81771-th.jpg",
    "categories": ["drinks"],
    "tags": ["coffe-drinks", "beans-coffe"],
    "locations": {
      "vic": {
        "price": 12,
        "promoText": "$3.00 ",
        "packageSize": "1kg",
        "packagePrice": "$1.20 per 100G"
      }
    }
  },
  {
    "id": "coles-fairtrade-organic-coffee-beans",
    "brand": "Coles",
    "name": "Urban Coffee Culture Intensity 10 Organic Coffee Beans",
    "imageUrl": "https://shop.coles.com.au/wcsstore/Coles-CAS/images/2/2/6/2262303-th.jpg",
    "categories": ["drinks"],
    "tags": ["coffe-drinks", "beans-coffe"],
    "locations": {
      "vic": {
        "price": 5,
        "promoText": " ",
        "packageSize": "250g",
        "packagePrice": "$2.00 per 100G"
      }
    }
  },
  {
    "id": "coles-urban-coffee-culture-med-roast-beans",
    "brand": "Coles",
    "name": "Urban Coffee Culture Intensity 7 Whole Roast Beans Medium",
    "imageUrl": "https://shop.coles.com.au/wcsstore/Coles-CAS/images/3/6/1/3616354-th.jpg",
    "categories": ["drinks"],
    "tags": ["coffe-drinks", "beans-coffe"],
    "locations": {
      "vic": {
        "price": 8,
        "promoText": " ",
        "packageSize": "500g",
        "packagePrice": "$1.60 per 100G"
      }
    }
  },
  {
    "id": "coles-urban-coffee-culture-med-roast-beans-3616321p",
    "brand": "Coles",
    "name": "Urban Coffee Culture Intensity 7 Whole Roast Beans Medium",
    "imageUrl": "https://shop.coles.com.au/wcsstore/Coles-CAS/images/3/6/1/3616321-th.jpg",
    "categories": ["drinks"],
    "tags": ["coffe-drinks", "beans-coffe"],
    "locations": {
      "vic": {
        "price": 12,
        "promoText": " ",
        "packageSize": "1kg",
        "packagePrice": "$12.00 per 1Kg"
      }
    }
  },
  {
    "id": "dc-coffee-beans-darkside-3354746p",
    "brand": "DC",
    "name": "Coffee Beans Darkside",
    "imageUrl": "https://shop.coles.com.au/wcsstore/ColesResponsiveStorefrontAssetStore/dist/ccfc54aed6e361b650bcf0582f7b576b/img/img_product-placeholder.png",
    "categories": ["drinks"],
    "tags": ["coffe-drinks", "beans-coffe"],
    "locations": {
      "vic": {
        "price": 10,
        "promoText": " ",
        "packageSize": "250g",
        "packagePrice": "$4.00 per 100G"
      }
    }
  },
  {
    "id": "dc-coffee-ground-duke-3354881p",
    "brand": "DC",
    "name": "Coffee Ground Duchess",
    "imageUrl": "https://shop.coles.com.au/wcsstore/Coles-CAS/images/3/3/5/3354881-th.jpg",
    "categories": ["drinks"],
    "tags": ["coffe-drinks", "beans-coffe"],
    "locations": {
      "vic": {
        "price": 10,
        "promoText": " ",
        "packageSize": "250g",
        "packagePrice": "$4.00 per 100G"
      }
    }
  },
  {
    "id": "dc-coffee-ground-darkside-3354860p",
    "brand": "DC",
    "name": "Coffee Ground Darkside",
    "imageUrl": "https://shop.coles.com.au/wcsstore/ColesResponsiveStorefrontAssetStore/dist/ccfc54aed6e361b650bcf0582f7b576b/img/img_product-placeholder.png",
    "categories": ["drinks"],
    "tags": ["coffe-drinks", "beans-coffe"],
    "locations": {
      "vic": {
        "price": 10,
        "promoText": " ",
        "packageSize": "250g",
        "packagePrice": "$4.00 per 100G"
      }
    }
  },
  {
    "id": "illy-caffe-coffee-beans",
    "brand": "Illy",
    "name": "Classico Beans",
    "imageUrl": "https://shop.coles.com.au/wcsstore/Coles-CAS/images/8/0/9/8096998-th.jpg",
    "categories": ["drinks"],
    "tags": ["coffe-drinks", "beans-coffe"],
    "locations": {
      "vic": {
        "price": 15,
        "promoText": " ",
        "packageSize": "250g",
        "packagePrice": "$6.00 per 100G"
      }
    }
  },
  {
    "id": "lavazza-qualita-rossa-beans",
    "brand": "Lavazza",
    "name": "Qualita Rossa Coffee Beans",
    "imageUrl": "https://shop.coles.com.au/wcsstore/Coles-CAS/images/3/5/1/3514489-th.jpg",
    "categories": ["drinks"],
    "tags": ["coffe-drinks", "beans-coffe"],
    "locations": {
      "vic": {
        "price": 15,
        "promoText": "$7.00 ",
        "packageSize": "1kg",
        "packagePrice": "$1.50 per 100G"
      }
    }
  },
  {
    "id": "lavazza-espresso-barista-intenso-beans",
    "brand": "Lavazza",
    "name": "Espresso Barista Intenso Beans",
    "imageUrl": "https://shop.coles.com.au/wcsstore/Coles-CAS/images/3/7/5/3756557-th.jpg",
    "categories": ["drinks"],
    "tags": ["coffe-drinks", "beans-coffe"],
    "locations": {
      "vic": {
        "price": 35,
        "promoText": " ",
        "packageSize": "1kg",
        "packagePrice": "$3.50 per 100G"
      }
    }
  },
  {
    "id": "lavazza-espresso-barista-gran-crema-beans",
    "brand": "Lavazza",
    "name": "Espresso Barista Gran Crema Beans",
    "imageUrl": "https://shop.coles.com.au/wcsstore/Coles-CAS/images/3/7/5/3756513-th.jpg",
    "categories": ["drinks"],
    "tags": ["coffe-drinks", "beans-coffe"],
    "locations": {
      "vic": {
        "price": 35,
        "promoText": " ",
        "packageSize": "1kg",
        "packagePrice": "$3.50 per 100G"
      }
    }
  },
  {
    "id": "starbucks-espresso-roast-beans",
    "brand": "Starbucks",
    "name": "Espresso Roast Beans",
    "imageUrl": "https://shop.coles.com.au/wcsstore/Coles-CAS/images/3/7/7/3771528-th.jpg",
    "categories": ["drinks"],
    "tags": ["coffe-drinks", "beans-coffe"],
    "locations": {
      "vic": {
        "price": 9,
        "promoText": " ",
        "packageSize": "200g",
        "packagePrice": "$4.50 per 100G"
      }
    }
  },
  {
    "id": "starbucks-pike-place-beans",
    "brand": "Starbucks",
    "name": "Pike Place Beans",
    "imageUrl": "https://shop.coles.com.au/wcsstore/Coles-CAS/images/3/7/7/3771619-th.jpg",
    "categories": ["drinks"],
    "tags": ["coffe-drinks", "beans-coffe"],
    "locations": {
      "vic": {
        "price": 9,
        "promoText": " ",
        "packageSize": "200g",
        "packagePrice": "$4.50 per 100G"
      }
    }
  },
  {
    "id": "moccona%09%09%09-cafe-classics-latte",
    "brand": "Moccona",
    "name": "Cafe Classic Latte Sachets 10 pack",
    "imageUrl": "https://shop.coles.com.au/wcsstore/Coles-CAS/images/1/5/6/1566903-th.jpg",
    "categories": ["drinks"],
    "tags": ["coffe-drinks", "mixes-coffe"],
    "locations": {
      "vic": {
        "price": 4.5,
        "promoText": "Was $5.55 on Jul 2018 ",
        "packageSize": "150g",
        "packagePrice": "$3.00 per 100G"
      }
    }
  },
  {
    "id": "moccona-cafe-classics%09%09%09-cappucino",
    "brand": "Moccona",
    "name": "Cafe Classics Cappuccino Coffee Sachets 10 pack",
    "imageUrl": "https://shop.coles.com.au/wcsstore/Coles-CAS/images/1/5/6/1566936-th.jpg",
    "categories": ["drinks"],
    "tags": ["coffe-drinks", "mixes-coffe"],
    "locations": {
      "vic": {
        "price": 4.5,
        "promoText": "Was $5.55 on Jul 2018 ",
        "packageSize": "150g",
        "packagePrice": "$0.45 per 1Ea"
      }
    }
  },
  {
    "id": "moccona%09%09%09-cafe-classic-cappuccino-strong",
    "brand": "Moccona",
    "name": "Strong Cappuccino Sachets 10 pack",
    "imageUrl": "https://shop.coles.com.au/wcsstore/Coles-CAS/images/1/5/6/1566914-th.jpg",
    "categories": ["drinks"],
    "tags": ["coffe-drinks", "mixes-coffe"],
    "locations": {
      "vic": {
        "price": 4.5,
        "promoText": "Was $5.55 on Jul 2018 ",
        "packageSize": "150g",
        "packagePrice": "$3.00 per 100G"
      }
    }
  },
  {
    "id": "nescafe-cafe-menu-coffee-cappuccino-9577540p",
    "brand": "Nescafe",
    "name": "Cappuccino Sachets 10 Pack",
    "imageUrl": "https://shop.coles.com.au/wcsstore/Coles-CAS/images/9/5/7/9577540-th.jpg",
    "categories": ["drinks"],
    "tags": ["coffe-drinks", "mixes-coffe"],
    "locations": {
      "vic": {
        "price": 3.15,
        "promoText": "$3.15 ",
        "packageSize": "132g",
        "packagePrice": "$2.39 per 100G"
      }
    }
  },
  {
    "id": "nescafe-cafe-menu-coffee-cappuccino-strong",
    "brand": "Nescafe",
    "name": "Strong Cappuccino Sachets 10 Pack",
    "imageUrl": "https://shop.coles.com.au/wcsstore/Coles-CAS/images/5/6/9/5694097-th.jpg",
    "categories": ["drinks"],
    "tags": ["coffe-drinks", "mixes-coffe"],
    "locations": {
      "vic": {
        "price": 3.15,
        "promoText": "$3.15 ",
        "packageSize": "132g",
        "packagePrice": "$2.39 per 100G"
      }
    }
  },
  {
    "id": "nescafe-cafe-menu-coffee-caramel-4461854p",
    "brand": "Nescafe",
    "name": "Caramel Latte Sachets 10 Pack",
    "imageUrl": "https://shop.coles.com.au/wcsstore/Coles-CAS/images/4/4/6/4461854-th.jpg",
    "categories": ["drinks"],
    "tags": ["coffe-drinks", "mixes-coffe"],
    "locations": {
      "vic": {
        "price": 3.15,
        "promoText": "$3.15 ",
        "packageSize": "170g",
        "packagePrice": "$1.85 per 100G"
      }
    }
  },
  {
    "id": "nescafe-cafe-menu-coffee-mocha-4461832p",
    "brand": "Nescafe",
    "name": "Mocha Sachets 10 Pack",
    "imageUrl": "https://shop.coles.com.au/wcsstore/Coles-CAS/images/4/4/6/4461832-th.jpg",
    "categories": ["drinks"],
    "tags": ["coffe-drinks", "mixes-coffe"],
    "locations": {
      "vic": {
        "price": 3.15,
        "promoText": "$3.15 ",
        "packageSize": "180g",
        "packagePrice": "$1.75 per 100G"
      }
    }
  },
  {
    "id": "robert-timms-coffee-bags-italian-espresso-style-4965756p",
    "brand": "Robert Timms",
    "name": "Italian Espresso Style Coffee Bags 28 Pack",
    "imageUrl": "https://shop.coles.com.au/wcsstore/Coles-CAS/images/4/9/6/4965756-th.jpg",
    "categories": ["drinks"],
    "tags": ["coffe-drinks", "mixes-coffe"],
    "locations": {
      "vic": {
        "price": 9.65,
        "promoText": " ",
        "packageSize": "160g",
        "packagePrice": "$60.31 per 1KG"
      }
    }
  },
  {
    "id": "nescafe-cafe-menu-cappuccino",
    "brand": "Nescafe",
    "name": "Cappuccino Sachets 26 Pack",
    "imageUrl": "https://shop.coles.com.au/wcsstore/Coles-CAS/images/2/8/6/2868023-th.jpg",
    "categories": ["drinks"],
    "tags": ["coffe-drinks", "mixes-coffe"],
    "locations": {
      "vic": {
        "price": 11,
        "promoText": " ",
        "packageSize": "332g",
        "packagePrice": "$3.31 per 100G"
      }
    }
  },
  {
    "id": "nescafe-gold-coffee-sachets-creme-brulee",
    "brand": "Nescafe",
    "name": "Gold Creme Brulee Latte Coffee Sachets  8 pack",
    "imageUrl": "https://shop.coles.com.au/wcsstore/Coles-CAS/images/3/5/1/3511403-th.jpg",
    "categories": ["drinks"],
    "tags": ["coffe-drinks", "mixes-coffe"],
    "locations": {
      "vic": {
        "price": 3.15,
        "promoText": "$3.15 ",
        "packageSize": "140g",
        "packagePrice": "$2.25 per 100G"
      }
    }
  },
  {
    "id": "nescafe-coffe-sachets-cokies-cream",
    "brand": "Nescafe",
    "name": "Cookies & Cream Coffee Sachets",
    "imageUrl": "https://shop.coles.com.au/wcsstore/Coles-CAS/images/3/7/7/3776510-th.jpg",
    "categories": ["drinks"],
    "tags": ["coffe-drinks", "mixes-coffe"],
    "locations": {
      "vic": {
        "price": 3.15,
        "promoText": "$3.15 ",
        "packageSize": "10 pack",
        "packagePrice": "$0.32 per 1Ea"
      }
    }
  },
  {
    "id": "nescafe-gold-coffe-sachets-tiramisu-mocha",
    "brand": "Nescafe",
    "name": "Gold Tiramisu Mocha Coffee Sachets",
    "imageUrl": "https://shop.coles.com.au/wcsstore/Coles-CAS/images/3/7/7/3776521-th.jpg",
    "categories": ["drinks"],
    "tags": ["coffe-drinks", "mixes-coffe"],
    "locations": {
      "vic": {
        "price": 3.15,
        "promoText": "$3.15 ",
        "packageSize": "8 pack",
        "packagePrice": "$0.39 per 1Ea"
      }
    }
  },
  {
    "id": "nescafe-cafe-menu-coffee-hazelnut",
    "brand": "Nescafe",
    "name": "Hazelnut Latte Sachets 10 Pack",
    "imageUrl": "https://shop.coles.com.au/wcsstore/Coles-CAS/images/4/4/9/4491550-th.jpg",
    "categories": ["drinks"],
    "tags": ["coffe-drinks", "mixes-coffe"],
    "locations": {
      "vic": {
        "price": 3.15,
        "promoText": "$3.15 ",
        "packageSize": "180g",
        "packagePrice": "$1.75 per 100G"
      }
    }
  },
  {
    "id": "nescafe-gold-coffe-sachets-almond-latte",
    "brand": "Nescafe",
    "name": "Gold Almond Latte Coffee Sachets",
    "imageUrl": "https://shop.coles.com.au/wcsstore/Coles-CAS/images/3/7/3/3739296-th.jpg",
    "categories": ["drinks"],
    "tags": ["coffe-drinks", "mixes-coffe"],
    "locations": {
      "vic": {
        "price": 3.15,
        "promoText": "$3.15 ",
        "packageSize": "6 pack",
        "packagePrice": "$0.53 per 1Ea"
      }
    }
  },
  {
    "id": "nescafe-gold-coffe-sachets-coconut-latte",
    "brand": "Nescafe",
    "name": "Gold Coconut Latte Coffee Sachets",
    "imageUrl": "https://shop.coles.com.au/wcsstore/Coles-CAS/images/3/7/3/3739263-th.jpg",
    "categories": ["drinks"],
    "tags": ["coffe-drinks", "mixes-coffe"],
    "locations": {
      "vic": {
        "price": 3.15,
        "promoText": "$3.15 ",
        "packageSize": "6 pack",
        "packagePrice": "$0.53 per 1Ea"
      }
    }
  },
  {
    "id": "nescafe-gold-coffe-sachets-oat-latte",
    "brand": "Nescafe",
    "name": "Gold Oat Latte Coffee Sachets",
    "imageUrl": "https://shop.coles.com.au/wcsstore/Coles-CAS/images/3/7/3/3739274-th.jpg",
    "categories": ["drinks"],
    "tags": ["coffe-drinks", "mixes-coffe"],
    "locations": {
      "vic": {
        "price": 3.15,
        "promoText": "$3.15 ",
        "packageSize": "6 pack",
        "packagePrice": "$0.53 per 1Ea"
      }
    }
  },
  {
    "id": "moccona-cafe-classics-flat-white",
    "brand": "Moccona",
    "name": "Flat White Cafe Classics 10 Serves",
    "imageUrl": "https://shop.coles.com.au/wcsstore/Coles-CAS/images/3/5/1/3513158-th.jpg",
    "categories": ["drinks"],
    "tags": ["coffe-drinks", "mixes-coffe"],
    "locations": {
      "vic": {
        "price": 4.5,
        "promoText": "Was $5.55 on Jul 2018 ",
        "packageSize": "145g",
        "packagePrice": "$3.10 per 100G"
      }
    }
  },
  {
    "id": "nescafe-cafe-menu-coffee-cappuccino-decaf",
    "brand": "Nescafe",
    "name": "Decaffeinated Cappuccino Sachets 10 Pack",
    "imageUrl": "https://shop.coles.com.au/wcsstore/Coles-CAS/images/4/9/7/4976956-th.jpg",
    "categories": ["drinks"],
    "tags": ["coffe-drinks", "mixes-coffe"],
    "locations": {
      "vic": {
        "price": 3.15,
        "promoText": "$3.15 ",
        "packageSize": "157g",
        "packagePrice": "$2.01 per 100G"
      }
    }
  },
  {
    "id": "nescafe-cafe-menu-coffee-cappuccino-skim-4976854p",
    "brand": "Nescafe",
    "name": "Skim Cappuccino Sachets 10 Pack",
    "imageUrl": "https://shop.coles.com.au/wcsstore/Coles-CAS/images/4/9/7/4976854-th.jpg",
    "categories": ["drinks"],
    "tags": ["coffe-drinks", "mixes-coffe"],
    "locations": {
      "vic": {
        "price": 3.15,
        "promoText": "$3.15 ",
        "packageSize": "132g",
        "packagePrice": "$2.39 per 100G"
      }
    }
  },
  {
    "id": "nescafe-cafe-menu-mocha",
    "brand": "Nescafe",
    "name": "Mocha Sachets 26 Pack",
    "imageUrl": "https://shop.coles.com.au/wcsstore/Coles-CAS/images/2/8/6/2868001-th.jpg",
    "categories": ["drinks"],
    "tags": ["coffe-drinks", "mixes-coffe"],
    "locations": {
      "vic": {
        "price": 11,
        "promoText": " ",
        "packageSize": "468g",
        "packagePrice": "$2.35 per 100G"
      }
    }
  },
  {
    "id": "avalanche-cappuccino-99-sugar-free-sachets",
    "brand": "Avalanche",
    "name": "Cappuccino Sugar Free Coffee Sachets",
    "imageUrl": "https://shop.coles.com.au/wcsstore/Coles-CAS/images/3/6/3/3630672-th.jpg",
    "categories": ["drinks"],
    "tags": ["coffe-drinks", "mixes-coffe"],
    "locations": {
      "vic": {
        "price": 5.5,
        "promoText": " ",
        "packageSize": "10 pack",
        "packagePrice": "$0.55 per 1Ea"
      }
    }
  },
  {
    "id": "coles-coffee-mocha",
    "brand": "Coles",
    "name": "Mocha Coffee Sachets 10 Pack",
    "imageUrl": "https://shop.coles.com.au/wcsstore/Coles-CAS/images/6/1/6/6169627-th.jpg",
    "categories": ["drinks"],
    "tags": ["coffe-drinks", "mixes-coffe"],
    "locations": {
      "vic": {
        "price": 3.25,
        "promoText": " ",
        "packageSize": "180g",
        "packagePrice": "$1.81 per 100G"
      }
    }
  },
  {
    "id": "jarrah-instant-coffee-french-style",
    "brand": "Jarrah",
    "name": "French Vanilla Latte",
    "imageUrl": "https://shop.coles.com.au/wcsstore/Coles-CAS/images/5/4/3/5436900-th.jpg",
    "categories": ["drinks"],
    "tags": ["coffe-drinks", "mixes-coffe"],
    "locations": {
      "vic": {
        "price": 6,
        "promoText": " ",
        "packageSize": "250g",
        "packagePrice": "$2.40 per 100G"
      }
    }
  },
  {
    "id": "jarrah-coffee-salted-caramel",
    "brand": "Jarrah",
    "name": "Salted Caramel Latte",
    "imageUrl": "https://shop.coles.com.au/wcsstore/Coles-CAS/images/2/2/4/2244491-th.jpg",
    "categories": ["drinks"],
    "tags": ["coffe-drinks", "mixes-coffe"],
    "locations": {
      "vic": {
        "price": 6,
        "promoText": " ",
        "packageSize": "250g",
        "packagePrice": "$2.40 per 100G"
      }
    }
  },
  {
    "id": "jarrah-special-honey-almond-latte",
    "brand": "Jarrah",
    "name": "Extra Special Honey & Almond Latte",
    "imageUrl": "https://shop.coles.com.au/wcsstore/Coles-CAS/images/3/7/5/3756659-th.jpg",
    "categories": ["drinks"],
    "tags": ["coffe-drinks", "mixes-coffe"],
    "locations": {
      "vic": {
        "price": 6,
        "promoText": " ",
        "packageSize": "210g",
        "packagePrice": "$2.86 per 100G"
      }
    }
  },
  {
    "id": "moccona-cafe-classics-caramel-latte-coffee-sachets-10-pack",
    "brand": "Moccona",
    "name": "Cafe Classics Caramel Latte Coffee Sachets 10 pack",
    "imageUrl": "https://shop.coles.com.au/wcsstore/Coles-CAS/images/1/7/5/1758824-th.jpg",
    "categories": ["drinks"],
    "tags": ["coffe-drinks", "mixes-coffe"],
    "locations": {
      "vic": {
        "price": 4.5,
        "promoText": "Was $5.55 on Jul 2018 ",
        "packageSize": "140g",
        "packagePrice": "$3.21 per 100G"
      }
    }
  },
  {
    "id": "moccona-cafe-classics-vanilla-latte-10-pack",
    "brand": "Moccona",
    "name": "Cafe Classics Vanilla Latte Sachets 10 pack",
    "imageUrl": "https://shop.coles.com.au/wcsstore/Coles-CAS/images/2/5/7/2577508-th.jpg",
    "categories": ["drinks"],
    "tags": ["coffe-drinks", "mixes-coffe"],
    "locations": {
      "vic": {
        "price": 4.5,
        "promoText": "Was $5.55 on Jul 2018 ",
        "packageSize": "150g",
        "packagePrice": "$3.00 per 100G"
      }
    }
  },
  {
    "id": "nescafe-cafe-menu-coffee-vanilla",
    "brand": "Nescafe",
    "name": "Vanilla Latte Sachets 10 Pack",
    "imageUrl": "https://shop.coles.com.au/wcsstore/Coles-CAS/images/4/4/6/4462846-th.jpg",
    "categories": ["drinks"],
    "tags": ["coffe-drinks", "mixes-coffe"],
    "locations": {
      "vic": {
        "price": 3.15,
        "promoText": "$3.15 ",
        "packageSize": "185g",
        "packagePrice": "$1.70 per 100G"
      }
    }
  },
  {
    "id": "nescafe-gold-coffee-sachets-cappuccino-inten",
    "brand": "Nescafe",
    "name": "Gold Cappuccino Intense Coffee Sachets Strong 8 pack",
    "imageUrl": "https://shop.coles.com.au/wcsstore/Coles-CAS/images/3/5/1/3511844-th.jpg",
    "categories": ["drinks"],
    "tags": ["coffe-drinks", "mixes-coffe"],
    "locations": {
      "vic": {
        "price": 3.15,
        "promoText": "$3.15 ",
        "packageSize": "123g",
        "packagePrice": "$2.56 per 100G"
      }
    }
  },
  {
    "id": "coles-coffee-cafe-latte",
    "brand": "Coles",
    "name": "Coffee Cafe Latte 10 Sachets",
    "imageUrl": "https://shop.coles.com.au/wcsstore/Coles-CAS/images/6/1/6/6169376-th.jpg",
    "categories": ["drinks"],
    "tags": ["coffe-drinks", "mixes-coffe"],
    "locations": {
      "vic": {
        "price": 3.25,
        "promoText": " ",
        "packageSize": "180g",
        "packagePrice": "$1.81 per 100G"
      }
    }
  },
  {
    "id": "coles-caramel-latte-all-in-one-sachets",
    "brand": "Coles",
    "name": "Caramel Latte Coffee Sachets 10 Pack",
    "imageUrl": "https://shop.coles.com.au/wcsstore/Coles-CAS/images/3/4/6/3465703-th.jpg",
    "categories": ["drinks"],
    "tags": ["coffe-drinks", "mixes-coffe"],
    "locations": {
      "vic": {
        "price": 3.25,
        "promoText": " ",
        "packageSize": "170g",
        "packagePrice": "$1.91 per 100G"
      }
    }
  },
  {
    "id": "jarrah-special-chai-latte",
    "brand": "Jarrah",
    "name": "Extra Special Coffee Chai Latte",
    "imageUrl": "https://shop.coles.com.au/wcsstore/Coles-CAS/images/3/7/5/3756637-th.jpg",
    "categories": ["drinks"],
    "tags": ["coffe-drinks", "mixes-coffe"],
    "locations": {
      "vic": {
        "price": 6,
        "promoText": " ",
        "packageSize": "210g",
        "packagePrice": "$2.86 per 100G"
      }
    }
  },
  {
    "id": "nescafe-cafe-menu-strong-cappuccino",
    "brand": "Nescafe",
    "name": "Strong Cappuccino Sachets 26 Pack",
    "imageUrl": "https://shop.coles.com.au/wcsstore/Coles-CAS/images/2/8/6/2868034-th.jpg",
    "categories": ["drinks"],
    "tags": ["coffe-drinks", "mixes-coffe"],
    "locations": {
      "vic": {
        "price": 11,
        "promoText": " ",
        "packageSize": "332g",
        "packagePrice": "$3.31 per 100G"
      }
    }
  },
  {
    "id": "nescafe-gold-coffee-sachets-cappuccino-orig",
    "brand": "Nescafe",
    "name": "Gold Cappuccino Original Coffee Sachets Medium 8 pack",
    "imageUrl": "https://shop.coles.com.au/wcsstore/Coles-CAS/images/3/5/1/3511822-th.jpg",
    "categories": ["drinks"],
    "tags": ["coffe-drinks", "mixes-coffe"],
    "locations": {
      "vic": {
        "price": 3.15,
        "promoText": "$3.15 ",
        "packageSize": "123g",
        "packagePrice": "$2.56 per 100G"
      }
    }
  },
  {
    "id": "starbucks-caramel-latte-premium-instant-mixes",
    "brand": "Starbucks",
    "name": "Caramel Latte Premium Instant Mixes",
    "imageUrl": "https://shop.coles.com.au/wcsstore/Coles-CAS/images/3/7/7/3771776-th.jpg",
    "categories": ["drinks"],
    "tags": ["coffe-drinks", "mixes-coffe"],
    "locations": {
      "vic": {
        "price": 5.9,
        "promoText": " ",
        "packageSize": "5 pack",
        "packagePrice": "$1.18 per 1Ea"
      }
    }
  },
  {
    "id": "starbucks-latte-premium-instant-mixes",
    "brand": "Starbucks",
    "name": "Latte Premium Instant Mixes",
    "imageUrl": "https://shop.coles.com.au/wcsstore/Coles-CAS/images/3/7/7/3771743-th.jpg",
    "categories": ["drinks"],
    "tags": ["coffe-drinks", "mixes-coffe"],
    "locations": {
      "vic": {
        "price": 5.9,
        "promoText": " ",
        "packageSize": "5 pack",
        "packagePrice": "$1.18 per 1Ea"
      }
    }
  },
  {
    "id": "avalanche-caramel-99-sugar-free-sachets",
    "brand": "Avalanche",
    "name": "Caramel Sugar Free Coffee Sachets",
    "imageUrl": "https://shop.coles.com.au/wcsstore/Coles-CAS/images/3/6/3/3631904-th.jpg",
    "categories": ["drinks"],
    "tags": ["coffe-drinks", "mixes-coffe"],
    "locations": {
      "vic": {
        "price": 5.5,
        "promoText": " ",
        "packageSize": "10 pack",
        "packagePrice": "$0.55 per 1Ea"
      }
    }
  },
  {
    "id": "bushells-coffee-chicory-essence",
    "brand": "Bushells",
    "name": "Coffee & Chicory Essence",
    "imageUrl": "https://shop.coles.com.au/wcsstore/Coles-CAS/images/1/1/6/116708-th.jpg",
    "categories": ["drinks"],
    "tags": ["coffe-drinks", "mixes-coffe"],
    "locations": {
      "vic": {
        "price": 4.3,
        "promoText": " ",
        "packageSize": "250mL",
        "packagePrice": "$1.72 per 100mL"
      }
    }
  },
  {
    "id": "coles-coffee-cappuccino",
    "brand": "Coles",
    "name": "Classic Cappuccino Coffee Sachets 10 Pack",
    "imageUrl": "https://shop.coles.com.au/wcsstore/Coles-CAS/images/6/1/6/6168602-th.jpg",
    "categories": ["drinks"],
    "tags": ["coffe-drinks", "mixes-coffe"],
    "locations": {
      "vic": {
        "price": 3.25,
        "promoText": " ",
        "packageSize": "132g",
        "packagePrice": "$2.46 per 100G"
      }
    }
  },
  {
    "id": "coles-strong-cappuccino-all-in-one-sachets",
    "brand": "Coles",
    "name": "Strong Cappuccino Coffee Sachets 10 Pack",
    "imageUrl": "https://shop.coles.com.au/wcsstore/Coles-CAS/images/3/4/6/3465714-th.jpg",
    "categories": ["drinks"],
    "tags": ["coffe-drinks", "mixes-coffe"],
    "locations": {
      "vic": {
        "price": 3.25,
        "promoText": " ",
        "packageSize": "132g",
        "packagePrice": "$2.46 per 100G"
      }
    }
  },
  {
    "id": "jarrah-instant-coffee-swiss-style",
    "brand": "Jarrah",
    "name": "Swiss Mochaccino Coffee",
    "imageUrl": "https://shop.coles.com.au/wcsstore/Coles-CAS/images/5/4/3/5436910-th.jpg",
    "categories": ["drinks"],
    "tags": ["coffe-drinks", "mixes-coffe"],
    "locations": {
      "vic": {
        "price": 6,
        "promoText": " ",
        "packageSize": "250g",
        "packagePrice": "$2.40 per 100G"
      }
    }
  },
  {
    "id": "jarrah-instant-coffee-brazil-style",
    "brand": "Jarrah",
    "name": "Brazilian Latte Coffee",
    "imageUrl": "https://shop.coles.com.au/wcsstore/Coles-CAS/images/5/4/3/5436896-th.jpg",
    "categories": ["drinks"],
    "tags": ["coffe-drinks", "mixes-coffe"],
    "locations": {
      "vic": {
        "price": 6,
        "promoText": " ",
        "packageSize": "250g",
        "packagePrice": "$2.40 per 100G"
      }
    }
  },
  {
    "id": "moccona-cafe-classics-double-shot-latte",
    "brand": "Moccona",
    "name": "Cafe Classics Double Shot Latte",
    "imageUrl": "https://shop.coles.com.au/wcsstore/Coles-CAS/images/3/5/1/3519529-th.jpg",
    "categories": ["drinks"],
    "tags": ["coffe-drinks", "mixes-coffe"],
    "locations": {
      "vic": {
        "price": 4.5,
        "promoText": "Was $5.55 on Jul 2018 ",
        "packageSize": "150g",
        "packagePrice": "$3.00 per 1G"
      }
    }
  },
  {
    "id": "moccona-cafe-classics-cappuccino",
    "brand": "Moccona",
    "name": "Cafe Classics Cappuccino",
    "imageUrl": "https://shop.coles.com.au/wcsstore/Coles-CAS/images/3/7/5/3755292-th.jpg",
    "categories": ["drinks"],
    "tags": ["coffe-drinks", "mixes-coffe"],
    "locations": {
      "vic": {
        "price": 10.5,
        "promoText": " ",
        "packageSize": "30 pack",
        "packagePrice": "$0.35 per 1Ea"
      }
    }
  },
  {
    "id": "moccona-cafe-classics-latte",
    "brand": "Moccona",
    "name": "Classics Latte Cafe",
    "imageUrl": "https://shop.coles.com.au/wcsstore/Coles-CAS/images/3/7/5/3755281-th.jpg",
    "categories": ["drinks"],
    "tags": ["coffe-drinks", "mixes-coffe"],
    "locations": {
      "vic": {
        "price": 10.5,
        "promoText": " ",
        "packageSize": "30 Pack",
        "packagePrice": "$0.35 per 1Ea"
      }
    }
  },
  {
    "id": "nescafe-cafe-menu-vanilla",
    "brand": "Nescafe",
    "name": "Vanilla Latte Sachets 26 Pack",
    "imageUrl": "https://shop.coles.com.au/wcsstore/Coles-CAS/images/2/8/6/2868012-th.jpg",
    "categories": ["drinks"],
    "tags": ["coffe-drinks", "mixes-coffe"],
    "locations": {
      "vic": {
        "price": 11,
        "promoText": " ",
        "packageSize": "481g",
        "packagePrice": "$0.42 per 1Ea"
      }
    }
  },
  {
    "id": "nescafe-cafe-menu-caramel",
    "brand": "Nescafe",
    "name": "Caramel Latte Sachets 26 Pack",
    "imageUrl": "https://shop.coles.com.au/wcsstore/Coles-CAS/images/2/8/6/2867993-th.jpg",
    "categories": ["drinks"],
    "tags": ["coffe-drinks", "mixes-coffe"],
    "locations": {
      "vic": {
        "price": 11,
        "promoText": " ",
        "packageSize": "442g",
        "packagePrice": "$2.49 per 100G"
      }
    }
  },
  {
    "id": "starbucks-caffe-mocha-premium-instant-mixes",
    "brand": "Starbucks",
    "name": "Cafe Mocha Premium Instant Mixes",
    "imageUrl": "https://shop.coles.com.au/wcsstore/Coles-CAS/images/3/7/7/3771754-th.jpg",
    "categories": ["drinks"],
    "tags": ["coffe-drinks", "mixes-coffe"],
    "locations": {
      "vic": {
        "price": 5.9,
        "promoText": " ",
        "packageSize": "5 pack",
        "packagePrice": "$1.18 per 1Ea"
      }
    }
  },
  {
    "id": "starbucks-cappuccino-premium-instant-mixes",
    "brand": "Starbucks",
    "name": "Cappuccino Premium Instant Mixes",
    "imageUrl": "https://shop.coles.com.au/wcsstore/Coles-CAS/images/3/7/7/3771732-th.jpg",
    "categories": ["drinks"],
    "tags": ["coffe-drinks", "mixes-coffe"],
    "locations": {
      "vic": {
        "price": 5.9,
        "promoText": " ",
        "packageSize": "5 pack",
        "packagePrice": "$1.18 per 1Ea"
      }
    }
  },
  {
    "id": "lor-espresso-onyx-capsules",
    "brand": "L'OR",
    "name": "Espresso Onyx Intensity 12 Coffee Capsules 10 Pack",
    "imageUrl": "https://shop.coles.com.au/wcsstore/Coles-CAS/images/2/9/5/2951058-th.jpg",
    "categories": ["drinks"],
    "tags": ["coffe-drinks", "coffe-capsules"],
    "locations": {
      "vic": {
        "price": 4.8,
        "promoText": "$1.20 ",
        "packageSize": "52g",
        "packagePrice": "$0.09 per 1G"
      }
    }
  },
  {
    "id": "lor-espresso-supremo-capsules",
    "brand": "L'OR",
    "name": "Espresso Supremo Intensity 10 Coffee Capsules10 Pack",
    "imageUrl": "https://shop.coles.com.au/wcsstore/Coles-CAS/images/2/9/5/2951069-th.jpg",
    "categories": ["drinks"],
    "tags": ["coffe-drinks", "coffe-capsules"],
    "locations": {
      "vic": {
        "price": 4.8,
        "promoText": "$1.20 ",
        "packageSize": "52g",
        "packagePrice": "$9.23 per 1G"
      }
    }
  },
  {
    "id": "lor-espresso-ristretto-capsules",
    "brand": "L'OR",
    "name": "Espresso Ristretto Intensity 11 Coffee Capsules 10 pack",
    "imageUrl": "https://shop.coles.com.au/wcsstore/Coles-CAS/images/2/9/5/2959286-th.jpg",
    "categories": ["drinks"],
    "tags": ["coffe-drinks", "coffe-capsules"],
    "locations": {
      "vic": {
        "price": 4.8,
        "promoText": "$1.20 ",
        "packageSize": "52g",
        "packagePrice": "$9.23 per 100G"
      }
    }
  },
  {
    "id": "nescafe-dolce-gusto-capsules-cappucino",
    "brand": "Nescafe",
    "name": "Dolce Gusto Cappuccino Capsules 16 pack",
    "imageUrl": "https://shop.coles.com.au/wcsstore/Coles-CAS/images/3/2/0/3208074-th.jpg",
    "categories": ["drinks"],
    "tags": ["coffe-drinks", "coffe-capsules"],
    "locations": {
      "vic": {
        "price": 8.5,
        "promoText": " ",
        "packageSize": "186g",
        "packagePrice": "$4.57 per 100G"
      }
    }
  },
  {
    "id": "nescafe-dolce-gusto-capsules-americano",
    "brand": "Nescafe",
    "name": "Dolce Gusto Americano Coffee Capsules 16 pack",
    "imageUrl": "https://shop.coles.com.au/wcsstore/Coles-CAS/images/3/3/5/3354509-th.jpg",
    "categories": ["drinks"],
    "tags": ["coffe-drinks", "coffe-capsules"],
    "locations": {
      "vic": {
        "price": 8.5,
        "promoText": " ",
        "packageSize": "128g",
        "packagePrice": "$6.64 per 100G"
      }
    }
  },
  {
    "id": "vittoria-espressotoria-coffee-capsules",
    "brand": "Vittoria",
    "name": "Espressotoria Espresso Coffee Capsules 12 pack",
    "imageUrl": "https://shop.coles.com.au/wcsstore/Coles-CAS/images/1/8/2/1825885-th.jpg",
    "categories": ["drinks"],
    "tags": ["coffe-drinks", "coffe-capsules"],
    "locations": {
      "vic": {
        "price": 8.4,
        "promoText": " ",
        "packageSize": "78g",
        "packagePrice": "$10.77 per 100G"
      }
    }
  },
  {
    "id": "vittoria-italian-compatible-coffee-capsules-10-pack",
    "brand": "Vittoria",
    "name": "Italian Blend Coffee Capsules 10 Pack",
    "imageUrl": "https://shop.coles.com.au/wcsstore/Coles-CAS/images/2/5/2/2526530-th.jpg",
    "categories": ["drinks"],
    "tags": ["coffe-drinks", "coffe-capsules"],
    "locations": {
      "vic": {
        "price": 4,
        "promoText": "Was $5.89 on Jun 2016 ",
        "packageSize": "52g",
        "packagePrice": "$7.69 per 100G"
      }
    }
  },
  {
    "id": "vittoria-espresso-compatible-coffee-capsules-10-pack",
    "brand": "Vittoria",
    "name": "Espresso Coffee Capsules 10 Pack",
    "imageUrl": "https://shop.coles.com.au/wcsstore/Coles-CAS/images/2/5/2/2526482-th.jpg",
    "categories": ["drinks"],
    "tags": ["coffe-drinks", "coffe-capsules"],
    "locations": {
      "vic": {
        "price": 5,
        "promoText": "$2.00 ",
        "packageSize": "52g",
        "packagePrice": "$9.62 per 100G"
      }
    }
  },
  {
    "id": "lor-espresso-lungo-profundo-capsules",
    "brand": "L'OR",
    "name": "Espresso Lungo Profondo Intensity 8 Coffee Capsules 10 Pack",
    "imageUrl": "https://shop.coles.com.au/wcsstore/Coles-CAS/images/2/9/5/2951047-th.jpg",
    "categories": ["drinks"],
    "tags": ["coffe-drinks", "coffe-capsules"],
    "locations": {
      "vic": {
        "price": 4.8,
        "promoText": "$1.20 ",
        "packageSize": "52g",
        "packagePrice": "$0.09 per 1G"
      }
    }
  },
  {
    "id": "lor-espresso-capsules-lungo-profondo",
    "brand": "L'OR",
    "name": "Espresso Lungo Profondo Intensity 8 Coffee Capsules 20 Pack",
    "imageUrl": "https://shop.coles.com.au/wcsstore/Coles-CAS/images/3/5/2/3525645-th.jpg",
    "categories": ["drinks"],
    "tags": ["coffe-drinks", "coffe-capsules"],
    "locations": {
      "vic": {
        "price": 8,
        "promoText": "$3.00 ",
        "packageSize": "104g",
        "packagePrice": "$7.69 per 100G"
      }
    }
  },
  {
    "id": "lavazza-amm-coffee-capsules-intensamente",
    "brand": "Lavazza",
    "name": "Espresso Intenso Intensita 13 Ground Coffee 16 Capsules",
    "imageUrl": "https://shop.coles.com.au/wcsstore/Coles-CAS/images/2/2/6/2268810-th.jpg",
    "categories": ["drinks"],
    "tags": ["coffe-drinks", "coffe-capsules"],
    "locations": {
      "vic": {
        "price": 8,
        "promoText": "$3.00 ",
        "packageSize": "120g",
        "packagePrice": "$6.67 per 100G"
      }
    }
  },
  {
    "id": "moccona-coffee-capsules-espresso-7",
    "brand": "Moccona",
    "name": "Espresso 7 Coffee Capsules 10 pack",
    "imageUrl": "https://shop.coles.com.au/wcsstore/Coles-CAS/images/3/5/2/3525634-th.jpg",
    "categories": ["drinks"],
    "tags": ["coffe-drinks", "coffe-capsules"],
    "locations": {
      "vic": {
        "price": 6,
        "promoText": " ",
        "packageSize": "52g",
        "packagePrice": "$11.54 per 100G"
      }
    }
  },
  {
    "id": "starbucks-caffe-verona-capsules",
    "brand": "Starbucks",
    "name": "By Nespresso Caffe Verona Capsules",
    "imageUrl": "https://shop.coles.com.au/wcsstore/Coles-CAS/images/3/6/1/3613083-th.jpg",
    "categories": ["drinks"],
    "tags": ["coffe-drinks", "coffe-capsules"],
    "locations": {
      "vic": {
        "price": 6.9,
        "promoText": "Any 4 $20",
        "packageSize": "10 pack",
        "packagePrice": "$0.69 per 1Ea"
      }
    }
  },
  {
    "id": "coles-coffee-capsules-intensity-8-10-pack",
    "brand": "Coles",
    "name": "Urban Coffee Culture Intensity 6 Medium Coffee Capsules 10 Pack",
    "imageUrl": "https://shop.coles.com.au/wcsstore/Coles-CAS/images/2/3/5/2352304-th.jpg",
    "categories": ["drinks"],
    "tags": ["coffe-drinks", "coffe-capsules"],
    "locations": {
      "vic": {
        "price": 3.7,
        "promoText": " ",
        "packageSize": "52g",
        "packagePrice": "$7.12 per 100G"
      }
    }
  },
  {
    "id": "illy-espresso-intenso-capsules",
    "brand": "Illy",
    "name": "Espresso Intenso Bold Roast Coffee Capsules 10 pack",
    "imageUrl": "https://shop.coles.com.au/wcsstore/Coles-CAS/images/3/6/2/3626427-th.jpg",
    "categories": ["drinks"],
    "tags": ["coffe-drinks", "coffe-capsules"],
    "locations": {
      "vic": {
        "price": 7.5,
        "promoText": " ",
        "packageSize": "57g",
        "packagePrice": "$13.16 per 100G"
      }
    }
  },
  {
    "id": "republica-coffee-capsules-paris",
    "brand": "Republica Organic",
    "name": "Paris Intensity 10 Biodegradable Coffee Capsules",
    "imageUrl": "https://shop.coles.com.au/wcsstore/Coles-CAS/images/1/9/9/1992854-th.jpg",
    "categories": ["drinks"],
    "tags": ["coffe-drinks", "coffe-capsules"],
    "locations": {
      "vic": {
        "price": 5,
        "promoText": " ",
        "packageSize": "10 pack",
        "packagePrice": "$9.09 per 100G"
      }
    }
  },
  {
    "id": "starbucks-house-blend-lungo-capsules",
    "brand": "Starbucks",
    "name": "By Nespresso House Blend Lungo Capsules",
    "imageUrl": "https://shop.coles.com.au/wcsstore/Coles-CAS/images/3/6/1/3613050-th.jpg",
    "categories": ["drinks"],
    "tags": ["coffe-drinks", "coffe-capsules"],
    "locations": {
      "vic": {
        "price": 6.9,
        "promoText": "Any 4 $20",
        "packageSize": "10 pack",
        "packagePrice": "$0.69 per 1Ea"
      }
    }
  },
  {
    "id": "starbucks-dark-espresso-roast-capsules",
    "brand": "Starbucks",
    "name": "By Nespresso Dark Espresso Roast Capsules",
    "imageUrl": "https://shop.coles.com.au/wcsstore/Coles-CAS/images/3/6/1/3613072-th.jpg",
    "categories": ["drinks"],
    "tags": ["coffe-drinks", "coffe-capsules"],
    "locations": {
      "vic": {
        "price": 6.9,
        "promoText": "Any 4 $20",
        "packageSize": "10 pack",
        "packagePrice": "$0.69 per 1Ea"
      }
    }
  },
  {
    "id": "starbucks-pike-place-capsules",
    "brand": "Starbucks",
    "name": "Pike Place Capsules",
    "imageUrl": "https://shop.coles.com.au/wcsstore/Coles-CAS/images/3/7/7/3772950-th.jpg",
    "categories": ["drinks"],
    "tags": ["coffe-drinks", "coffe-capsules"],
    "locations": {
      "vic": {
        "price": 6.9,
        "promoText": "Any 4 $20",
        "packageSize": "10 pack",
        "packagePrice": "$0.69 per 1Ea"
      }
    }
  },
  {
    "id": "coles-coffee-caps-intensity-10-10-pack",
    "brand": "Coles",
    "name": "Urban Coffee Culture Intensity 10 Strong Coffee Capsules 10 Pack",
    "imageUrl": "https://shop.coles.com.au/wcsstore/Coles-CAS/images/2/3/5/2352326-th.jpg",
    "categories": ["drinks"],
    "tags": ["coffe-drinks", "coffe-capsules"],
    "locations": {
      "vic": {
        "price": 3.7,
        "promoText": " ",
        "packageSize": "52g",
        "packagePrice": "$7.12 per 100G"
      }
    }
  },
  {
    "id": "illy-espresso-classico-capsules",
    "brand": "Illy",
    "name": "Espresso Classico Classic Roast Coffee Capsules 10 pack",
    "imageUrl": "https://shop.coles.com.au/wcsstore/Coles-CAS/images/3/6/2/3626405-th.jpg",
    "categories": ["drinks"],
    "tags": ["coffe-drinks", "coffe-capsules"],
    "locations": {
      "vic": {
        "price": 7.5,
        "promoText": " ",
        "packageSize": "57g",
        "packagePrice": "$13.16 per 100G"
      }
    }
  },
  {
    "id": "lor-espresso-oro-sublime-capsules",
    "brand": "L'OR",
    "name": "Espresso Capsules 10 Pack Or Absolu 10 Pack",
    "imageUrl": "https://shop.coles.com.au/wcsstore/Coles-CAS/images/2/9/5/2951116-th.jpg",
    "categories": ["drinks"],
    "tags": ["coffe-drinks", "coffe-capsules"],
    "locations": {
      "vic": {
        "price": 4.8,
        "promoText": "$1.20 ",
        "packageSize": "52g",
        "packagePrice": "$0.48 per 1Ea"
      }
    }
  },
  {
    "id": "lor-espresso-papua-new-guinea-capsules",
    "brand": "L'OR",
    "name": "Espresso Papua New Guinea Intensity 7 Coffee Capsules 10 Pack",
    "imageUrl": "https://shop.coles.com.au/wcsstore/Coles-CAS/images/2/9/5/2951105-th.jpg",
    "categories": ["drinks"],
    "tags": ["coffe-drinks", "coffe-capsules"],
    "locations": {
      "vic": {
        "price": 4.8,
        "promoText": "$1.20 ",
        "packageSize": "52g",
        "packagePrice": "$92.33 per 1KG"
      }
    }
  },
  {
    "id": "lavazza-amodo-mio-armonico-coffee-capsules",
    "brand": "Lavazza",
    "name": "Espresso Delizioso Intensita 8 Coffee Capsules",
    "imageUrl": "https://shop.coles.com.au/wcsstore/Coles-CAS/images/1/7/7/1774194-th.jpg",
    "categories": ["drinks"],
    "tags": ["coffe-drinks", "coffe-capsules"],
    "locations": {
      "vic": {
        "price": 8,
        "promoText": "$3.00 ",
        "packageSize": "16 pack",
        "packagePrice": "$0.50 per 1Ea"
      }
    }
  },
  {
    "id": "lavazza-a-modo-mio-qualita-rossa-capsules",
    "brand": "Lavazza",
    "name": "Expresso Intensita 10 Ground Coffee 16 Capsules",
    "imageUrl": "https://shop.coles.com.au/wcsstore/Coles-CAS/images/3/5/1/3514490-th.jpg",
    "categories": ["drinks"],
    "tags": ["coffe-drinks", "coffe-capsules"],
    "locations": {
      "vic": {
        "price": 8,
        "promoText": "$3.00 ",
        "packageSize": "16 pack",
        "packagePrice": "$0.50 per 1Ea"
      }
    }
  },
  {
    "id": "starbucks-blonde-espresso-roast-capsules",
    "brand": "Starbucks",
    "name": "By Nespresso Blonde Espresso Roast Capsules",
    "imageUrl": "https://shop.coles.com.au/wcsstore/Coles-CAS/images/3/6/1/3613061-th.jpg",
    "categories": ["drinks"],
    "tags": ["coffe-drinks", "coffe-capsules"],
    "locations": {
      "vic": {
        "price": 6.9,
        "promoText": "Any 4 $20",
        "packageSize": "10 pack",
        "packagePrice": "$0.69 per 1Ea"
      }
    }
  },
  {
    "id": "starbucks-single-origin-sumatra-capsules",
    "brand": "Starbucks",
    "name": "By Nespresso Single Origin Coffee Sumatra Capsules",
    "imageUrl": "https://shop.coles.com.au/wcsstore/Coles-CAS/images/3/6/1/3613040-th.jpg",
    "categories": ["drinks"],
    "tags": ["coffe-drinks", "coffe-capsules"],
    "locations": {
      "vic": {
        "price": 6.9,
        "promoText": "Any 4 $20",
        "packageSize": "10 pack",
        "packagePrice": "$0.69 per 1Ea"
      }
    }
  },
  {
    "id": "coles-coffee-capsules-intensity-6-10-pack",
    "brand": "Coles",
    "name": "Urban Coffee Culture Intensity 8 Decaffeinated Coffee  Capsules 10 Pack",
    "imageUrl": "https://shop.coles.com.au/wcsstore/Coles-CAS/images/2/3/5/2352315-th.jpg",
    "categories": ["drinks"],
    "tags": ["coffe-drinks", "coffe-capsules"],
    "locations": {
      "vic": {
        "price": 3.7,
        "promoText": " ",
        "packageSize": "52g",
        "packagePrice": "$7.12 per 100G"
      }
    }
  },
  {
    "id": "illy-espresso-forte-capsules",
    "brand": "Illy",
    "name": "Espresso Forte Extra Bold Roast Coffee Capsules 10 pack",
    "imageUrl": "https://shop.coles.com.au/wcsstore/Coles-CAS/images/3/6/2/3626416-th.jpg",
    "categories": ["drinks"],
    "tags": ["coffe-drinks", "coffe-capsules"],
    "locations": {
      "vic": {
        "price": 7.5,
        "promoText": " ",
        "packageSize": "57g",
        "packagePrice": "$13.16 per 100G"
      }
    }
  },
  {
    "id": "lor-espresso-columbia-capsules",
    "brand": "L'OR",
    "name": "Espresso Colombia Intensity 8 Coffee Capsules 10 Pack",
    "imageUrl": "https://shop.coles.com.au/wcsstore/Coles-CAS/images/2/9/5/2951091-th.jpg",
    "categories": ["drinks"],
    "tags": ["coffe-drinks", "coffe-capsules"],
    "locations": {
      "vic": {
        "price": 4.8,
        "promoText": "$1.20 ",
        "packageSize": "52g",
        "packagePrice": "$0.92 per 10G"
      }
    }
  },
  {
    "id": "lor-espresso-capsules-lungo-estremo",
    "brand": "L'OR",
    "name": "Espresso Lungo Estremo Intensity 10 Coffee Capsules 10 Pack",
    "imageUrl": "https://shop.coles.com.au/wcsstore/Coles-CAS/images/3/1/9/3193217-th.jpg",
    "categories": ["drinks"],
    "tags": ["coffe-drinks", "coffe-capsules"],
    "locations": {
      "vic": {
        "price": 4.8,
        "promoText": "$1.20 ",
        "packageSize": "52g",
        "packagePrice": "$92.33 per 1KG"
      }
    }
  },
  {
    "id": "lavazza-espresso-capsules-deciso",
    "brand": "Lavazza",
    "name": "Espresso Deciso Intensita 10 Coffee Capsules",
    "imageUrl": "https://shop.coles.com.au/wcsstore/Coles-CAS/images/3/5/1/3514139-th.jpg",
    "categories": ["drinks"],
    "tags": ["coffe-drinks", "coffe-capsules"],
    "locations": {
      "vic": {
        "price": 13,
        "promoText": "Was $15.00 on May 2019 ",
        "packageSize": "30 pack",
        "packagePrice": "$0.43 per 1Ea"
      }
    }
  },
  {
    "id": "moccona-coffee-capsules-ristretto-12",
    "brand": "Moccona",
    "name": "Ristretto 12 Espresso Coffee Capsules 10 pack",
    "imageUrl": "https://shop.coles.com.au/wcsstore/Coles-CAS/images/3/1/9/3193421-th.jpg",
    "categories": ["drinks"],
    "tags": ["coffe-drinks", "coffe-capsules"],
    "locations": {
      "vic": {
        "price": 6,
        "promoText": " ",
        "packageSize": "52g",
        "packagePrice": "$11.54 per 100G"
      }
    }
  },
  {
    "id": "moccona-coffee-capsules-lungo-8",
    "brand": "Moccona",
    "name": "Lungo 8 Coffee Capsules 10 Pack",
    "imageUrl": "https://shop.coles.com.au/wcsstore/Coles-CAS/images/3/5/1/3512632-th.jpg",
    "categories": ["drinks"],
    "tags": ["coffe-drinks", "coffe-capsules"],
    "locations": {
      "vic": {
        "price": 6,
        "promoText": " ",
        "packageSize": "52g",
        "packagePrice": "$11.54 per 100G"
      }
    }
  },
  {
    "id": "st-remio-k-fee-caffitaly-capsules-strong",
    "brand": "St Remio",
    "name": "Strong K-Fee Caffitaly Coffee Capsules 10 Pack",
    "imageUrl": "https://shop.coles.com.au/wcsstore/Coles-CAS/images/3/2/2/3224864-th.jpg",
    "categories": ["drinks"],
    "tags": ["coffe-drinks", "coffe-capsules"],
    "locations": {
      "vic": {
        "price": 3.75,
        "promoText": " ",
        "packageSize": "80g",
        "packagePrice": "$4.69 per 100G"
      }
    }
  },
  {
    "id": "st-remio-k-fee-caffitaly-capsules-intense",
    "brand": "St Remio",
    "name": "Intense K-Fee Caffitaly Coffee Capsules 10 Pack",
    "imageUrl": "https://shop.coles.com.au/wcsstore/Coles-CAS/images/3/2/2/3224875-th.jpg",
    "categories": ["drinks"],
    "tags": ["coffe-drinks", "coffe-capsules"],
    "locations": {
      "vic": {
        "price": 3.75,
        "promoText": " ",
        "packageSize": "80g",
        "packagePrice": "$4.69 per 100G"
      }
    }
  },
  {
    "id": "starbucks-ndg-capsules-espresso-roast",
    "brand": "Starbucks",
    "name": "Nescafe Dolce Gusto Capsules Espresso Roast",
    "imageUrl": "https://shop.coles.com.au/wcsstore/Coles-CAS/images/3/7/7/3777105-th.jpg",
    "categories": ["drinks"],
    "tags": ["coffe-drinks", "coffe-capsules"],
    "locations": {
      "vic": {
        "price": 8.5,
        "promoText": " ",
        "packageSize": "12 pack",
        "packagePrice": "$0.71 per 1Ea"
      }
    }
  },
  {
    "id": "coles-coffee-capsules-intensity-12-10-pack",
    "brand": "Coles",
    "name": "Urban Coffee Culture Intensity 12 Intense Coffee  Capsules 10 Pack",
    "imageUrl": "https://shop.coles.com.au/wcsstore/Coles-CAS/images/2/3/5/2352337-th.jpg",
    "categories": ["drinks"],
    "tags": ["coffe-drinks", "coffe-capsules"],
    "locations": {
      "vic": {
        "price": 3.7,
        "promoText": " ",
        "packageSize": "52g",
        "packagePrice": "$7.12 per 100G"
      }
    }
  },
  {
    "id": "coles-urban-coffee-culture-capsules-supreme",
    "brand": "Coles",
    "name": "Urban Coffee Culture Intensity 11 Supreme Coffee Capsules 10 pack",
    "imageUrl": "https://shop.coles.com.au/wcsstore/Coles-CAS/images/3/2/0/3209022-th.jpg",
    "categories": ["drinks"],
    "tags": ["coffe-drinks", "coffe-capsules"],
    "locations": {
      "vic": {
        "price": 3.7,
        "promoText": " ",
        "packageSize": "52g",
        "packagePrice": "$7.12 per 100G"
      }
    }
  },
  {
    "id": "coles-dolce-gusto-capsules-cappuccino",
    "brand": "Coles",
    "name": "Dolce Gusto Cappuccino Intensity 9 Coffee Capsules",
    "imageUrl": "https://shop.coles.com.au/wcsstore/Coles-CAS/images/3/2/0/3209044-th.jpg",
    "categories": ["drinks"],
    "tags": ["coffe-drinks", "coffe-capsules"],
    "locations": {
      "vic": {
        "price": 6.5,
        "promoText": " ",
        "packageSize": "16 pack",
        "packagePrice": "$0.41 per 1Ea"
      }
    }
  },
  {
    "id": "coles-urban-coffe-culture-dolc-gus-hot-choc",
    "brand": "Coles",
    "name": "Urban Coffee Culture Dolce Gusto Hot Chocolate Capsules",
    "imageUrl": "https://shop.coles.com.au/wcsstore/Coles-CAS/images/3/6/5/3653383-th.jpg",
    "categories": ["drinks"],
    "tags": ["coffe-drinks", "coffe-capsules"],
    "locations": {
      "vic": {
        "price": 6.5,
        "promoText": " ",
        "packageSize": "16 pack",
        "packagePrice": "$0.41 per 1Ea"
      }
    }
  },
  {
    "id": "lor-espresso-sontuoso-capsules",
    "brand": "L'OR",
    "name": "Espresso Sontuoso Intensity 8 Coffee Capsules 10 Pack",
    "imageUrl": "https://shop.coles.com.au/wcsstore/Coles-CAS/images/2/9/5/2951036-th.jpg",
    "categories": ["drinks"],
    "tags": ["coffe-drinks", "coffe-capsules"],
    "locations": {
      "vic": {
        "price": 4.8,
        "promoText": "$1.20 ",
        "packageSize": "52g",
        "packagePrice": "$0.09 per 1G"
      }
    }
  },
  {
    "id": "lor-espresso-capsules-onyx",
    "brand": "L'OR",
    "name": "Espresso Onyx Intensity 12 Coffee Capsules 20 Pack",
    "imageUrl": "https://shop.coles.com.au/wcsstore/Coles-CAS/images/3/5/1/3519518-th.jpg",
    "categories": ["drinks"],
    "tags": ["coffe-drinks", "coffe-capsules"],
    "locations": {
      "vic": {
        "price": 8,
        "promoText": "$3.00 ",
        "packageSize": "104g",
        "packagePrice": "$7.69 per 100G"
      }
    }
  },
  {
    "id": "lavazza-amodo-mio-deciso-coffee-capsules",
    "brand": "Lavazza",
    "name": "Espresso Passionale Intensita 11 Ground Coffee 16 Capsules",
    "imageUrl": "https://shop.coles.com.au/wcsstore/Coles-CAS/images/1/7/7/1774208-th.jpg",
    "categories": ["drinks"],
    "tags": ["coffe-drinks", "coffe-capsules"],
    "locations": {
      "vic": {
        "price": 8,
        "promoText": "$3.00 ",
        "packageSize": "120g",
        "packagePrice": "$6.67 per 100G"
      }
    }
  },
  {
    "id": "moccona-coffee-capsules-espresso-10",
    "brand": "Moccona",
    "name": "Espresso Coffee Capsules 10 pack",
    "imageUrl": "https://shop.coles.com.au/wcsstore/Coles-CAS/images/3/1/9/3193410-th.jpg",
    "categories": ["drinks"],
    "tags": ["coffe-drinks", "coffe-capsules"],
    "locations": {
      "vic": {
        "price": 6,
        "promoText": " ",
        "packageSize": "52g",
        "packagePrice": "$11.54 per 100G"
      }
    }
  },
  {
    "id": "nescafe-dolce-gusto-coffee-capsules-cafe-au-lait",
    "brand": "Nescafe",
    "name": "Dolce Gusto Cafe Au Lait Coffee Capsules 16 Pack",
    "imageUrl": "https://shop.coles.com.au/wcsstore/Coles-CAS/images/9/9/2/9928338-th.jpg",
    "categories": ["drinks"],
    "tags": ["coffe-drinks", "coffe-capsules"],
    "locations": {
      "vic": {
        "price": 8.5,
        "promoText": " ",
        "packageSize": "160g",
        "packagePrice": "$5.31 per 100G"
      }
    }
  },
  {
    "id": "republica-organic-capsules-sydney",
    "brand": "Republica Organic",
    "name": "Capsules Sydney",
    "imageUrl": "https://shop.coles.com.au/wcsstore/Coles-CAS/images/3/7/6/3766186-th.jpg",
    "categories": ["drinks"],
    "tags": ["coffe-drinks", "coffe-capsules"],
    "locations": {
      "vic": {
        "price": 9.5,
        "promoText": " ",
        "packageSize": "20 pack",
        "packagePrice": "$0.48 per 1Ea"
      }
    }
  },
  {
    "id": "republica-organic-capsules-byron-bay",
    "brand": "Republica Organic",
    "name": "Capsules Byron Bay",
    "imageUrl": "https://shop.coles.com.au/wcsstore/Coles-CAS/images/3/7/6/3766674-th.jpg",
    "categories": ["drinks"],
    "tags": ["coffe-drinks", "coffe-capsules"],
    "locations": {
      "vic": {
        "price": 5,
        "promoText": " ",
        "packageSize": "10 pack",
        "packagePrice": "$0.50 per 1Ea"
      }
    }
  },
  {
    "id": "st-remio-k-fee-caffitaly-capsules-classic",
    "brand": "St Remio",
    "name": "Classic K-Fee Caffitaly Coffee Capsules 10 Pack",
    "imageUrl": "https://shop.coles.com.au/wcsstore/Coles-CAS/images/3/2/2/3224886-th.jpg",
    "categories": ["drinks"],
    "tags": ["coffe-drinks", "coffe-capsules"],
    "locations": {
      "vic": {
        "price": 3.75,
        "promoText": " ",
        "packageSize": "80g",
        "packagePrice": "$4.69 per 100G"
      }
    }
  },
  {
    "id": "starbucks-single-origin-colombia-capsules",
    "brand": "Starbucks",
    "name": "By Nespresso Single Origin Coffee Colombia Capsules",
    "imageUrl": "https://shop.coles.com.au/wcsstore/Coles-CAS/images/3/6/1/3612987-th.jpg",
    "categories": ["drinks"],
    "tags": ["coffe-drinks", "coffe-capsules"],
    "locations": {
      "vic": {
        "price": 6.9,
        "promoText": "Any 4 $20",
        "packageSize": "10 pack",
        "packagePrice": "$0.69 per 1Ea"
      }
    }
  },
  {
    "id": "starbucks-ndg-capsules-cappuccino",
    "brand": "Starbucks",
    "name": "Nescafe Dolce Gusto Capsules Cappuccino",
    "imageUrl": "https://shop.coles.com.au/wcsstore/Coles-CAS/images/3/7/7/3777116-th.jpg",
    "categories": ["drinks"],
    "tags": ["coffe-drinks", "coffe-capsules"],
    "locations": {
      "vic": {
        "price": 8.5,
        "promoText": " ",
        "packageSize": "12 pack",
        "packagePrice": "$0.71 per 1Ea"
      }
    }
  },
  {
    "id": "starbucks-ndg-capsules-espresso-blonde-roast",
    "brand": "Starbucks",
    "name": "Nescafe Dolce Gusto Capsules Espresso Blonde Roast",
    "imageUrl": "https://shop.coles.com.au/wcsstore/Coles-CAS/images/3/7/7/3777080-th.jpg",
    "categories": ["drinks"],
    "tags": ["coffe-drinks", "coffe-capsules"],
    "locations": {
      "vic": {
        "price": 8.5,
        "promoText": " ",
        "packageSize": "12 pack",
        "packagePrice": "$0.71 per 1Ea"
      }
    }
  },
  {
    "id": "vittoria-oro-compatible-capsules",
    "brand": "Vittoria",
    "name": "Oro Coffee Capsules 10 pack",
    "imageUrl": "https://shop.coles.com.au/wcsstore/Coles-CAS/images/2/7/3/2732316-th.jpg",
    "categories": ["drinks"],
    "tags": ["coffe-drinks", "coffe-capsules"],
    "locations": {
      "vic": {
        "price": 5,
        "promoText": "Was $7.50 on Jun 2019 ",
        "packageSize": "52g",
        "packagePrice": "$9.62 per 100Ea"
      }
    }
  },
  {
    "id": "espressotoria-aurora-italian-coffee-capsules-12-pack",
    "brand": "Caffe Aurora",
    "name": "Espressotoria Italian Coffee Capsules",
    "imageUrl": "https://shop.coles.com.au/wcsstore/Coles-CAS/images/1/8/2/1825874-th.jpg",
    "categories": ["drinks"],
    "tags": ["coffe-drinks", "coffe-capsules"],
    "locations": {
      "vic": {
        "price": 4.45,
        "promoText": "$1.15 ",
        "packageSize": "12 pack",
        "packagePrice": "$0.37 per 1Ea"
      }
    }
  },
  {
    "id": "coles-dolce-gusto-capsules-ristretto",
    "brand": "Coles",
    "name": "Dolce Gusto Ristretto Intensity 11 Coffee Capsules",
    "imageUrl": "https://shop.coles.com.au/wcsstore/Coles-CAS/images/3/2/0/3209066-th.jpg",
    "categories": ["drinks"],
    "tags": ["coffe-drinks", "coffe-capsules"],
    "locations": {
      "vic": {
        "price": 5.5,
        "promoText": " ",
        "packageSize": "16 pack",
        "packagePrice": "$0.34 per 1Ea"
      }
    }
  },
  {
    "id": "coles-urban-coffee-culture-sng-origin-brazil",
    "brand": "Coles",
    "name": "Urban Coffee Culture Intensity 8 Brazil Coffee Capsules 10 Pack",
    "imageUrl": "https://shop.coles.com.au/wcsstore/Coles-CAS/images/3/5/0/3502617-th.jpg",
    "categories": ["drinks"],
    "tags": ["coffe-drinks", "coffe-capsules"],
    "locations": {
      "vic": {
        "price": 3.7,
        "promoText": " ",
        "packageSize": "52g",
        "packagePrice": "$0.71 per 10G"
      }
    }
  },
  {
    "id": "coles-dolce-gusto-capsules-americano",
    "brand": "Coles",
    "name": "Dolce Gusto Americano Intensity 4 Coffee Capsules 16 Pack",
    "imageUrl": "https://shop.coles.com.au/wcsstore/Coles-CAS/images/3/2/0/3209055-th.jpg",
    "categories": ["drinks"],
    "tags": ["coffe-drinks", "coffe-capsules"],
    "locations": {
      "vic": {
        "price": 6.5,
        "promoText": " ",
        "packageSize": "128g",
        "packagePrice": "$5.08 per 100G"
      }
    }
  },
  {
    "id": "daley-stret-light-medium-coffe-capsules",
    "brand": "Daley Street",
    "name": "Light/Medium Coffee Capsules",
    "imageUrl": "https://shop.coles.com.au/wcsstore/Coles-CAS/images/3/7/4/3745404-th.jpg",
    "categories": ["drinks"],
    "tags": ["coffe-drinks", "coffe-capsules"],
    "locations": {
      "vic": {
        "price": 5,
        "promoText": " ",
        "packageSize": "10 PACK",
        "packagePrice": ""
      }
    }
  },
  {
    "id": "daley-stret-light-coffe-capsules",
    "brand": "Daley Street",
    "name": "Light Coffee Capsules",
    "imageUrl": "https://shop.coles.com.au/wcsstore/Coles-CAS/images/3/7/4/3745426-th.jpg",
    "categories": ["drinks"],
    "tags": ["coffe-drinks", "coffe-capsules"],
    "locations": {
      "vic": {
        "price": 5,
        "promoText": " ",
        "packageSize": "10 PACK",
        "packagePrice": ""
      }
    }
  },
  {
    "id": "daley-stret-medium-coffe-capsules",
    "brand": "Daley Street",
    "name": "Medium Coffee Capsules",
    "imageUrl": "https://shop.coles.com.au/wcsstore/Coles-CAS/images/3/7/4/3745415-th.jpg",
    "categories": ["drinks"],
    "tags": ["coffe-drinks", "coffe-capsules"],
    "locations": {
      "vic": {
        "price": 5,
        "promoText": " ",
        "packageSize": "10 PACK",
        "packagePrice": ""
      }
    }
  },
  {
    "id": "daley-stret-medium-dark-coffe-capsules",
    "brand": "Daley Street",
    "name": "Medium/Dark Coffee Capsules",
    "imageUrl": "https://shop.coles.com.au/wcsstore/Coles-CAS/images/3/7/4/3745324-th.jpg",
    "categories": ["drinks"],
    "tags": ["coffe-drinks", "coffe-capsules"],
    "locations": {
      "vic": {
        "price": 5,
        "promoText": " ",
        "packageSize": "10 PACK",
        "packagePrice": ""
      }
    }
  },
  {
    "id": "espressotoria-vittoria-mountain-grown-coffee-capsules",
    "brand": "Espressotoria",
    "name": "Vittoria Coffee Mountain Grown Coffee Capsules",
    "imageUrl": "https://shop.coles.com.au/wcsstore/Coles-CAS/images/2/0/0/2002732-th.jpg",
    "categories": ["drinks"],
    "tags": ["coffe-drinks", "coffe-capsules"],
    "locations": {
      "vic": {
        "price": 7.5,
        "promoText": " ",
        "packageSize": "12 pack",
        "packagePrice": "$0.63 per 1Ea"
      }
    }
  },
  {
    "id": "lor-espresso-capsules-ristretto-decaffeinato",
    "brand": "L'OR",
    "name": "Espresso Decaffeinato Ristretto Intensity 9 Coffee Capsules 10 pack",
    "imageUrl": "https://shop.coles.com.au/wcsstore/Coles-CAS/images/3/1/9/3193396-th.jpg",
    "categories": ["drinks"],
    "tags": ["coffe-drinks", "coffe-capsules"],
    "locations": {
      "vic": {
        "price": 4.8,
        "promoText": "$1.20 ",
        "packageSize": "52g",
        "packagePrice": "$9.23 per 100G"
      }
    }
  },
  {
    "id": "lor-espresso-capsules-india",
    "brand": "L'OR",
    "name": "Espresso India Karnataka Coffee Aluminium Capsules 10 pack",
    "imageUrl": "https://shop.coles.com.au/wcsstore/Coles-CAS/images/3/5/3/3537032-th.jpg",
    "categories": ["drinks"],
    "tags": ["coffe-drinks", "coffe-capsules"],
    "locations": {
      "vic": {
        "price": 4.8,
        "promoText": "$1.20 ",
        "packageSize": "52g",
        "packagePrice": "$9.23 per 100G"
      }
    }
  },
  {
    "id": "l-or-espresso-capsules-ristretto",
    "brand": "L'Or",
    "name": "Espresso Capsules Ristretto",
    "imageUrl": "https://shop.coles.com.au/wcsstore/Coles-CAS/images/3/7/5/3755179-th.jpg",
    "categories": ["drinks"],
    "tags": ["coffe-drinks", "coffe-capsules"],
    "locations": {
      "vic": {
        "price": 18,
        "promoText": " ",
        "packageSize": "40 pack",
        "packagePrice": "$0.45 per 1Ea"
      }
    }
  },
  {
    "id": "l-or-espresso-capsules-ultimo",
    "brand": "L'Or",
    "name": "Espresso Capsules Ultimo",
    "imageUrl": "https://shop.coles.com.au/wcsstore/Coles-CAS/images/3/7/5/3755340-th.jpg",
    "categories": ["drinks"],
    "tags": ["coffe-drinks", "coffe-capsules"],
    "locations": {
      "vic": {
        "price": 4.8,
        "promoText": "$1.20 ",
        "packageSize": "10 pack",
        "packagePrice": "$0.48 per 1Ea"
      }
    }
  },
  {
    "id": "l-or-espresso-capsules-guatemala",
    "brand": "L'Or",
    "name": "Espresso Capsules Guatemala",
    "imageUrl": "https://shop.coles.com.au/wcsstore/Coles-CAS/images/3/7/5/3755226-th.jpg",
    "categories": ["drinks"],
    "tags": ["coffe-drinks", "coffe-capsules"],
    "locations": {
      "vic": {
        "price": 4.8,
        "promoText": "$1.20 ",
        "packageSize": "10 pack",
        "packagePrice": "$0.48 per 1Ea"
      }
    }
  },
  {
    "id": "lavazza-a-modo-mio-tiny-coffee-machine-black",
    "brand": "Lavazza",
    "name": "A Modo Mio Tiny Black Coffee Machine",
    "imageUrl": "https://shop.coles.com.au/wcsstore/Coles-CAS/images/3/2/0/3208620-th.jpg",
    "categories": ["drinks"],
    "tags": ["coffe-drinks", "coffe-capsules"],
    "locations": {
      "vic": {
        "price": 79,
        "promoText": " ",
        "packageSize": "",
        "packagePrice": "$79.00 per 1Ea"
      }
    }
  },
  {
    "id": "lavazza-a-modo-mio-caps-dek-decaffeinated",
    "brand": "Lavazza",
    "name": "Espresso Dek Cremoso Intensita 7 Decaffeinated Coffee Capsules",
    "imageUrl": "https://shop.coles.com.au/wcsstore/Coles-CAS/images/3/2/0/3208722-th.jpg",
    "categories": ["drinks"],
    "tags": ["coffe-drinks", "coffe-capsules"],
    "locations": {
      "vic": {
        "price": 8,
        "promoText": "$3.00 ",
        "packageSize": "16 pack",
        "packagePrice": "$0.50 per 1Ea"
      }
    }
  },
  {
    "id": "lavazza-a-modo-mio-capsules-lungo-dolce",
    "brand": "Lavazza",
    "name": "A Modo Mio Capsules Lungo Dolce",
    "imageUrl": "https://shop.coles.com.au/wcsstore/Coles-CAS/images/3/7/5/3756579-th.jpg",
    "categories": ["drinks"],
    "tags": ["coffe-drinks", "coffe-capsules"],
    "locations": {
      "vic": {
        "price": 8,
        "promoText": "$3.00 ",
        "packageSize": "16 pack",
        "packagePrice": "$0.50 per 1Ea"
      }
    }
  },
  {
    "id": "lavazza-espresso-capsules-armonico",
    "brand": "Lavazza",
    "name": "Espresso Capsules Armonico",
    "imageUrl": "https://shop.coles.com.au/wcsstore/Coles-CAS/images/3/7/5/3756488-th.jpg",
    "categories": ["drinks"],
    "tags": ["coffe-drinks", "coffe-capsules"],
    "locations": {
      "vic": {
        "price": 13,
        "promoText": " ",
        "packageSize": "30 pack",
        "packagePrice": "$0.43 per 1Ea"
      }
    }
  },
  {
    "id": "lavazza-espresso-capsules-vigoroso",
    "brand": "Lavazza",
    "name": "Espresso Capsules Vigoroso",
    "imageUrl": "https://shop.coles.com.au/wcsstore/Coles-CAS/images/3/7/5/3756535-th.jpg",
    "categories": ["drinks"],
    "tags": ["coffe-drinks", "coffe-capsules"],
    "locations": {
      "vic": {
        "price": 13,
        "promoText": " ",
        "packageSize": "30 pack",
        "packagePrice": "$0.43 per 1Ea"
      }
    }
  },
  {
    "id": "moccona-coffe-capsules-ristretto-12",
    "brand": "Moccona",
    "name": "Ristretto 12 Coffee Capsules",
    "imageUrl": "https://shop.coles.com.au/wcsstore/Coles-CAS/images/3/7/5/3755306-th.jpg",
    "categories": ["drinks"],
    "tags": ["coffe-drinks", "coffe-capsules"],
    "locations": {
      "vic": {
        "price": 9,
        "promoText": " ",
        "packageSize": "20 Pack",
        "packagePrice": "$0.45 per 1Ea"
      }
    }
  },
  {
    "id": "nescafe-dolce-gusto-capsules-espresso-intenso",
    "brand": "Nescafe",
    "name": "Dolce Gusto Espresso Intenso Coffee Capsules 16 pack",
    "imageUrl": "https://shop.coles.com.au/wcsstore/Coles-CAS/images/3/3/5/3354510-th.jpg",
    "categories": ["drinks"],
    "tags": ["coffe-drinks", "coffe-capsules"],
    "locations": {
      "vic": {
        "price": 8.5,
        "promoText": " ",
        "packageSize": "96g",
        "packagePrice": "$8.85 per 100G"
      }
    }
  },
  {
    "id": "republica-organic-melbourne-coffee-capsules",
    "brand": "Republica",
    "name": "Organic Melbourne Laneway Ristretto Intensity 14 Coffee Capsules 10 Pack",
    "imageUrl": "https://shop.coles.com.au/wcsstore/Coles-CAS/images/3/5/1/3513271-th.jpg",
    "categories": ["drinks"],
    "tags": ["coffe-drinks", "coffe-capsules"],
    "locations": {
      "vic": {
        "price": 5,
        "promoText": " ",
        "packageSize": "55g",
        "packagePrice": "$9.09 per 100G"
      }
    }
  },
  {
    "id": "republica-organic-sydney-double-shot-nespresso",
    "brand": "Republica Organic",
    "name": "Sydney Intensity 14 Biodegradable Coffee Capsules",
    "imageUrl": "https://shop.coles.com.au/wcsstore/Coles-CAS/images/3/2/0/3208948-th.jpg",
    "categories": ["drinks"],
    "tags": ["coffe-drinks", "coffe-capsules"],
    "locations": {
      "vic": {
        "price": 5,
        "promoText": " ",
        "packageSize": "10 pack",
        "packagePrice": "$9.09 per 100G"
      }
    }
  },
  {
    "id": "republica-organic-capsules-paris",
    "brand": "Republica Organic",
    "name": "Capsules Paris",
    "imageUrl": "https://shop.coles.com.au/wcsstore/Coles-CAS/images/3/7/6/3766197-th.jpg",
    "categories": ["drinks"],
    "tags": ["coffe-drinks", "coffe-capsules"],
    "locations": {
      "vic": {
        "price": 9.5,
        "promoText": " ",
        "packageSize": "20 pack",
        "packagePrice": "$0.48 per 1Ea"
      }
    }
  },
  {
    "id": "st-remio-k-fee-caffitaly-capsules-supreme",
    "brand": "St Remio",
    "name": "Supreme Intensity 13 Ground Coffee 10 Capsules",
    "imageUrl": "https://shop.coles.com.au/wcsstore/Coles-CAS/images/3/5/1/3513464-th.jpg",
    "categories": ["drinks"],
    "tags": ["coffe-drinks", "coffe-capsules"],
    "locations": {
      "vic": {
        "price": 3.75,
        "promoText": " ",
        "packageSize": "80g",
        "packagePrice": "$4.69 per 10G"
      }
    }
  },
  {
    "id": "st-remio-k-fee-caffitaly-capsules-bold",
    "brand": "St Remio",
    "name": "Bold Intensity 9 Ground Coffee 10 Capsules",
    "imageUrl": "https://shop.coles.com.au/wcsstore/Coles-CAS/images/3/5/2/3525770-th.jpg",
    "categories": ["drinks"],
    "tags": ["coffe-drinks", "coffe-capsules"],
    "locations": {
      "vic": {
        "price": 3.75,
        "promoText": " ",
        "packageSize": "80g",
        "packagePrice": "$4.69 per 10G"
      }
    }
  },
  {
    "id": "st-remio-compostable-coffe-capsules-strong",
    "brand": "St Remio",
    "name": "Compostable Coffee Capsules Strong",
    "imageUrl": "https://shop.coles.com.au/wcsstore/Coles-CAS/images/3/7/6/3762254-th.jpg",
    "categories": ["drinks"],
    "tags": ["coffe-drinks", "coffe-capsules"],
    "locations": {
      "vic": {
        "price": 5,
        "promoText": " ",
        "packageSize": "10 pack",
        "packagePrice": "$0.50 per 1Ea"
      }
    }
  },
  {
    "id": "st-remio-compostable-coffe-capsules-intense",
    "brand": "St Remio",
    "name": "Compostable Coffee Capsules Intense",
    "imageUrl": "https://shop.coles.com.au/wcsstore/Coles-CAS/images/3/7/6/3762221-th.jpg",
    "categories": ["drinks"],
    "tags": ["coffe-drinks", "coffe-capsules"],
    "locations": {
      "vic": {
        "price": 5,
        "promoText": " ",
        "packageSize": "10 pack",
        "packagePrice": "$0.50 per 1Ea"
      }
    }
  },
  {
    "id": "st-remio-compostable-coffe-capsules-supreme",
    "brand": "St Remio",
    "name": "Compostable Coffee Capsules Supreme",
    "imageUrl": "https://shop.coles.com.au/wcsstore/Coles-CAS/images/3/7/6/3762243-th.jpg",
    "categories": ["drinks"],
    "tags": ["coffe-drinks", "coffe-capsules"],
    "locations": {
      "vic": {
        "price": 5,
        "promoText": " ",
        "packageSize": "10 pack",
        "packagePrice": "$0.50 per 1Ea"
      }
    }
  },
  {
    "id": "starbucks-ndg-capsules-caramel-macchiato",
    "brand": "Starbucks",
    "name": "Nescafe Dolce Gusto Capsules Caramel Macchiato",
    "imageUrl": "https://shop.coles.com.au/wcsstore/Coles-CAS/images/3/7/7/3777127-th.jpg",
    "categories": ["drinks"],
    "tags": ["coffe-drinks", "coffe-capsules"],
    "locations": {
      "vic": {
        "price": 8.5,
        "promoText": " ",
        "packageSize": "12 pack",
        "packagePrice": "$0.71 per 1Ea"
      }
    }
  },
  {
    "id": "vittoria-coffee-italian-coffee-capsules",
    "brand": "Vittoria",
    "name": "Espressotoria Italian Blend Coffee Capsules 12 pack",
    "imageUrl": "https://shop.coles.com.au/wcsstore/Coles-CAS/images/2/2/7/2279893-th.jpg",
    "categories": ["drinks"],
    "tags": ["coffe-drinks", "coffe-capsules"],
    "locations": {
      "vic": {
        "price": 7,
        "promoText": " ",
        "packageSize": "78g",
        "packagePrice": "$8.97 per 100G"
      }
    }
  },
  {
    "id": "espressotoria-vittoria-oro-capsules-12-pack",
    "brand": "Vittoria",
    "name": "Espressotoria Oro Coffee Capsules 12 pack",
    "imageUrl": "https://shop.coles.com.au/wcsstore/Coles-CAS/images/2/2/7/2279882-th.jpg",
    "categories": ["drinks"],
    "tags": ["coffe-drinks", "coffe-capsules"],
    "locations": {
      "vic": {
        "price": 9,
        "promoText": " ",
        "packageSize": "78g",
        "packagePrice": "$11.54 per 100G"
      }
    }
  },
  {
    "id": "viittoria-compatible-mountain-grown-capsules",
    "brand": "Vittoria",
    "name": "Mountain Grown Coffee Capsules 10 pack",
    "imageUrl": "https://shop.coles.com.au/wcsstore/Coles-CAS/images/3/2/0/3208380-th.jpg",
    "categories": ["drinks"],
    "tags": ["coffe-drinks", "coffe-capsules"],
    "locations": {
      "vic": {
        "price": 4.5,
        "promoText": "Was $7.00 on Sep 2018 ",
        "packageSize": "52g",
        "packagePrice": "$8.65 per 100G"
      }
    }
  },
  {
    "id": "coles-coffee-machine-descaler",
    "brand": "Coles",
    "name": "Ultra Coffee Machine Descaler",
    "imageUrl": "https://shop.coles.com.au/wcsstore/Coles-CAS/images/3/2/0/3209077-th.jpg",
    "categories": ["drinks"],
    "tags": ["coffe-drinks", "accessories-coffe"],
    "locations": {
      "vic": {
        "price": 4,
        "promoText": " ",
        "packageSize": "250mL",
        "packagePrice": "$1.60 per 100mL"
      }
    }
  },
  {
    "id": "nestle-coffee-mate-9693948p",
    "brand": "Nestle",
    "name": "Coffee Mate Whitener",
    "imageUrl": "https://shop.coles.com.au/wcsstore/Coles-CAS/images/9/6/9/9693948-th.jpg",
    "categories": ["drinks"],
    "tags": ["coffe-drinks", "accessories-coffe"],
    "locations": {
      "vic": {
        "price": 4,
        "promoText": " ",
        "packageSize": "400g",
        "packagePrice": "$1.00 per 100G"
      }
    }
  },
  {
    "id": "harris-coffee-filter-papers-10-12-cup",
    "brand": "Harris",
    "name": "Coffee Filter Papers 10-12 Cup Size 4",
    "imageUrl": "https://shop.coles.com.au/wcsstore/Coles-CAS/images/4/7/9/47955-th.jpg",
    "categories": ["drinks"],
    "tags": ["coffe-drinks", "accessories-coffe"],
    "locations": {
      "vic": {
        "price": 2.2,
        "promoText": " ",
        "packageSize": "1 pack",
        "packagePrice": "$0.06 per 1Ea"
      }
    }
  },
  {
    "id": "coles-smart-buy-coffee-whitener",
    "brand": "Coles",
    "name": "Coffee Whitener Regular",
    "imageUrl": "https://shop.coles.com.au/wcsstore/Coles-CAS/images/4/4/8/4487359-th.jpg",
    "categories": ["drinks"],
    "tags": ["coffe-drinks", "accessories-coffe"],
    "locations": {
      "vic": {
        "price": 3.2,
        "promoText": " ",
        "packageSize": "500g",
        "packagePrice": "$0.64 per 100G"
      }
    }
  },
  {
    "id": "nestle-coffee-mate-french-vanilla",
    "brand": "Nestle",
    "name": "Coffee Mate French Vanilla Flavoured Liquid Coffee Whitener",
    "imageUrl": "https://shop.coles.com.au/wcsstore/Coles-CAS/images/8/9/8/8987047-th.jpg",
    "categories": ["drinks"],
    "tags": ["coffe-drinks", "accessories-coffe"],
    "locations": {
      "vic": {
        "price": 4,
        "promoText": " ",
        "packageSize": "150mL",
        "packagePrice": "$2.67 per 100mL"
      }
    }
  },
  {
    "id": "lavazza-qualita-oro-mountain-grown-ground",
    "brand": "Lavazza",
    "name": "Qualita ORO Mountain Grown Ground Coffee",
    "imageUrl": "https://shop.coles.com.au/wcsstore/Coles-CAS/images/3/5/1/3515222-th.jpg",
    "categories": ["drinks"],
    "tags": ["coffe-drinks", "accessories-coffe"],
    "locations": {
      "vic": {
        "price": 12,
        "promoText": "$4.00 ",
        "packageSize": "500g",
        "packagePrice": "$2.40 per 100G"
      }
    }
  },
  {
    "id": "nestle-coffee-milk",
    "brand": "Nestle",
    "name": "Coffee & Milk Powder",
    "imageUrl": "https://shop.coles.com.au/wcsstore/Coles-CAS/images/1/1/6/116719-th.jpg",
    "categories": ["drinks"],
    "tags": ["coffe-drinks", "accessories-coffe"],
    "locations": {
      "vic": {
        "price": 4.1,
        "promoText": " ",
        "packageSize": "385g",
        "packagePrice": "$1.06 per 100G"
      }
    }
  },
  {
    "id": "australias-own-full-cream-milk",
    "brand": "Australia's Own",
    "name": "Full Cream Milk",
    "imageUrl": "https://shop.coles.com.au/wcsstore/Coles-CAS/images/3/1/7/3179715-th.jpg",
    "categories": ["drinks"],
    "tags": ["long-life-milk", "long-life-milk-4405909"],
    "locations": {
      "vic": {
        "price": 2.4,
        "promoText": " ",
        "packageSize": "2L",
        "packagePrice": "$1.20 per 1L"
      }
    }
  },
  {
    "id": "coles-milk-long-life-full-cream",
    "brand": "Coles",
    "name": "Full Cream Long Life Milk",
    "imageUrl": "https://shop.coles.com.au/wcsstore/Coles-CAS/images/7/6/6/7667368-th.jpg",
    "categories": ["drinks"],
    "tags": ["long-life-milk", "long-life-milk-4405909"],
    "locations": {
      "vic": {
        "price": 1.25,
        "promoText": " ",
        "packageSize": "1L",
        "packagePrice": "$1.25 per 1L"
      }
    }
  },
  {
    "id": "devondale-milk-long-life-full-cream-301721p",
    "brand": "Devondale",
    "name": "Full Cream Long Life Milk",
    "imageUrl": "https://shop.coles.com.au/wcsstore/Coles-CAS/images/3/0/1/301721-th.jpg",
    "categories": ["drinks"],
    "tags": ["long-life-milk", "long-life-milk-4405909"],
    "locations": {
      "vic": {
        "price": 1.45,
        "promoText": " ",
        "packageSize": "1L",
        "packagePrice": "$1.45 per 1L"
      }
    }
  },
  {
    "id": "coles-milk-long-life-skim",
    "brand": "Coles",
    "name": "Skim Long Life Milk",
    "imageUrl": "https://shop.coles.com.au/wcsstore/Coles-CAS/images/7/6/6/7667244-th.jpg",
    "categories": ["drinks"],
    "tags": ["long-life-milk", "long-life-milk-4405909"],
    "locations": {
      "vic": {
        "price": 1.25,
        "promoText": " ",
        "packageSize": "1L",
        "packagePrice": "$1.25 per 1L"
      }
    }
  },
  {
    "id": "coles-milk-long-life-lite-98%25-fat-free",
    "brand": "Coles",
    "name": "Australian Lite Long Life Milk",
    "imageUrl": "https://shop.coles.com.au/wcsstore/Coles-CAS/images/7/2/3/7239433-th.jpg",
    "categories": ["drinks"],
    "tags": ["long-life-milk", "long-life-milk-4405909"],
    "locations": {
      "vic": {
        "price": 1.25,
        "promoText": " ",
        "packageSize": "1L",
        "packagePrice": "$1.25 per 1L"
      }
    }
  },
  {
    "id": "devondale-milk-long-life-full-cream-5984520p",
    "brand": "Devondale",
    "name": "Full Cream Long Life Milk 6 pack",
    "imageUrl": "https://shop.coles.com.au/wcsstore/Coles-CAS/images/5/9/8/5984520-th.jpg",
    "categories": ["drinks"],
    "tags": ["long-life-milk", "long-life-milk-4405909"],
    "locations": {
      "vic": {
        "price": 4,
        "promoText": " ",
        "packageSize": "1.2L",
        "packagePrice": "$3.33 per 1L"
      }
    }
  },
  {
    "id": "devondale-milk-long-life-semi-skim",
    "brand": "Devondale",
    "name": "Semi Skim Long Life Milk",
    "imageUrl": "https://shop.coles.com.au/wcsstore/Coles-CAS/images/4/8/2/4824856-th.jpg",
    "categories": ["drinks"],
    "tags": ["long-life-milk", "long-life-milk-4405909"],
    "locations": {
      "vic": {
        "price": 1.45,
        "promoText": " ",
        "packageSize": "1L",
        "packagePrice": "$1.45 per 1L"
      }
    }
  },
  {
    "id": "devondale-milk-long-life-skim-455849p",
    "brand": "Devondale",
    "name": "Skim Long Life Milk",
    "imageUrl": "https://shop.coles.com.au/wcsstore/Coles-CAS/images/4/5/5/455849-th.jpg",
    "categories": ["drinks"],
    "tags": ["long-life-milk", "long-life-milk-4405909"],
    "locations": {
      "vic": {
        "price": 1.45,
        "promoText": " ",
        "packageSize": "1L",
        "packagePrice": "$1.45 per 1L"
      }
    }
  },
  {
    "id": "devondale-milk-long-life-skim-6-pack",
    "brand": "Devondale",
    "name": "Skim Long Life Milk 6 pack",
    "imageUrl": "https://shop.coles.com.au/wcsstore/Coles-CAS/images/5/9/9/5994046-th.jpg",
    "categories": ["drinks"],
    "tags": ["long-life-milk", "long-life-milk-4405909"],
    "locations": {
      "vic": {
        "price": 4,
        "promoText": " ",
        "packageSize": "1.2L",
        "packagePrice": "$3.33 per 1L"
      }
    }
  },
  {
    "id": "rev-milk-long-life",
    "brand": "Rev",
    "name": "Long Life Milk",
    "imageUrl": "https://shop.coles.com.au/wcsstore/Coles-CAS/images/4/6/8/468556-th.jpg",
    "categories": ["drinks"],
    "tags": ["long-life-milk", "long-life-milk-4405909"],
    "locations": {
      "vic": {
        "price": 1.6,
        "promoText": " ",
        "packageSize": "1L",
        "packagePrice": "$1.60 per 1L"
      }
    }
  },
  {
    "id": "australias-own-skim-milk",
    "brand": "Australia's Own",
    "name": "Skim Milk",
    "imageUrl": "https://shop.coles.com.au/wcsstore/Coles-CAS/images/3/1/7/3179737-th.jpg",
    "categories": ["drinks"],
    "tags": ["long-life-milk", "long-life-milk-4405909"],
    "locations": {
      "vic": {
        "price": 2.4,
        "promoText": " ",
        "packageSize": "2L",
        "packagePrice": "$1.20 per 1L"
      }
    }
  },
  {
    "id": "australias-own-low-fat-milk-3179726p",
    "brand": "Australia's Own",
    "name": "Low Fat Milk",
    "imageUrl": "https://shop.coles.com.au/wcsstore/Coles-CAS/images/3/1/7/3179726-th.jpg",
    "categories": ["drinks"],
    "tags": ["long-life-milk", "long-life-milk-4405909"],
    "locations": {
      "vic": {
        "price": 2.4,
        "promoText": " ",
        "packageSize": "2L",
        "packagePrice": "$1.20 per 1L"
      }
    }
  },
  {
    "id": "devondale-milk-long-life-smart-plus",
    "brand": "Devondale",
    "name": "Smart Plus Long Life Milk",
    "imageUrl": "https://shop.coles.com.au/wcsstore/Coles-CAS/images/7/0/7/7074694-th.jpg",
    "categories": ["drinks"],
    "tags": ["long-life-milk", "long-life-milk-4405909"],
    "locations": {
      "vic": {
        "price": 1.9,
        "promoText": " ",
        "packageSize": "1L",
        "packagePrice": "$1.90 per 1L"
      }
    }
  },
  {
    "id": "australias-own-a2-protein-low-fat-milk",
    "brand": "Australia's Own",
    "name": "A2 Protein Low Fat Milk",
    "imageUrl": "https://shop.coles.com.au/wcsstore/Coles-CAS/images/3/1/7/3179690-th.jpg",
    "categories": ["drinks"],
    "tags": ["long-life-milk", "long-life-milk-4405909"],
    "locations": {
      "vic": {
        "price": 2.2,
        "promoText": " ",
        "packageSize": "1L",
        "packagePrice": "$2.20 per 1L"
      }
    }
  },
  {
    "id": "living-planet-milk-long-life-goats",
    "brand": "Living Planet",
    "name": "Goats Long Life Milk",
    "imageUrl": "https://shop.coles.com.au/wcsstore/Coles-CAS/images/9/9/7/9972158-th.jpg",
    "categories": ["drinks"],
    "tags": ["long-life-milk", "long-life-milk-4405909"],
    "locations": {
      "vic": {
        "price": 4.7,
        "promoText": " ",
        "packageSize": "1L",
        "packagePrice": "$4.70 per 1L"
      }
    }
  },
  {
    "id": "sanitarium-so-good-bliss-milk-long-life-flavoured-soy-vanilla",
    "brand": "Sanitarium",
    "name": "So Good Long Life Vanilla Bliss Soy Milk",
    "imageUrl": "https://shop.coles.com.au/wcsstore/Coles-CAS/images/5/2/0/5208472-th.jpg",
    "categories": ["drinks"],
    "tags": ["long-life-milk", "long-life-flavoured-milk"],
    "locations": {
      "vic": {
        "price": 3,
        "promoText": " ",
        "packageSize": "1L",
        "packagePrice": "$3.00 per 1L"
      }
    }
  },
  {
    "id": "vitasoy-so-milky-milk-long-life-soy-lite",
    "brand": "Vitasoy",
    "name": "Soy Milky Lite Long Life Milk 1L",
    "imageUrl": "https://shop.coles.com.au/wcsstore/Coles-CAS/images/5/2/3/5231306-th.jpg",
    "categories": ["drinks"],
    "tags": ["long-life-milk", "long-life-flavoured-milk"],
    "locations": {
      "vic": {
        "price": 2.45,
        "promoText": " ",
        "packageSize": "1L",
        "packagePrice": "$2.45 per 1L"
      }
    }
  },
  {
    "id": "vitasoy-so-milky-milk-long-life-soy-regular",
    "brand": "Vitasoy",
    "name": "Soy Milky Regular Long Life Milk 1L",
    "imageUrl": "https://shop.coles.com.au/wcsstore/Coles-CAS/images/5/2/3/5231292-th.jpg",
    "categories": ["drinks"],
    "tags": ["long-life-milk", "long-life-flavoured-milk"],
    "locations": {
      "vic": {
        "price": 2.45,
        "promoText": " ",
        "packageSize": "1L",
        "packagePrice": "$2.45 per 1L"
      }
    }
  },
  {
    "id": "sanitarium-so-good-milk-long-life-almond",
    "brand": "Sanitarium",
    "name": "So Good Long Life Original Almond Milk",
    "imageUrl": "https://shop.coles.com.au/wcsstore/Coles-CAS/images/9/0/8/9089036-th.jpg",
    "categories": ["drinks"],
    "tags": ["long-life-milk", "almond-milk"],
    "locations": {
      "vic": {
        "price": 2.7,
        "promoText": " ",
        "packageSize": "1L",
        "packagePrice": "$2.70 per 1L"
      }
    }
  },
  {
    "id": "so-good-unsweetened-almond-coconut-long-life-milk",
    "brand": "Sanitarium",
    "name": "So Good Long Life Unsweetened Almond & Coconut Milk",
    "imageUrl": "https://shop.coles.com.au/wcsstore/Coles-CAS/images/1/9/8/1987118-th.jpg",
    "categories": ["drinks"],
    "tags": ["long-life-milk", "almond-milk"],
    "locations": {
      "vic": {
        "price": 2.7,
        "promoText": " ",
        "packageSize": "1L",
        "packagePrice": "$2.70 per 1L"
      }
    }
  },
  {
    "id": "australias-own-organic-unsweetened-almond-milk",
    "brand": "Australia's Own",
    "name": "Unsweetened Organic Almond Milk",
    "imageUrl": "https://shop.coles.com.au/wcsstore/Coles-CAS/images/2/4/1/2412370-th.jpg",
    "categories": ["drinks", "healthy-living"],
    "tags": ["long-life-milk", "almond-milk"],
    "locations": {
      "vic": {
        "price": 2.8,
        "promoText": "Was $3.85 on Nov 2017 ",
        "packageSize": "1L",
        "packagePrice": "$2.80 per 1L"
      }
    }
  },
  {
    "id": "sanitarium-so-good-vanilla-flavoured-almond-long-life-milk",
    "brand": "Sanitarium",
    "name": "So Good Long Life Vanilla Almond Milk",
    "imageUrl": "https://shop.coles.com.au/wcsstore/Coles-CAS/images/1/7/6/1760101-th.jpg",
    "categories": ["drinks"],
    "tags": ["long-life-milk", "almond-milk"],
    "locations": {
      "vic": {
        "price": 2.9,
        "promoText": " ",
        "packageSize": "1L",
        "packagePrice": "$2.90 per 1L"
      }
    }
  },
  {
    "id": "almond-breeze-milk-long-life-almond-unsweetened",
    "brand": "Blue Diamond",
    "name": "Almond Breeze Unsweetened Almond Milk",
    "imageUrl": "https://shop.coles.com.au/wcsstore/Coles-CAS/images/9/1/1/9117200-th.jpg",
    "categories": ["drinks"],
    "tags": ["long-life-milk", "almond-milk"],
    "locations": {
      "vic": {
        "price": 2.5,
        "promoText": "Was $3.00 on Mar 2017 ",
        "packageSize": "1L",
        "packagePrice": "$2.50 per 1L"
      }
    }
  },
  {
    "id": "coles-barista-almond-milk",
    "brand": "Coles",
    "name": "Dairy Free Barista Almond Milk",
    "imageUrl": "https://shop.coles.com.au/wcsstore/Coles-CAS/images/3/4/9/3496423-th.jpg",
    "categories": ["drinks"],
    "tags": ["long-life-milk", "almond-milk"],
    "locations": {
      "vic": {
        "price": 3.5,
        "promoText": " ",
        "packageSize": "1L",
        "packagePrice": "$3.50 per 1L"
      }
    }
  },
  {
    "id": "sanitarium-milk-almond-so-good-unsweetened-uht",
    "brand": "Sanitarium",
    "name": "So Good Long Life Unsweetened Almond Milk",
    "imageUrl": "https://shop.coles.com.au/wcsstore/Coles-CAS/images/1/2/6/1260754-th.jpg",
    "categories": ["drinks"],
    "tags": ["long-life-milk", "almond-milk"],
    "locations": {
      "vic": {
        "price": 2.7,
        "promoText": " ",
        "packageSize": "1L",
        "packagePrice": "$2.70 per 1L"
      }
    }
  },
  {
    "id": "pureharvest-milk-almond-unsweetened",
    "brand": "Pureharvest",
    "name": "Unsweetened Almond Milk",
    "imageUrl": "https://shop.coles.com.au/wcsstore/Coles-CAS/images/2/8/0/2807109-th.jpg",
    "categories": ["drinks"],
    "tags": ["long-life-milk", "almond-milk"],
    "locations": {
      "vic": {
        "price": 1.55,
        "promoText": "$1.55 ",
        "packageSize": "1L",
        "packagePrice": "$1.55 per 1L"
      }
    }
  },
  {
    "id": "vitasoy-unsweetened-almond-long-life-milk",
    "brand": "Vitasoy",
    "name": "Unsweetened Almond UHT Milk 1L",
    "imageUrl": "https://shop.coles.com.au/wcsstore/Coles-CAS/images/2/4/1/2412734-th.jpg",
    "categories": ["drinks"],
    "tags": ["long-life-milk", "almond-milk"],
    "locations": {
      "vic": {
        "price": 3,
        "promoText": "Was $3.80 on Apr 2018 ",
        "packageSize": "1L",
        "packagePrice": "$3.00 per 1L"
      }
    }
  },
  {
    "id": "almond-breeze-almond-milk-chocolate",
    "brand": "Blue Diamond",
    "name": "Almond Breeze Chocolate Flavoured Almond Milk",
    "imageUrl": "https://shop.coles.com.au/wcsstore/Coles-CAS/images/3/1/7/3179646-th.jpg",
    "categories": ["drinks"],
    "tags": ["long-life-milk", "almond-milk"],
    "locations": {
      "vic": {
        "price": 2.7,
        "promoText": "Was $3.00 on Mar 2017 ",
        "packageSize": "1L",
        "packagePrice": "$2.70 per 1L"
      }
    }
  },
  {
    "id": "coles-unsweetened-almond-milk",
    "brand": "Coles",
    "name": "Lactose Free Unsweetened Almond Milk",
    "imageUrl": "https://shop.coles.com.au/wcsstore/Coles-CAS/images/1/8/5/1852210-th.jpg",
    "categories": ["drinks"],
    "tags": ["long-life-milk", "almond-milk"],
    "locations": {
      "vic": {
        "price": 2,
        "promoText": "Was $2.30 on Aug 2018 ",
        "packageSize": "1L",
        "packagePrice": "$2.00 per 1L"
      }
    }
  },
  {
    "id": "australias-own-almond-barista-milk",
    "brand": "Australia's Own",
    "name": "Barista Organic Almond Milk",
    "imageUrl": "https://shop.coles.com.au/wcsstore/Coles-CAS/images/3/4/9/3492670-th.jpg",
    "categories": ["drinks"],
    "tags": ["long-life-milk", "almond-milk"],
    "locations": {
      "vic": {
        "price": 4.5,
        "promoText": " ",
        "packageSize": "1L",
        "packagePrice": "$4.50 per 1L"
      }
    }
  },
  {
    "id": "blue-diamond-milk-vanilla-almond-unsweetened-uht",
    "brand": "Blue Diamond",
    "name": "Almond Breeze Vanilla Flavoured Unsweetened Almond Milk",
    "imageUrl": "https://shop.coles.com.au/wcsstore/Coles-CAS/images/1/2/7/1274828-th.jpg",
    "categories": ["drinks", "healthy-living"],
    "tags": ["long-life-milk", "almond-milk"],
    "locations": {
      "vic": {
        "price": 2.7,
        "promoText": "Was $3.60 on Mar 2017 ",
        "packageSize": "1L",
        "packagePrice": "$2.70 per 1L"
      }
    }
  },
  {
    "id": "coles-organic-unsweetened-almond-milk",
    "brand": "Coles",
    "name": "Organic Unsweetened Almond Milk",
    "imageUrl": "https://shop.coles.com.au/wcsstore/Coles-CAS/images/3/4/9/3492896-th.jpg",
    "categories": ["drinks"],
    "tags": ["long-life-milk", "almond-milk"],
    "locations": {
      "vic": {
        "price": 2.8,
        "promoText": " ",
        "packageSize": "1L",
        "packagePrice": "$2.80 per 1L"
      }
    }
  },
  {
    "id": "so-good-almond-chocolate-uht",
    "brand": "Sanitarium",
    "name": "So Good Long Life Chocolate Almond Milk",
    "imageUrl": "https://shop.coles.com.au/wcsstore/Coles-CAS/images/3/0/1/3019140-th.jpg",
    "categories": ["drinks"],
    "tags": ["long-life-milk", "almond-milk"],
    "locations": {
      "vic": {
        "price": 2.9,
        "promoText": "2 for $4",
        "packageSize": "1L",
        "packagePrice": "$2.90 per 1L"
      }
    }
  },
  {
    "id": "sanitarium-so-good-almond-unsweetened-multi",
    "brand": "Sanitarium",
    "name": "So Good Long Life Unsweetened Almond Milk 250mL",
    "imageUrl": "https://shop.coles.com.au/wcsstore/Coles-CAS/images/3/1/9/3193137-th.jpg",
    "categories": ["drinks"],
    "tags": ["long-life-milk", "almond-milk"],
    "locations": {
      "vic": {
        "price": 4.5,
        "promoText": " ",
        "packageSize": "3 pack",
        "packagePrice": "$6.00 per 1L"
      }
    }
  },
  {
    "id": "australias-own-full-cream-lactose-free-milk",
    "brand": "Australia's Own",
    "name": "Lactose Free Full Cream Milk",
    "imageUrl": "https://shop.coles.com.au/wcsstore/Coles-CAS/images/3/4/9/3492648-th.jpg",
    "categories": ["drinks"],
    "tags": ["long-life-milk", "almond-milk"],
    "locations": {
      "vic": {
        "price": 2,
        "promoText": " ",
        "packageSize": "1L",
        "packagePrice": "$2.00 per 1L"
      }
    }
  },
  {
    "id": "australias-own-full-cream-lactose-free-milk-3492659p",
    "brand": "Australias Own",
    "name": "Lactose Free Full Cream Milk",
    "imageUrl": "https://shop.coles.com.au/wcsstore/Coles-CAS/images/3/4/9/3492659-th.jpg",
    "categories": ["drinks"],
    "tags": ["long-life-milk", "almond-milk"],
    "locations": {
      "vic": {
        "price": 3.5,
        "promoText": " ",
        "packageSize": "2L",
        "packagePrice": "$1.75 per 1L"
      }
    }
  },
  {
    "id": "pureharvest-milk-long-life-almond-organic",
    "brand": "Pureharvest",
    "name": "Dairy Free Almond Long Life Milk",
    "imageUrl": "https://shop.coles.com.au/wcsstore/Coles-CAS/images/5/7/1/5717137-th.jpg",
    "categories": ["drinks"],
    "tags": ["long-life-milk", "almond-milk"],
    "locations": {
      "vic": {
        "price": 1.7,
        "promoText": " ",
        "packageSize": "1L",
        "packagePrice": "$1.70 per 1L"
      }
    }
  },
  {
    "id": "sanitarium-so-good-unsweetened-cashew-milk",
    "brand": "Sanitarium",
    "name": "So Good Long Life Unsweetened Cashew Milk",
    "imageUrl": "https://shop.coles.com.au/wcsstore/Coles-CAS/images/3/4/7/3478068-th.jpg",
    "categories": ["drinks"],
    "tags": ["long-life-milk", "almond-milk"],
    "locations": {
      "vic": {
        "price": 3,
        "promoText": "Any 2 $4",
        "packageSize": "1L",
        "packagePrice": "$3.00 per 1L"
      }
    }
  },
  {
    "id": "sanitarium-so-good-original-cashew-milk",
    "brand": "Sanitarium",
    "name": "So Good Long Life Original Cashew Milk",
    "imageUrl": "https://shop.coles.com.au/wcsstore/Coles-CAS/images/3/4/7/3478115-th.jpg",
    "categories": ["drinks"],
    "tags": ["long-life-milk", "almond-milk"],
    "locations": {
      "vic": {
        "price": 3,
        "promoText": "Any 2 $4",
        "packageSize": "1L",
        "packagePrice": "$3.00 per 1L"
      }
    }
  },
  {
    "id": "suncoast-gold-macadamia-unsweetened-long-life-milk",
    "brand": "Suncoast",
    "name": "Gold Macadamia Unsweetened Long Life Milk 1L",
    "imageUrl": "https://shop.coles.com.au/wcsstore/Coles-CAS/images/2/4/1/2412632-th.jpg",
    "categories": ["drinks"],
    "tags": ["long-life-milk", "almond-milk"],
    "locations": {
      "vic": {
        "price": 3.9,
        "promoText": " ",
        "packageSize": "1L",
        "packagePrice": "$3.90 per 1L"
      }
    }
  },
  {
    "id": "australias-own-organic-unsweetened-coconut-milk",
    "brand": "Australia's Own",
    "name": "Unsweetened Organic Coconut Milk",
    "imageUrl": "https://shop.coles.com.au/wcsstore/Coles-CAS/images/3/0/1/3019210-th.jpg",
    "categories": ["drinks"],
    "tags": ["long-life-milk", "organic-milk"],
    "locations": {
      "vic": {
        "price": 2.8,
        "promoText": "Was $3.80 on Dec 2017 ",
        "packageSize": "1L",
        "packagePrice": "$2.80 per 1L"
      }
    }
  },
  {
    "id": "australias-own-organic-soy-milk",
    "brand": "Australia's Own",
    "name": "Unsweetened Organic Soy Milk",
    "imageUrl": "https://shop.coles.com.au/wcsstore/Coles-CAS/images/3/0/2/3026689-th.jpg",
    "categories": ["drinks", "healthy-living"],
    "tags": ["long-life-milk", "organic-milk"],
    "locations": {
      "vic": {
        "price": 1.8,
        "promoText": "Was $2.50 on Dec 2017 ",
        "packageSize": "1L",
        "packagePrice": "$1.80 per 1L"
      }
    }
  },
  {
    "id": "pureharvest-milk-long-life-oat-organic",
    "brand": "Pureharvest",
    "name": "Organic Long Life Oat Milk",
    "imageUrl": "https://shop.coles.com.au/wcsstore/Coles-CAS/images/6/6/8/6684146-th.jpg",
    "categories": ["drinks", "healthy-living"],
    "tags": ["long-life-milk", "organic-milk"],
    "locations": {
      "vic": {
        "price": 1.4,
        "promoText": "$1.40 ",
        "packageSize": "1L",
        "packagePrice": "$1.40 per 1L"
      }
    }
  },
  {
    "id": "pureharvest-coconut-milk-coco-quench",
    "brand": "Pureharvest",
    "name": "Gluten Free Organic Coco Quench Unsweetened Coconut Milk",
    "imageUrl": "https://shop.coles.com.au/wcsstore/Coles-CAS/images/1/2/6/1262363-th.jpg",
    "categories": ["drinks", "healthy-living"],
    "tags": ["long-life-milk", "organic-milk"],
    "locations": {
      "vic": {
        "price": 1.75,
        "promoText": "$1.75 ",
        "packageSize": "1L",
        "packagePrice": "$1.75 per 1L"
      }
    }
  },
  {
    "id": "coles-milk-long-life-full-cream-organic",
    "brand": "Coles",
    "name": "Organic Full Cream Milk",
    "imageUrl": "https://shop.coles.com.au/wcsstore/Coles-CAS/images/9/4/5/9456002-th.jpg",
    "categories": ["drinks", "healthy-living"],
    "tags": ["long-life-milk", "organic-milk"],
    "locations": {
      "vic": {
        "price": 1.9,
        "promoText": " ",
        "packageSize": "1L",
        "packagePrice": "$1.90 per 1L"
      }
    }
  },
  {
    "id": "pureharvest-aussie-dream--milk-long-life-rice-organic-non-dairy",
    "brand": "Pureharvest",
    "name": "Organic Aussie Dream Rice Milk",
    "imageUrl": "https://shop.coles.com.au/wcsstore/Coles-CAS/images/5/4/1/5419194-th.jpg",
    "categories": ["drinks", "healthy-living"],
    "tags": ["long-life-milk", "organic-milk"],
    "locations": {
      "vic": {
        "price": 2.2,
        "promoText": " ",
        "packageSize": "1L",
        "packagePrice": "$2.20 per 1L"
      }
    }
  },
  {
    "id": "vitasoy-unsweetened-coconut-milk-uht",
    "brand": "Vitasoy",
    "name": "Unsweetened Coconut Milk UHT",
    "imageUrl": "https://shop.coles.com.au/wcsstore/Coles-CAS/images/2/0/8/2088512-th.jpg",
    "categories": ["drinks", "healthy-living"],
    "tags": ["long-life-milk", "organic-milk"],
    "locations": {
      "vic": {
        "price": 3,
        "promoText": "Was $3.80 on Apr 2018 ",
        "packageSize": "1L",
        "packagePrice": "$3.00 per 1L"
      }
    }
  },
  {
    "id": "pure-harvest-hazelnut-unsweetened-milk",
    "brand": "Pure Harvest",
    "name": "Organic Hazel Quench Hazelnut Coconut Milk",
    "imageUrl": "https://shop.coles.com.au/wcsstore/Coles-CAS/images/1/9/4/1949094-th.jpg",
    "categories": ["drinks", "healthy-living"],
    "tags": ["long-life-milk", "organic-milk"],
    "locations": {
      "vic": {
        "price": 1.8,
        "promoText": "$1.80 ",
        "packageSize": "1L",
        "packagePrice": "$1.80 per 1L"
      }
    }
  },
  {
    "id": "coles-organic-unsweetened-coconut-milk",
    "brand": "Coles",
    "name": "Organic Unsweetened Coconut Milk",
    "imageUrl": "https://shop.coles.com.au/wcsstore/Coles-CAS/images/3/4/9/3492910-th.jpg",
    "categories": ["drinks", "healthy-living"],
    "tags": ["long-life-milk", "organic-milk"],
    "locations": {
      "vic": {
        "price": 2.5,
        "promoText": " ",
        "packageSize": "1L",
        "packagePrice": "$2.50 per 1L"
      }
    }
  },
  {
    "id": "pureharvest-natures-milk-long-life-soy-organic",
    "brand": "Pureharvest",
    "name": "Organic Malt Free Long Life Soy Drink",
    "imageUrl": "https://shop.coles.com.au/wcsstore/Coles-CAS/images/9/5/5/9553971-th.jpg",
    "categories": ["drinks", "healthy-living"],
    "tags": ["long-life-milk", "organic-milk"],
    "locations": {
      "vic": {
        "price": 1.7,
        "promoText": " ",
        "packageSize": "1L",
        "packagePrice": "$1.70 per 1L"
      }
    }
  },
  {
    "id": "so-good-regular-soy-drink-250ml-tetra",
    "brand": "Sanitarium",
    "name": "So Good Long life Regular Soy Milk 250mL",
    "imageUrl": "https://shop.coles.com.au/wcsstore/Coles-CAS/images/5/9/4/5948049-th.jpg",
    "categories": ["drinks"],
    "tags": ["long-life-milk", "soy-milk-long-life"],
    "locations": {
      "vic": {
        "price": 3.3,
        "promoText": " ",
        "packageSize": "3 pack",
        "packagePrice": "$4.40 per 1L"
      }
    }
  },
  {
    "id": "sanitarium-so-good-milk-long-life-soy-regular-403029p",
    "brand": "Sanitarium",
    "name": "So Good Long Life Regular Soy Milk",
    "imageUrl": "https://shop.coles.com.au/wcsstore/Coles-CAS/images/4/0/3/403029-th.jpg",
    "categories": ["drinks"],
    "tags": ["long-life-milk", "soy-milk-long-life"],
    "locations": {
      "vic": {
        "price": 1.9,
        "promoText": " ",
        "packageSize": "1L",
        "packagePrice": "$1.90 per 1L"
      }
    }
  },
  {
    "id": "sanitarium-so-good-milk-long-life-soy-lite-5089883p",
    "brand": "Sanitarium",
    "name": "So Good Long Life Lite Soy Milk 1L",
    "imageUrl": "https://shop.coles.com.au/wcsstore/Coles-CAS/images/5/0/8/5089883-th.jpg",
    "categories": ["drinks"],
    "tags": ["long-life-milk", "soy-milk-long-life"],
    "locations": {
      "vic": {
        "price": 1.9,
        "promoText": " ",
        "packageSize": "1L",
        "packagePrice": "$1.90 per 1L"
      }
    }
  },
  {
    "id": "ao-like-milk-unsweetened",
    "brand": "Australia's Own",
    "name": "Unsweetened Like Milk",
    "imageUrl": "https://shop.coles.com.au/wcsstore/Coles-CAS/images/3/1/9/3192746-th.jpg",
    "categories": ["drinks"],
    "tags": ["long-life-milk", "soy-milk-long-life"],
    "locations": {
      "vic": {
        "price": 4,
        "promoText": " ",
        "packageSize": "1L",
        "packagePrice": "$4.00 per 1L"
      }
    }
  },
  {
    "id": "bonsoy-milk-long-life-soy",
    "brand": "Bonsoy",
    "name": "Soy Milk",
    "imageUrl": "https://shop.coles.com.au/wcsstore/Coles-CAS/images/5/3/5/5357053-th.jpg",
    "categories": ["drinks"],
    "tags": ["long-life-milk", "soy-milk-long-life"],
    "locations": {
      "vic": {
        "price": 4.9,
        "promoText": " ",
        "packageSize": "1L",
        "packagePrice": "$4.90 per 1L"
      }
    }
  },
  {
    "id": "coles-milk-long-life-soy-regular",
    "brand": "Coles",
    "name": "Regular Soy Milk",
    "imageUrl": "https://shop.coles.com.au/wcsstore/Coles-CAS/images/4/4/9/4499631-th.jpg",
    "categories": ["drinks"],
    "tags": ["long-life-milk", "soy-milk-long-life"],
    "locations": {
      "vic": {
        "price": 1.15,
        "promoText": " ",
        "packageSize": "1L",
        "packagePrice": "$1.15 per 1L"
      }
    }
  },
  {
    "id": "vitasoy-milk-long-life-soy-calcium-plus",
    "brand": "Vitasoy",
    "name": "Calci-Plus Long Life Soy Milk 1L",
    "imageUrl": "https://shop.coles.com.au/wcsstore/Coles-CAS/images/6/0/3/6037761-th.jpg",
    "categories": ["drinks"],
    "tags": ["long-life-milk", "soy-milk-long-life"],
    "locations": {
      "vic": {
        "price": 3,
        "promoText": " ",
        "packageSize": "1L",
        "packagePrice": "$3.00 per 1L"
      }
    }
  },
  {
    "id": "coles-organic-soy-milk-",
    "brand": "Coles",
    "name": "Organic Soy Milk",
    "imageUrl": "https://shop.coles.com.au/wcsstore/Coles-CAS/images/3/4/9/3492954-th.jpg",
    "categories": ["drinks"],
    "tags": ["long-life-milk", "soy-milk-long-life"],
    "locations": {
      "vic": {
        "price": 1.6,
        "promoText": " ",
        "packageSize": "1L",
        "packagePrice": "$1.60 per 1L"
      }
    }
  },
  {
    "id": "vitasoy-milk-long-life-soy-creamy-original",
    "brand": "Vitasoy",
    "name": "Natural Creamy Long Life Soy Milk 1L",
    "imageUrl": "https://shop.coles.com.au/wcsstore/Coles-CAS/images/9/8/5/98592-th.jpg",
    "categories": ["drinks"],
    "tags": ["long-life-milk", "soy-milk-long-life"],
    "locations": {
      "vic": {
        "price": 3,
        "promoText": " ",
        "packageSize": "1L",
        "packagePrice": "$3.00 per 1L"
      }
    }
  },
  {
    "id": "pureharvest-natures-organic-soy-long-life-milk",
    "brand": "Pureharvest",
    "name": "Natures Organic Soy Long Life Milk",
    "imageUrl": "https://shop.coles.com.au/wcsstore/Coles-CAS/images/5/2/4/5248513-th.jpg",
    "categories": ["drinks"],
    "tags": ["long-life-milk", "soy-milk-long-life"],
    "locations": {
      "vic": {
        "price": 1.7,
        "promoText": " ",
        "packageSize": "1L",
        "packagePrice": "$1.70 per 1L"
      }
    }
  },
  {
    "id": "vitasoy-protein-plus",
    "brand": "Vitasoy",
    "name": "Protein Plus",
    "imageUrl": "https://shop.coles.com.au/wcsstore/Coles-CAS/images/2/8/0/2807142-th.jpg",
    "categories": ["drinks"],
    "tags": ["long-life-milk", "soy-milk-long-life"],
    "locations": {
      "vic": {
        "price": 3,
        "promoText": " ",
        "packageSize": "1L",
        "packagePrice": "$3.00 per 1L"
      }
    }
  },
  {
    "id": "sanitarium-so-good-prebiotic-soy-milk",
    "brand": "Sanitarium",
    "name": "So Good Prebiotic Soy Milk",
    "imageUrl": "https://shop.coles.com.au/wcsstore/Coles-CAS/images/3/4/7/3478137-th.jpg",
    "categories": ["drinks"],
    "tags": ["long-life-milk", "soy-milk-long-life"],
    "locations": {
      "vic": {
        "price": 2.7,
        "promoText": " ",
        "packageSize": "1L",
        "packagePrice": "$2.70 per 1L"
      }
    }
  },
  {
    "id": "coles-milk-powder-full-cream",
    "brand": "Coles",
    "name": "Instant Full Cream Milk Powder",
    "imageUrl": "https://shop.coles.com.au/wcsstore/Coles-CAS/images/7/9/1/7910535-th.jpg",
    "categories": ["drinks"],
    "tags": ["long-life-milk", "powdered-milk"],
    "locations": {
      "vic": {
        "price": 5.7,
        "promoText": " ",
        "packageSize": "1kg",
        "packagePrice": "$0.57 per 100G"
      }
    }
  },
  {
    "id": "a2-full-cream-milk-powder",
    "brand": "A2",
    "name": "Full Cream Instant Milk Powder",
    "imageUrl": "https://shop.coles.com.au/wcsstore/Coles-CAS/images/2/4/1/2412654-th.jpg",
    "categories": ["drinks"],
    "tags": ["long-life-milk", "powdered-milk"],
    "locations": {
      "vic": {
        "price": 15,
        "promoText": " ",
        "packageSize": "1kg",
        "packagePrice": "$1.50 per 100G"
      }
    }
  },
  {
    "id": "coles-milk-powder-skim",
    "brand": "Coles",
    "name": "Fat Free Instant Skim Milk Powder",
    "imageUrl": "https://shop.coles.com.au/wcsstore/Coles-CAS/images/7/9/1/7910660-th.jpg",
    "categories": ["drinks"],
    "tags": ["long-life-milk", "powdered-milk"],
    "locations": {
      "vic": {
        "price": 5.7,
        "promoText": " ",
        "packageSize": "1kg",
        "packagePrice": "$0.57 per 100G"
      }
    }
  },
  {
    "id": "devondale-instant-full-cream-milk-powder",
    "brand": "Devondale",
    "name": "Instant Full Cream Milk Powder",
    "imageUrl": "https://shop.coles.com.au/wcsstore/Coles-CAS/images/2/0/6/2067115-th.jpg",
    "categories": ["drinks"],
    "tags": ["long-life-milk", "powdered-milk"],
    "locations": {
      "vic": {
        "price": 10,
        "promoText": "$0.75 ",
        "packageSize": "1kg",
        "packagePrice": "$1.00 per 100G"
      }
    }
  },
  {
    "id": "a2-skim-milk-powder",
    "brand": "A2",
    "name": "Instant Skim Milk Powder",
    "imageUrl": "https://shop.coles.com.au/wcsstore/Coles-CAS/images/3/1/7/3179635-th.jpg",
    "categories": ["drinks"],
    "tags": ["long-life-milk", "powdered-milk"],
    "locations": {
      "vic": {
        "price": 15,
        "promoText": " ",
        "packageSize": "1kg",
        "packagePrice": "$1.50 per 100G"
      }
    }
  },
  {
    "id": "devondale-instant-skim-milk-powder",
    "brand": "Devondale",
    "name": "Instant Skim Milk Powder",
    "imageUrl": "https://shop.coles.com.au/wcsstore/Coles-CAS/images/2/0/7/2071316-th.jpg",
    "categories": ["drinks"],
    "tags": ["long-life-milk", "powdered-milk"],
    "locations": {
      "vic": {
        "price": 10,
        "promoText": "$0.75 ",
        "packageSize": "1kg",
        "packagePrice": "$1.00 per 100G"
      }
    }
  },
  {
    "id": "vitasoy-milk-long-life-oat",
    "brand": "Vitasoy",
    "name": "Oat Long Life Milk",
    "imageUrl": "https://shop.coles.com.au/wcsstore/Coles-CAS/images/7/2/9/7292254-th.jpg",
    "categories": ["drinks"],
    "tags": ["long-life-milk", "oat-rice-milks"],
    "locations": {
      "vic": {
        "price": 2.9,
        "promoText": " ",
        "packageSize": "1L",
        "packagePrice": "$2.90 per 1L"
      }
    }
  },
  {
    "id": "vitasoy-milk-long-life-rice",
    "brand": "Vitasoy",
    "name": "Unsweetened Long Life Rice Milk",
    "imageUrl": "https://shop.coles.com.au/wcsstore/Coles-CAS/images/9/6/7/9671628-th.jpg",
    "categories": ["drinks"],
    "tags": ["long-life-milk", "oat-rice-milks"],
    "locations": {
      "vic": {
        "price": 3,
        "promoText": " ",
        "packageSize": "1L",
        "packagePrice": "$3.00 per 1L"
      }
    }
  },
  {
    "id": "coles-organic-unsweetened-oat-milk",
    "brand": "Coles",
    "name": "Organic Unsweetened Oat Milk",
    "imageUrl": "https://shop.coles.com.au/wcsstore/Coles-CAS/images/3/4/9/3492932-th.jpg",
    "categories": ["drinks"],
    "tags": ["long-life-milk", "oat-rice-milks"],
    "locations": {
      "vic": {
        "price": 2.5,
        "promoText": " ",
        "packageSize": "1L",
        "packagePrice": "$2.50 per 1L"
      }
    }
  },
  {
    "id": "coles-rice-milk",
    "brand": "Coles",
    "name": "Lactose Free Rice Milk",
    "imageUrl": "https://shop.coles.com.au/wcsstore/Coles-CAS/images/1/8/5/1850102-th.jpg",
    "categories": ["drinks"],
    "tags": ["long-life-milk", "oat-rice-milks"],
    "locations": {
      "vic": {
        "price": 1.65,
        "promoText": " ",
        "packageSize": "1L",
        "packagePrice": "$1.65 per 1L"
      }
    }
  },
  {
    "id": "liddells-milk-long-life-low-fat-lactose-free",
    "brand": "Liddells",
    "name": "Lactose Free 99% Low Fat Milk",
    "imageUrl": "https://shop.coles.com.au/wcsstore/Coles-CAS/images/7/1/9/7199055-th.jpg",
    "categories": ["drinks"],
    "tags": ["long-life-milk", "lactose-fre-milk"],
    "locations": {
      "vic": {
        "price": 2.25,
        "promoText": " ",
        "packageSize": "1L",
        "packagePrice": "$2.25 per 1L"
      }
    }
  },
  {
    "id": "liddells-milk-long-life-lactose-free",
    "brand": "Liddells",
    "name": "Lactose Free Full Cream Milk",
    "imageUrl": "https://shop.coles.com.au/wcsstore/Coles-CAS/images/6/7/0/6706012-th.jpg",
    "categories": ["drinks"],
    "tags": ["long-life-milk", "lactose-fre-milk"],
    "locations": {
      "vic": {
        "price": 2.25,
        "promoText": " ",
        "packageSize": "1L",
        "packagePrice": "$2.25 per 1L"
      }
    }
  },
  {
    "id": "coles-lactose-free-full-cream-long-life-milk",
    "brand": "Coles",
    "name": "Lactose Free Full Cream Milk",
    "imageUrl": "https://shop.coles.com.au/wcsstore/Coles-CAS/images/1/8/5/1850656-th.jpg",
    "categories": ["drinks"],
    "tags": ["long-life-milk", "lactose-fre-milk"],
    "locations": {
      "vic": {
        "price": 1.7,
        "promoText": " ",
        "packageSize": "1L",
        "packagePrice": "$1.70 per 1L"
      }
    }
  },
  {
    "id": "coles-lactose-free-low-fat-long-life-milk",
    "brand": "Coles",
    "name": "Lactose Free Low Fat Milk",
    "imageUrl": "https://shop.coles.com.au/wcsstore/Coles-CAS/images/1/8/5/1850667-th.jpg",
    "categories": ["drinks"],
    "tags": ["long-life-milk", "lactose-fre-milk"],
    "locations": {
      "vic": {
        "price": 1.7,
        "promoText": " ",
        "packageSize": "1L",
        "packagePrice": "$1.70 per 1L"
      }
    }
  },
  {
    "id": "pauls-zymil-milk-long-life-lactose-free",
    "brand": "Pauls",
    "name": "Zymil Lactose Free Long Life Milk Low Fat",
    "imageUrl": "https://shop.coles.com.au/wcsstore/Coles-CAS/images/8/8/9/8893963-th.jpg",
    "categories": ["drinks"],
    "tags": ["long-life-milk", "lactose-fre-milk"],
    "locations": {
      "vic": {
        "price": 2.7,
        "promoText": " ",
        "packageSize": "1L",
        "packagePrice": "$2.70 per 1L"
      }
    }
  },
  {
    "id": "liddells-milk-long-life-skim-lactose-free",
    "brand": "Liddells",
    "name": "Lactose Free 99% Skim Milk",
    "imageUrl": "https://shop.coles.com.au/wcsstore/Coles-CAS/images/9/5/9/9598630-th.jpg",
    "categories": ["drinks"],
    "tags": ["long-life-milk", "lactose-fre-milk"],
    "locations": {
      "vic": {
        "price": 2.25,
        "promoText": " ",
        "packageSize": "1L",
        "packagePrice": "$2.25 per 1L"
      }
    }
  },
  {
    "id": "liddells-milk-uht-lactose-free-chocolate",
    "brand": "Liddells",
    "name": "Chocolate Flavoured Long Life Milk",
    "imageUrl": "https://shop.coles.com.au/wcsstore/Coles-CAS/images/1/2/6/1262283-th.jpg",
    "categories": ["drinks"],
    "tags": ["long-life-milk", "lactose-fre-milk"],
    "locations": {
      "vic": {
        "price": 3.25,
        "promoText": " ",
        "packageSize": "1L",
        "packagePrice": "$3.25 per 1L"
      }
    }
  },
  {
    "id": "pauls-zymil-full-cream-lactose-free",
    "brand": "Pauls",
    "name": "Zymil Full Cream Long Life Milk",
    "imageUrl": "https://shop.coles.com.au/wcsstore/Coles-CAS/images/2/8/0/2807164-th.jpg",
    "categories": ["drinks"],
    "tags": ["long-life-milk", "lactose-fre-milk"],
    "locations": {
      "vic": {
        "price": 2.7,
        "promoText": " ",
        "packageSize": "1L",
        "packagePrice": "$2.70 per 1L"
      }
    }
  },
  {
    "id": "carlton-4x375ml-drink-zero",
    "brand": "Carlton",
    "name": "Zero Cans 375mL",
    "imageUrl": "https://shop.coles.com.au/wcsstore/Coles-CAS/images/3/2/6/3269476-th.jpg",
    "categories": ["drinks"],
    "tags": ["non-alcoholic", "home-brewing"],
    "locations": {
      "vic": {
        "price": 7,
        "promoText": "2 for $12",
        "packageSize": "4 pack",
        "packagePrice": "$4.67 per 1L"
      }
    }
  },
  {
    "id": "birell-ultra-light-beer",
    "brand": "Coopers",
    "name": "Non Alcoholic Ultra Light Drink 375mL",
    "imageUrl": "https://shop.coles.com.au/wcsstore/Coles-CAS/images/3/3/5/335199-th.jpg",
    "categories": ["drinks"],
    "tags": ["non-alcoholic", "home-brewing"],
    "locations": {
      "vic": {
        "price": 7,
        "promoText": " ",
        "packageSize": "6 pack",
        "packagePrice": "$3.11 per 1L"
      }
    }
  },
  {
    "id": "holsten-ber-bottle",
    "brand": "Holsten",
    "name": "Beer Bottle 330mL",
    "imageUrl": "https://shop.coles.com.au/wcsstore/Coles-CAS/images/1/9/1/1911659-th.jpg",
    "categories": ["drinks"],
    "tags": ["non-alcoholic", "home-brewing"],
    "locations": {
      "vic": {
        "price": 9.9,
        "promoText": "$1.10 ",
        "packageSize": "6 pack",
        "packagePrice": "$5.00 per 1L"
      }
    }
  },
  {
    "id": "peroni-libera",
    "brand": "Peroni",
    "name": "Libera 330mL",
    "imageUrl": "https://shop.coles.com.au/wcsstore/Coles-CAS/images/3/6/3/3636828-th.jpg",
    "categories": ["drinks"],
    "tags": ["non-alcoholic", "home-brewing"],
    "locations": {
      "vic": {
        "price": 13,
        "promoText": " ",
        "packageSize": "6 pack",
        "packagePrice": "$6.57 per 1L"
      }
    }
  },
  {
    "id": "edenvale-non-alcoholic-wine-chardonnay",
    "brand": "Edenvale",
    "name": "Non Alcoholic Chardonnay Bottle",
    "imageUrl": "https://shop.coles.com.au/wcsstore/Coles-CAS/images/5/4/5/5457808-th.jpg",
    "categories": ["drinks"],
    "tags": ["non-alcoholic", "non-alcoholic-drink-4405918"],
    "locations": {
      "vic": {
        "price": 9.5,
        "promoText": " ",
        "packageSize": "750mL",
        "packagePrice": "$12.67 per 1L"
      }
    }
  },
  {
    "id": "edenvale-non-alcoholic-wine-cuvee-sparkling",
    "brand": "Edenvale",
    "name": "Non Alcoholic Sparkling Cuvee Bottle",
    "imageUrl": "https://shop.coles.com.au/wcsstore/Coles-CAS/images/5/4/5/5457740-th.jpg",
    "categories": ["drinks"],
    "tags": ["non-alcoholic", "non-alcoholic-drink-4405918"],
    "locations": {
      "vic": {
        "price": 9.5,
        "promoText": " ",
        "packageSize": "750mL",
        "packagePrice": "$12.67 per 1L"
      }
    }
  },
  {
    "id": "edenvale-non-alcoholic-wine-shiraz",
    "brand": "Edenvale",
    "name": "Non-Alcoholic Shiraz Bottle",
    "imageUrl": "https://shop.coles.com.au/wcsstore/Coles-CAS/images/5/4/5/5457750-th.jpg",
    "categories": ["drinks"],
    "tags": ["non-alcoholic", "non-alcoholic-drink-4405918"],
    "locations": {
      "vic": {
        "price": 9.5,
        "promoText": " ",
        "packageSize": "750mL",
        "packagePrice": "$12.67 per 1L"
      }
    }
  },
  {
    "id": "old-el-paso-rice-kit-chilli-garlic",
    "brand": "Old El Paso",
    "name": "Chilli & Garlic Rice Dinner Kit",
    "imageUrl": "https://shop.coles.com.au/wcsstore/Coles-CAS/images/1/2/7/1279209-th.jpg",
    "categories": ["international-fods"],
    "tags": ["mexican-fod", "meals-kits"],
    "locations": {
      "vic": {
        "price": 3.25,
        "promoText": "$3.25 ",
        "packageSize": "355g",
        "packagePrice": "$0.92 per 100G"
      }
    }
  },
  {
    "id": "coles-soft-taco-kit",
    "brand": "Coles",
    "name": "Soft Taco Kit Mild",
    "imageUrl": "https://shop.coles.com.au/wcsstore/Coles-CAS/images/3/4/7/3479173-th.jpg",
    "categories": ["international-fods"],
    "tags": ["mexican-fod", "meals-kits"],
    "locations": {
      "vic": {
        "price": 4,
        "promoText": " ",
        "packageSize": "440g",
        "packagePrice": "$0.91 per 100G"
      }
    }
  },
  {
    "id": "old-el-paso-gluten-free-enchilada-kit",
    "brand": "Old El Paso",
    "name": "Gluten Free Enchilada Kit Mild",
    "imageUrl": "https://shop.coles.com.au/wcsstore/Coles-CAS/images/3/4/9/3497936-th.jpg",
    "categories": ["international-fods"],
    "tags": ["mexican-fod", "meals-kits"],
    "locations": {
      "vic": {
        "price": 7,
        "promoText": " ",
        "packageSize": "518g",
        "packagePrice": "$1.35 per 100G"
      }
    }
  },
  {
    "id": "old-el-paso-bulk-enchilada-kit",
    "brand": "Old El Paso",
    "name": "Bulk Enchilada Kit",
    "imageUrl": "https://shop.coles.com.au/wcsstore/Coles-CAS/images/3/7/5/3750776-th.jpg",
    "categories": ["international-fods"],
    "tags": ["mexican-fod", "meals-kits"],
    "locations": {
      "vic": {
        "price": 9,
        "promoText": "Was $9.50 on Jun 2020 ",
        "packageSize": "1.04kg",
        "packagePrice": "$8.65 per 1Kg"
      }
    }
  },
  {
    "id": "old-el-paso-fiery-soft-taco-kit",
    "brand": "Old El Paso",
    "name": "Fiery Soft Taco Kit",
    "imageUrl": "https://shop.coles.com.au/wcsstore/Coles-CAS/images/3/7/5/3750765-th.jpg",
    "categories": ["international-fods"],
    "tags": ["mexican-fod", "meals-kits"],
    "locations": {
      "vic": {
        "price": 6.5,
        "promoText": " ",
        "packageSize": "405g",
        "packagePrice": "$1.60 per 100G"
      }
    }
  },
  {
    "id": "coles-seasoning-chilli-con-carne",
    "brand": "Coles",
    "name": "Chilli Con Carne Mexico Seasoning",
    "imageUrl": "https://shop.coles.com.au/wcsstore/Coles-CAS/images/3/4/7/3478818-th.jpg",
    "categories": ["international-fods"],
    "tags": ["mexican-fod", "beans-seasoning"],
    "locations": {
      "vic": {
        "price": 1.5,
        "promoText": " ",
        "packageSize": "50g",
        "packagePrice": "$0.30 per 10G"
      }
    }
  },
  {
    "id": "old-el-paso-spice-mix-nachos",
    "brand": "Old El Paso",
    "name": "Spice Mix Nachos",
    "imageUrl": "https://shop.coles.com.au/wcsstore/Coles-CAS/images/3/7/5/3750700-th.jpg",
    "categories": ["international-fods"],
    "tags": ["mexican-fod", "beans-seasoning"],
    "locations": {
      "vic": {
        "price": 2,
        "promoText": " ",
        "packageSize": "35g",
        "packagePrice": "$5.71 per 100G"
      }
    }
  },
  {
    "id": "coles-seasoning-chipotle",
    "brand": "Coles",
    "name": "Chipotle Sasonador Mexico Seasoning",
    "imageUrl": "https://shop.coles.com.au/wcsstore/Coles-CAS/images/3/4/7/3478920-th.jpg",
    "categories": ["international-fods"],
    "tags": ["mexican-fod", "beans-seasoning"],
    "locations": {
      "vic": {
        "price": 1.5,
        "promoText": " ",
        "packageSize": "40g",
        "packagePrice": "$0.38 per 10G"
      }
    }
  },
  {
    "id": "coles-seasoning-grill",
    "brand": "Coles",
    "name": "Grilled Sasonador Mexico Seasoning",
    "imageUrl": "https://shop.coles.com.au/wcsstore/Coles-CAS/images/3/4/7/3478862-th.jpg",
    "categories": ["international-fods"],
    "tags": ["mexican-fod", "beans-seasoning"],
    "locations": {
      "vic": {
        "price": 1.5,
        "promoText": " ",
        "packageSize": "40g",
        "packagePrice": "$0.38 per 10G"
      }
    }
  },
  {
    "id": "coles-soft-corn-tortilla-10-pack",
    "brand": "Coles",
    "name": "Mexico Corn Tortillas De Maiz 10 pack",
    "imageUrl": "https://shop.coles.com.au/wcsstore/Coles-CAS/images/3/4/7/3478964-th.jpg",
    "categories": ["international-fods"],
    "tags": ["mexican-fod", "tortillas-taco-shells"],
    "locations": {
      "vic": {
        "price": 3.2,
        "promoText": " ",
        "packageSize": "280g",
        "packagePrice": "$1.14 per 100G"
      }
    }
  },
  {
    "id": "coles-fold-roll-tortilla-wraps-6-pack",
    "brand": "Coles",
    "name": "Fold & Roll Tortilla Wraps 6 Pack",
    "imageUrl": "https://shop.coles.com.au/wcsstore/Coles-CAS/images/3/4/7/3479027-th.jpg",
    "categories": ["international-fods"],
    "tags": ["mexican-fod", "tortillas-taco-shells"],
    "locations": {
      "vic": {
        "price": 4,
        "promoText": " ",
        "packageSize": "545g",
        "packagePrice": "$0.73 per 100G"
      }
    }
  },
  {
    "id": "mission-tortillas-low-fat-8-pack",
    "brand": "Mission",
    "name": "Burrito 8 Tortillas Low Fat",
    "imageUrl": "https://shop.coles.com.au/wcsstore/Coles-CAS/images/6/7/6/6768280-th.jpg",
    "categories": ["international-fods"],
    "tags": ["mexican-fod", "tortillas-taco-shells"],
    "locations": {
      "vic": {
        "price": 3,
        "promoText": "$0.80 ",
        "packageSize": "384g",
        "packagePrice": "$0.78 per 100G"
      }
    }
  },
  {
    "id": "coles-salsa-verde",
    "brand": "Coles",
    "name": "Mexico Peppers Salsa Verde Medium",
    "imageUrl": "https://shop.coles.com.au/wcsstore/Coles-CAS/images/3/4/9/3492841-th.jpg",
    "categories": ["international-fods"],
    "tags": ["mexican-fod", "salsa-sauces"],
    "locations": {
      "vic": {
        "price": 4,
        "promoText": " ",
        "packageSize": "300g",
        "packagePrice": "$1.33 per 100G"
      }
    }
  },
  {
    "id": "coles-creamy-chipotle-topping",
    "brand": "Coles",
    "name": "Creamy Chipotle Topping Medium",
    "imageUrl": "https://shop.coles.com.au/wcsstore/Coles-CAS/images/3/4/7/3479479-th.jpg",
    "categories": ["international-fods"],
    "tags": ["mexican-fod", "salsa-sauces"],
    "locations": {
      "vic": {
        "price": 3.6,
        "promoText": " ",
        "packageSize": "240g",
        "packagePrice": "$1.50 per 100G"
      }
    }
  },
  {
    "id": "coles-creamy-jalapeno-topping",
    "brand": "Coles",
    "name": "Creamy Jalapeno Topping Medium",
    "imageUrl": "https://shop.coles.com.au/wcsstore/Coles-CAS/images/3/4/7/3479480-th.jpg",
    "categories": ["international-fods"],
    "tags": ["mexican-fod", "salsa-sauces"],
    "locations": {
      "vic": {
        "price": 3.6,
        "promoText": " ",
        "packageSize": "240g",
        "packagePrice": "$1.50 per 100G"
      }
    }
  },
  {
    "id": "coles-jalapenos-en-escabeche",
    "brand": "Coles",
    "name": "Peppers Pickled Jalapenos With Carrots Medium",
    "imageUrl": "https://shop.coles.com.au/wcsstore/Coles-CAS/images/3/4/7/3479581-th.jpg",
    "categories": ["international-fods"],
    "tags": ["mexican-fod", "salsa-sauces"],
    "locations": {
      "vic": {
        "price": 4.3,
        "promoText": " ",
        "packageSize": "340g",
        "packagePrice": "$1.26 per 100G"
      }
    }
  },
  {
    "id": "doritos-dip-salsa-mild",
    "brand": "Doritos",
    "name": "Mild Salsa",
    "imageUrl": "https://shop.coles.com.au/wcsstore/Coles-CAS/images/8/4/8/8486449-th.jpg",
    "categories": ["international-fods"],
    "tags": ["mexican-fod", "corn-dips"],
    "locations": {
      "vic": {
        "price": 2.5,
        "promoText": "Was $3.00 on Jan 2016 ",
        "packageSize": "300g",
        "packagePrice": "$0.83 per 100G"
      }
    }
  },
  {
    "id": "coles-salsa-mild",
    "brand": "Coles",
    "name": "Tomato Salsa Mild",
    "imageUrl": "https://shop.coles.com.au/wcsstore/Coles-CAS/images/5/8/5/5859834-th.jpg",
    "categories": ["international-fods"],
    "tags": ["mexican-fod", "corn-dips"],
    "locations": {
      "vic": {
        "price": 1.5,
        "promoText": " ",
        "packageSize": "300g",
        "packagePrice": "$0.50 per 100G"
      }
    }
  },
  {
    "id": "doritos-dip-salsa-medium",
    "brand": "Doritos",
    "name": "Medium Salsa",
    "imageUrl": "https://shop.coles.com.au/wcsstore/Coles-CAS/images/8/4/8/8483189-th.jpg",
    "categories": ["international-fods"],
    "tags": ["mexican-fod", "corn-dips"],
    "locations": {
      "vic": {
        "price": 2.5,
        "promoText": "Was $3.00 on Jan 2016 ",
        "packageSize": "300g",
        "packagePrice": "$0.83 per 100G"
      }
    }
  },
  {
    "id": "doritos-dip-salsa-hot",
    "brand": "Doritos",
    "name": "Hot Salsa",
    "imageUrl": "https://shop.coles.com.au/wcsstore/Coles-CAS/images/8/4/8/8486019-th.jpg",
    "categories": ["international-fods"],
    "tags": ["mexican-fod", "corn-dips"],
    "locations": {
      "vic": {
        "price": 2.5,
        "promoText": "Was $3.00 on Jan 2016 ",
        "packageSize": "300g",
        "packagePrice": "$0.83 per 100G"
      }
    }
  },
  {
    "id": "doritos-salsa-nacho-cheese",
    "brand": "Doritos",
    "name": "Nacho Cheese Salsa",
    "imageUrl": "https://shop.coles.com.au/wcsstore/Coles-CAS/images/3/5/7/3574130-th.jpg",
    "categories": ["international-fods"],
    "tags": ["mexican-fod", "corn-dips"],
    "locations": {
      "vic": {
        "price": 2.5,
        "promoText": " ",
        "packageSize": "300g",
        "packagePrice": "$0.83 per 100G"
      }
    }
  },
  {
    "id": "jinmailing-noodle-ramen",
    "brand": "Jinmailang",
    "name": "Ramen Noodle",
    "imageUrl": "https://shop.coles.com.au/wcsstore/Coles-CAS/images/1/3/8/1384338-th.jpg",
    "categories": ["international-fods"],
    "tags": ["asian-fod", "asian-fods"],
    "locations": {
      "vic": {
        "price": 2.5,
        "promoText": " ",
        "packageSize": "1kg",
        "packagePrice": "$2.50 per 1Kg"
      }
    }
  },
  {
    "id": "ufc-bean-sprouts",
    "brand": "UFC",
    "name": "Bean Sprouts",
    "imageUrl": "https://shop.coles.com.au/wcsstore/Coles-CAS/images/8/8/5/8853710-th.jpg",
    "categories": ["international-fods"],
    "tags": ["asian-fod", "asian-fods"],
    "locations": {
      "vic": {
        "price": 2.3,
        "promoText": " ",
        "packageSize": "410g",
        "packagePrice": "$0.56 per 100G"
      }
    }
  },
  {
    "id": "obento-ginger-pickled-slices",
    "brand": "Obento",
    "name": "Sliced Pickled Ginger Amazu Shoga",
    "imageUrl": "https://shop.coles.com.au/wcsstore/Coles-CAS/images/6/0/6/6069134-th.jpg",
    "categories": ["international-fods"],
    "tags": ["asian-fod", "asian-fods"],
    "locations": {
      "vic": {
        "price": 1.35,
        "promoText": " ",
        "packageSize": "100g",
        "packagePrice": "$13.50 per 1Kg"
      }
    }
  },
  {
    "id": "valcom-bamboo-shoots-sliced",
    "brand": "Valcom",
    "name": "Bamboo Shoot Slices",
    "imageUrl": "https://shop.coles.com.au/wcsstore/Coles-CAS/images/5/2/5/5253874-th.jpg",
    "categories": ["international-fods"],
    "tags": ["asian-fod", "asian-fods"],
    "locations": {
      "vic": {
        "price": 0.85,
        "promoText": "$0.25 ",
        "packageSize": "225g",
        "packagePrice": "$3.78 per 1Kg"
      }
    }
  },
  {
    "id": "ajishima-miso-bean-soybean-soup-mix-2-pack",
    "brand": "Ajishima",
    "name": "Freeze Dried Miso Soup With Bean Curd",
    "imageUrl": "https://shop.coles.com.au/wcsstore/Coles-CAS/images/2/0/0/2005388-th.jpg",
    "categories": ["international-fods"],
    "tags": ["asian-fod", "asian-fods"],
    "locations": {
      "vic": {
        "price": 1.8,
        "promoText": "$0.60 ",
        "packageSize": "12g",
        "packagePrice": "$1.50 per 10G"
      }
    }
  },
  {
    "id": "ajishima-instant-miso-soup-fried-tofu-2-pack",
    "brand": "Ajishima",
    "name": "Japanese Instant Miso Soup Fried Tofu 2 Pack",
    "imageUrl": "https://shop.coles.com.au/wcsstore/Coles-CAS/images/3/7/4/3741152-th.jpg",
    "categories": ["international-fods"],
    "tags": ["asian-fod", "asian-fods"],
    "locations": {
      "vic": {
        "price": 1.8,
        "promoText": "$0.80 ",
        "packageSize": "12g",
        "packagePrice": "$15.00 per 100G"
      }
    }
  },
  {
    "id": "jinmailing-egg-noodle",
    "brand": "Jinmailang",
    "name": "Egg Noodle",
    "imageUrl": "https://shop.coles.com.au/wcsstore/Coles-CAS/images/1/3/8/1384316-th.jpg",
    "categories": ["international-fods"],
    "tags": ["asian-fod", "asian-fods"],
    "locations": {
      "vic": {
        "price": 2.5,
        "promoText": " ",
        "packageSize": "1kg",
        "packagePrice": "$2.50 per 1Kg"
      }
    }
  },
  {
    "id": "paldo--hot-spicy",
    "brand": "Paldo",
    "name": "Hot & Spicy Flavour King Noodle",
    "imageUrl": "https://shop.coles.com.au/wcsstore/Coles-CAS/images/2/7/8/2784160-th.jpg",
    "categories": ["international-fods"],
    "tags": ["asian-fod", "asian-fods"],
    "locations": {
      "vic": {
        "price": 2.5,
        "promoText": " ",
        "packageSize": "110g",
        "packagePrice": "$2.27 per 100G"
      }
    }
  },
  {
    "id": "valcom-chestnuts-in-water-sliced",
    "brand": "Valcom",
    "name": "Water Chestnut Slices",
    "imageUrl": "https://shop.coles.com.au/wcsstore/Coles-CAS/images/5/7/8/5789579-th.jpg",
    "categories": ["international-fods"],
    "tags": ["asian-fod", "asian-fods"],
    "locations": {
      "vic": {
        "price": 0.85,
        "promoText": "$0.25 ",
        "packageSize": "227g",
        "packagePrice": "$3.74 per 1Kg"
      }
    }
  },
  {
    "id": "hikari-soup-wakame-instant-miso",
    "brand": "Hikari",
    "name": "Wakame Instant Miso Soup 12 pack",
    "imageUrl": "https://shop.coles.com.au/wcsstore/Coles-CAS/images/5/9/8/5983040-th.jpg",
    "categories": ["international-fods"],
    "tags": ["asian-fod", "asian-fods"],
    "locations": {
      "vic": {
        "price": 3,
        "promoText": "$0.80 ",
        "packageSize": "216g",
        "packagePrice": "$1.39 per 100G"
      }
    }
  },
  {
    "id": "dali-mushrooms-shitake-dried-sliced",
    "brand": "Jade Phoenix",
    "name": "Shitake Mushrooms Sliced",
    "imageUrl": "https://shop.coles.com.au/wcsstore/Coles-CAS/images/8/3/7/8374762-th.jpg",
    "categories": ["international-fods"],
    "tags": ["asian-fod", "asian-fods"],
    "locations": {
      "vic": {
        "price": 2.55,
        "promoText": " ",
        "packageSize": "40g",
        "packagePrice": "$63.75 per 1Kg"
      }
    }
  },
  {
    "id": "nissin-ramen-kyushu-black",
    "brand": "Nissin",
    "name": "Ramen Kyushu Black Noodle",
    "imageUrl": "https://shop.coles.com.au/wcsstore/Coles-CAS/images/3/3/0/3308750-th.jpg",
    "categories": ["international-fods"],
    "tags": ["asian-fod", "asian-fods"],
    "locations": {
      "vic": {
        "price": 6.75,
        "promoText": " ",
        "packageSize": "530g",
        "packagePrice": "$1.27 per 100G"
      }
    }
  },
  {
    "id": "poonsin-vegetables-mixed",
    "brand": "Poonsin",
    "name": "Stir-Fry Mixed Vegetables",
    "imageUrl": "https://shop.coles.com.au/wcsstore/Coles-CAS/images/5/4/1/5419150-th.jpg",
    "categories": ["international-fods"],
    "tags": ["asian-fod", "asian-fods"],
    "locations": {
      "vic": {
        "price": 1.85,
        "promoText": "$0.50 ",
        "packageSize": "425g",
        "packagePrice": "$4.35 per 1Kg"
      }
    }
  },
  {
    "id": "ajishima-miso-fungi-soybean-soup-mix-2-pack",
    "brand": "Ajishima",
    "name": "Freeze Dried Miso Soup With Fungi",
    "imageUrl": "https://shop.coles.com.au/wcsstore/Coles-CAS/images/2/0/0/2005399-th.jpg",
    "categories": ["international-fods"],
    "tags": ["asian-fod", "asian-fods"],
    "locations": {
      "vic": {
        "price": 1.8,
        "promoText": "$0.60 ",
        "packageSize": "12g",
        "packagePrice": "$1.50 per 10G"
      }
    }
  },
  {
    "id": "jade-phoenix-fungus-black-premium",
    "brand": "Jade Phoenix",
    "name": "Premium Grade Black Fungus",
    "imageUrl": "https://shop.coles.com.au/wcsstore/Coles-CAS/images/6/0/7/6070665-th.jpg",
    "categories": ["international-fods"],
    "tags": ["asian-fod", "asian-fods"],
    "locations": {
      "vic": {
        "price": 5.8,
        "promoText": " ",
        "packageSize": "100g",
        "packagePrice": "$58.00 per 1Kg"
      }
    }
  },
  {
    "id": "loacker-gran-paticceria-coconut",
    "brand": "Loacker",
    "name": "Gran Pasticceria Coconut Wafer Biscuit",
    "imageUrl": "https://shop.coles.com.au/wcsstore/Coles-CAS/images/5/0/1/5019924-th.jpg",
    "categories": ["international-fods"],
    "tags": ["asian-fod", "asian-fods"],
    "locations": {
      "vic": {
        "price": 4,
        "promoText": " ",
        "packageSize": "100g",
        "packagePrice": "$4.00 per 100G"
      }
    }
  },
  {
    "id": "tcc-milk-coconut",
    "brand": "TCC",
    "name": "Coconut Milk",
    "imageUrl": "https://shop.coles.com.au/wcsstore/Coles-CAS/images/5/2/5/5252521-th.jpg",
    "categories": ["international-fods"],
    "tags": ["asian-fod", "asian-condiments"],
    "locations": {
      "vic": {
        "price": 1.5,
        "promoText": "Was $1.75 on Jan 2018 ",
        "packageSize": "400mL",
        "packagePrice": "$0.38 per 100mL"
      }
    }
  },
  {
    "id": "coles-smart-buy-cream-coconut-5357676p",
    "brand": "Coles",
    "name": "Coconut Cream",
    "imageUrl": "https://shop.coles.com.au/wcsstore/Coles-CAS/images/5/3/5/5357676-th.jpg",
    "categories": ["international-fods"],
    "tags": ["asian-fod", "asian-condiments"],
    "locations": {
      "vic": {
        "price": 1,
        "promoText": " ",
        "packageSize": "400mL",
        "packagePrice": "$0.25 per 100mL"
      }
    }
  },
  {
    "id": "tcc-milk-coconut-extract-lite",
    "brand": "TCC",
    "name": "Light Coconut Milk",
    "imageUrl": "https://shop.coles.com.au/wcsstore/Coles-CAS/images/7/0/5/7054482-th.jpg",
    "categories": ["international-fods"],
    "tags": ["asian-fod", "asian-condiments"],
    "locations": {
      "vic": {
        "price": 1.5,
        "promoText": "Was $1.75 on Jan 2018 ",
        "packageSize": "400mL",
        "packagePrice": "$0.38 per 100mL"
      }
    }
  },
  {
    "id": "tcc-milk-coconut-5253954p",
    "brand": "TCC",
    "name": "Coconut Milk",
    "imageUrl": "https://shop.coles.com.au/wcsstore/Coles-CAS/images/5/2/5/5253954-th.jpg",
    "categories": ["international-fods"],
    "tags": ["asian-fod", "asian-condiments"],
    "locations": {
      "vic": {
        "price": 0.85,
        "promoText": " ",
        "packageSize": "165mL",
        "packagePrice": "$0.52 per 100mL"
      }
    }
  },
  {
    "id": "chefs-world-coconut-milk-3799695p",
    "brand": "Chefs World",
    "name": "Coconut Milk",
    "imageUrl": "https://shop.coles.com.au/wcsstore/Coles-CAS/images/3/7/9/3799695-th.jpg",
    "categories": ["international-fods"],
    "tags": ["asian-fod", "asian-condiments"],
    "locations": {
      "vic": {
        "price": 1.2,
        "promoText": " ",
        "packageSize": "400mL",
        "packagePrice": "$0.30 per 100mL"
      }
    }
  },
  {
    "id": "ayam-milk-coconut",
    "brand": "Ayam",
    "name": "Premium Coconut Milk",
    "imageUrl": "https://shop.coles.com.au/wcsstore/Coles-CAS/images/6/1/6/6165003-th.jpg",
    "categories": ["international-fods"],
    "tags": ["asian-fod", "asian-condiments"],
    "locations": {
      "vic": {
        "price": 2.4,
        "promoText": " ",
        "packageSize": "270mL",
        "packagePrice": "$0.89 per 100mL"
      }
    }
  },
  {
    "id": "ayam-cream-coconut",
    "brand": "Ayam",
    "name": "Pure Coconut Cream",
    "imageUrl": "https://shop.coles.com.au/wcsstore/Coles-CAS/images/6/1/6/6165127-th.jpg",
    "categories": ["international-fods"],
    "tags": ["asian-fod", "asian-condiments"],
    "locations": {
      "vic": {
        "price": 2.4,
        "promoText": " ",
        "packageSize": "270mL",
        "packagePrice": "$0.89 per 100mL"
      }
    }
  },
  {
    "id": "kewpie-mayonnaise-4604984p",
    "brand": "Kewpie",
    "name": "Mayonnaise",
    "imageUrl": "https://shop.coles.com.au/wcsstore/Coles-CAS/images/4/6/0/4604984-th.jpg",
    "categories": ["international-fods"],
    "tags": ["asian-fod", "asian-condiments"],
    "locations": {
      "vic": {
        "price": 4.7,
        "promoText": " ",
        "packageSize": "300g",
        "packagePrice": "$1.57 per 100G"
      }
    }
  },
  {
    "id": "obento-panko-breadcrumbs",
    "brand": "Obento",
    "name": "Panko Bread Crumbs",
    "imageUrl": "https://shop.coles.com.au/wcsstore/Coles-CAS/images/2/0/1/2017230-th.jpg",
    "categories": ["international-fods"],
    "tags": ["asian-fod", "asian-condiments"],
    "locations": {
      "vic": {
        "price": 2,
        "promoText": "$0.30 ",
        "packageSize": "200g",
        "packagePrice": "$1.00 per 100G"
      }
    }
  },
  {
    "id": "obento-sushi-sheets-seaweed-yaki-nori",
    "brand": "Obento",
    "name": "Yaki Nori Seaweed Sushi Sheets",
    "imageUrl": "https://shop.coles.com.au/wcsstore/Coles-CAS/images/9/4/3/9435068-th.jpg",
    "categories": ["international-fods"],
    "tags": ["asian-fod", "asian-condiments"],
    "locations": {
      "vic": {
        "price": 2.46,
        "promoText": "$0.64 ",
        "packageSize": "25g",
        "packagePrice": "$9.84 per 100G"
      }
    }
  },
  {
    "id": "valcom-paste-paste-green-curry",
    "brand": "Valcom",
    "name": "Green Curry Paste",
    "imageUrl": "https://shop.coles.com.au/wcsstore/Coles-CAS/images/6/8/2/6823413-th.jpg",
    "categories": ["international-fods"],
    "tags": ["asian-fod", "asian-condiments"],
    "locations": {
      "vic": {
        "price": 4,
        "promoText": " ",
        "packageSize": "210g",
        "packagePrice": "$1.90 per 100G"
      }
    }
  },
  {
    "id": "hikari-paste-miso-white",
    "brand": "Hikari",
    "name": "White Miso Paste",
    "imageUrl": "https://shop.coles.com.au/wcsstore/Coles-CAS/images/6/0/6/6068980-th.jpg",
    "categories": ["international-fods"],
    "tags": ["asian-fod", "asian-condiments"],
    "locations": {
      "vic": {
        "price": 3.2,
        "promoText": "$0.80 ",
        "packageSize": "400g",
        "packagePrice": "$0.80 per 100G"
      }
    }
  },
  {
    "id": "dragon-phoenix-shallots-fried",
    "brand": "Dragon & Phoenix",
    "name": "Fried Shallots",
    "imageUrl": "https://shop.coles.com.au/wcsstore/Coles-CAS/images/5/4/6/5462954-th.jpg",
    "categories": ["international-fods"],
    "tags": ["asian-fod", "asian-condiments"],
    "locations": {
      "vic": {
        "price": 2.8,
        "promoText": " ",
        "packageSize": "100g",
        "packagePrice": "$2.80 per 100G"
      }
    }
  },
  {
    "id": "obento-vinegar-rice-wine",
    "brand": "Obento",
    "name": "Rice Wine Vinegar",
    "imageUrl": "https://shop.coles.com.au/wcsstore/Coles-CAS/images/4/6/0/4605070-th.jpg",
    "categories": ["international-fods"],
    "tags": ["asian-fod", "asian-condiments"],
    "locations": {
      "vic": {
        "price": 1.82,
        "promoText": "$0.48 ",
        "packageSize": "250mL",
        "packagePrice": "$0.73 per 100mL"
      }
    }
  },
  {
    "id": "lee-kum-kee-sauce-soy-premium",
    "brand": "Lee Kum Kee",
    "name": "Soy Sauce",
    "imageUrl": "https://shop.coles.com.au/wcsstore/Coles-CAS/images/9/4/3/9434699-th.jpg",
    "categories": ["international-fods"],
    "tags": ["asian-fod", "asian-condiments"],
    "locations": {
      "vic": {
        "price": 3.8,
        "promoText": " ",
        "packageSize": "500mL",
        "packagePrice": "$0.76 per 100mL"
      }
    }
  },
  {
    "id": "ayam-milk-coconut-light",
    "brand": "Ayam",
    "name": "Premium Light Coconut Milk",
    "imageUrl": "https://shop.coles.com.au/wcsstore/Coles-CAS/images/9/1/2/9124341-th.jpg",
    "categories": ["international-fods"],
    "tags": ["asian-fod", "asian-condiments"],
    "locations": {
      "vic": {
        "price": 2.4,
        "promoText": " ",
        "packageSize": "270mL",
        "packagePrice": "$0.89 per 100mL"
      }
    }
  },
  {
    "id": "five-tastes-paste-thai-green-curry",
    "brand": "Five Tastes",
    "name": "Thai Green Curry Paste",
    "imageUrl": "https://shop.coles.com.au/wcsstore/Coles-CAS/images/1/3/3/1334533-th.jpg",
    "categories": ["international-fods"],
    "tags": ["asian-fod", "asian-condiments"],
    "locations": {
      "vic": {
        "price": 3,
        "promoText": "Was $3.80 on Oct 2018 ",
        "packageSize": "210g",
        "packagePrice": "$1.43 per 100G"
      }
    }
  },
  {
    "id": "ongs-sauce-hoisin",
    "brand": "Ong's",
    "name": "Hoisin Sauce",
    "imageUrl": "https://shop.coles.com.au/wcsstore/Coles-CAS/images/8/9/3/8931938-th.jpg",
    "categories": ["international-fods"],
    "tags": ["asian-fod", "asian-condiments"],
    "locations": {
      "vic": {
        "price": 2.2,
        "promoText": "$0.55 ",
        "packageSize": "227g",
        "packagePrice": "$0.97 per 100G"
      }
    }
  },
  {
    "id": "five-tastes-massaman-paste",
    "brand": "Five Tastes",
    "name": "Massaman Curry Paste",
    "imageUrl": "https://shop.coles.com.au/wcsstore/Coles-CAS/images/2/7/3/2733341-th.jpg",
    "categories": ["international-fods"],
    "tags": ["asian-fod", "asian-condiments"],
    "locations": {
      "vic": {
        "price": 3,
        "promoText": "Was $3.80 on Oct 2018 ",
        "packageSize": "210g",
        "packagePrice": "$1.43 per 100G"
      }
    }
  },
  {
    "id": "lee-kum-kee-sauce-hoisin-5252962p",
    "brand": "Lee Kum Kee",
    "name": "Hoisin Sauce",
    "imageUrl": "https://shop.coles.com.au/wcsstore/Coles-CAS/images/5/2/5/5252962-th.jpg",
    "categories": ["international-fods"],
    "tags": ["asian-fod", "asian-condiments"],
    "locations": {
      "vic": {
        "price": 2,
        "promoText": "$1.60 ",
        "packageSize": "240g",
        "packagePrice": "$0.83 per 100G"
      }
    }
  },
  {
    "id": "tcc-milk-coconut-lite",
    "brand": "TCC",
    "name": "Light Coconut Milk",
    "imageUrl": "https://shop.coles.com.au/wcsstore/Coles-CAS/images/9/4/3/9434644-th.jpg",
    "categories": ["international-fods"],
    "tags": ["asian-fod", "asian-condiments"],
    "locations": {
      "vic": {
        "price": 0.85,
        "promoText": " ",
        "packageSize": "165mL",
        "packagePrice": "$0.52 per 100mL"
      }
    }
  },
  {
    "id": "tcc-full-cream-coconut-cream",
    "brand": "TCC",
    "name": "Premium Coconut Cream",
    "imageUrl": "https://shop.coles.com.au/wcsstore/Coles-CAS/images/2/0/1/2017467-th.jpg",
    "categories": ["international-fods"],
    "tags": ["asian-fod", "asian-condiments"],
    "locations": {
      "vic": {
        "price": 2,
        "promoText": " ",
        "packageSize": "400mL",
        "packagePrice": "$0.50 per 100mL"
      }
    }
  },
  {
    "id": "ayam-sauce-oyster",
    "brand": "Ayam",
    "name": "Oyster Sauce",
    "imageUrl": "https://shop.coles.com.au/wcsstore/Coles-CAS/images/6/1/6/6165772-th.jpg",
    "categories": ["international-fods"],
    "tags": ["asian-fod", "asian-condiments"],
    "locations": {
      "vic": {
        "price": 4.25,
        "promoText": " ",
        "packageSize": "420mL",
        "packagePrice": "$1.01 per 100mL"
      }
    }
  },
  {
    "id": "ayam-sauce-black-bean",
    "brand": "Ayam",
    "name": "Black Bean Sauce",
    "imageUrl": "https://shop.coles.com.au/wcsstore/Coles-CAS/images/6/0/6/60614-th.jpg",
    "categories": ["international-fods"],
    "tags": ["asian-fod", "asian-condiments"],
    "locations": {
      "vic": {
        "price": 3.2,
        "promoText": " ",
        "packageSize": "210mL",
        "packagePrice": "$1.52 per 100mL"
      }
    }
  },
  {
    "id": "ongs-sauce-oyster",
    "brand": "Ong's",
    "name": "Oyster Sauce",
    "imageUrl": "https://shop.coles.com.au/wcsstore/Coles-CAS/images/6/6/7/6671188-th.jpg",
    "categories": ["international-fods"],
    "tags": ["asian-fod", "asian-condiments"],
    "locations": {
      "vic": {
        "price": 1.83,
        "promoText": "$0.47 ",
        "packageSize": "255g",
        "packagePrice": "$0.72 per 100G"
      }
    }
  },
  {
    "id": "abc-sauce-soy-sweet-9756108p",
    "brand": "ABC",
    "name": "Sweet Soy Sauce",
    "imageUrl": "https://shop.coles.com.au/wcsstore/Coles-CAS/images/9/7/5/9756108-th.jpg",
    "categories": ["international-fods"],
    "tags": ["asian-fod", "asian-condiments"],
    "locations": {
      "vic": {
        "price": 2,
        "promoText": " ",
        "packageSize": "275mL",
        "packagePrice": "$0.73 per 100mL"
      }
    }
  },
  {
    "id": "ayam-paste-thai-green-curry",
    "brand": "Ayam",
    "name": "Thai Green Curry Paste",
    "imageUrl": "https://shop.coles.com.au/wcsstore/Coles-CAS/images/6/8/0/6801068-th.jpg",
    "categories": ["international-fods"],
    "tags": ["asian-fod", "asian-condiments"],
    "locations": {
      "vic": {
        "price": 3.3,
        "promoText": " ",
        "packageSize": "195g",
        "packagePrice": "$1.69 per 100G"
      }
    }
  },
  {
    "id": "ayam-sauce-fish",
    "brand": "Ayam",
    "name": "Fish Sauce",
    "imageUrl": "https://shop.coles.com.au/wcsstore/Coles-CAS/images/6/0/8/6082824-th.jpg",
    "categories": ["international-fods"],
    "tags": ["asian-fod", "asian-condiments"],
    "locations": {
      "vic": {
        "price": 3.2,
        "promoText": " ",
        "packageSize": "210mL",
        "packagePrice": "$1.52 per 100mL"
      }
    }
  },
  {
    "id": "ayam-regular-coconut-milk",
    "brand": "Ayam",
    "name": "Regular Coconut Milk",
    "imageUrl": "https://shop.coles.com.au/wcsstore/Coles-CAS/images/3/7/5/3753560-th.jpg",
    "categories": ["international-fods"],
    "tags": ["asian-fod", "asian-condiments"],
    "locations": {
      "vic": {
        "price": 3.5,
        "promoText": " ",
        "packageSize": "400mL",
        "packagePrice": "$0.88 per 100mL"
      }
    }
  },
  {
    "id": "chaokoh-corn-young-15-up",
    "brand": "Chaokoh",
    "name": "Young Sweet Corn",
    "imageUrl": "https://shop.coles.com.au/wcsstore/Coles-CAS/images/5/2/5/5252500-th.jpg",
    "categories": ["international-fods"],
    "tags": ["asian-fod", "asian-condiments"],
    "locations": {
      "vic": {
        "price": 1.6,
        "promoText": "$0.40 ",
        "packageSize": "425g",
        "packagePrice": "$3.76 per 1Kg"
      }
    }
  },
  {
    "id": "kokuho-rice-sushi-rose",
    "brand": "Kokuho Rose",
    "name": "Premium Sushi Rice",
    "imageUrl": "https://shop.coles.com.au/wcsstore/Coles-CAS/images/9/6/8/9688201-th.jpg",
    "categories": ["international-fods"],
    "tags": ["asian-fod", "asian-condiments"],
    "locations": {
      "vic": {
        "price": 4.9,
        "promoText": " ",
        "packageSize": "1kg",
        "packagePrice": "$0.49 per 100G"
      }
    }
  },
  {
    "id": "lee-kum-kee-sauce-cantonese-chicken",
    "brand": "Lee Kum Kee",
    "name": "Cantonese Chicken Stir Fry Sauce Pouch",
    "imageUrl": "https://shop.coles.com.au/wcsstore/Coles-CAS/images/8/1/0/8104473-th.jpg",
    "categories": ["international-fods"],
    "tags": ["asian-fod", "asian-condiments"],
    "locations": {
      "vic": {
        "price": 2.2,
        "promoText": " ",
        "packageSize": "120g",
        "packagePrice": "$1.83 per 100G"
      }
    }
  },
  {
    "id": "lee-kum-kee-sauce-teriyaki-beef-ready",
    "brand": "Lee Kum Kee",
    "name": "Teriyaki Beef Sauce Pouch",
    "imageUrl": "https://shop.coles.com.au/wcsstore/Coles-CAS/images/6/0/6/6069837-th.jpg",
    "categories": ["international-fods"],
    "tags": ["asian-fod", "asian-condiments"],
    "locations": {
      "vic": {
        "price": 2.2,
        "promoText": " ",
        "packageSize": "100g",
        "packagePrice": "$2.20 per 100G"
      }
    }
  },
  {
    "id": "obento-cooking-sake",
    "brand": "Obento",
    "name": "Cooking Sake",
    "imageUrl": "https://shop.coles.com.au/wcsstore/Coles-CAS/images/2/0/1/2017616-th.jpg",
    "categories": ["international-fods"],
    "tags": ["asian-fod", "asian-condiments"],
    "locations": {
      "vic": {
        "price": 2.64,
        "promoText": "$0.66 ",
        "packageSize": "250mL",
        "packagePrice": "$1.06 per 100mL"
      }
    }
  },
  {
    "id": "s-b-curry-golden-medium-hot",
    "brand": "S & B",
    "name": "Golden Curry Medium Hot Sauce Mix",
    "imageUrl": "https://shop.coles.com.au/wcsstore/Coles-CAS/images/9/4/5/9456374-th.jpg",
    "categories": ["international-fods"],
    "tags": ["asian-fod", "asian-condiments"],
    "locations": {
      "vic": {
        "price": 3.6,
        "promoText": "$0.90 ",
        "packageSize": "92g",
        "packagePrice": "$3.91 per 100G"
      }
    }
  },
  {
    "id": "five-tastes-paste-thai-red-curry",
    "brand": "Five Tastes",
    "name": "Thai Red Curry Paste",
    "imageUrl": "https://shop.coles.com.au/wcsstore/Coles-CAS/images/1/3/3/1335117-th.jpg",
    "categories": ["international-fods"],
    "tags": ["asian-fod", "asian-condiments"],
    "locations": {
      "vic": {
        "price": 3,
        "promoText": "Was $3.80 on Oct 2018 ",
        "packageSize": "210g",
        "packagePrice": "$1.43 per 100G"
      }
    }
  },
  {
    "id": "kewpie-japanese-roasted-sesame-dressing",
    "brand": "Kewpie Japanese Dressing",
    "name": "Roasted Sesame",
    "imageUrl": "https://shop.coles.com.au/wcsstore/Coles-CAS/images/2/0/0/2000544-th.jpg",
    "categories": ["international-fods"],
    "tags": ["asian-fod", "asian-condiments"],
    "locations": {
      "vic": {
        "price": 4.6,
        "promoText": " ",
        "packageSize": "210mL",
        "packagePrice": "$2.19 per 100mL"
      }
    }
  },
  {
    "id": "kewpie-sesame-soy-sauce-japanese-dressing",
    "brand": "Kewpie Japanese Dressing",
    "name": "Sesame Soy Sauce",
    "imageUrl": "https://shop.coles.com.au/wcsstore/Coles-CAS/images/2/0/0/2000555-th.jpg",
    "categories": ["international-fods"],
    "tags": ["asian-fod", "asian-condiments"],
    "locations": {
      "vic": {
        "price": 4.6,
        "promoText": " ",
        "packageSize": "210mL",
        "packagePrice": "$2.19 per 100mL"
      }
    }
  },
  {
    "id": "lee-kum-kee-sauce-sweet-sour",
    "brand": "Lee Kum Kee",
    "name": "Sweet & Sour Sauce",
    "imageUrl": "https://shop.coles.com.au/wcsstore/Coles-CAS/images/5/8/5/5856010-th.jpg",
    "categories": ["international-fods"],
    "tags": ["asian-fod", "asian-condiments"],
    "locations": {
      "vic": {
        "price": 3.4,
        "promoText": " ",
        "packageSize": "240g",
        "packagePrice": "$1.42 per 100G"
      }
    }
  },
  {
    "id": "obento-mirin-seasoning-3743759p",
    "brand": "Obento",
    "name": "Mirin Seasoning",
    "imageUrl": "https://shop.coles.com.au/wcsstore/Coles-CAS/images/3/7/4/3743759-th.jpg",
    "categories": ["international-fods"],
    "tags": ["asian-fod", "asian-condiments"],
    "locations": {
      "vic": {
        "price": 3.8,
        "promoText": " ",
        "packageSize": "250mL",
        "packagePrice": "$1.52 per 100mL"
      }
    }
  },
  {
    "id": "ottogi-korean-bbq-bulgogi-sauce",
    "brand": "Ottogi",
    "name": "Korean BBQ Bulgogi Sauce",
    "imageUrl": "https://shop.coles.com.au/wcsstore/Coles-CAS/images/3/7/3/3737268-th.jpg",
    "categories": ["international-fods"],
    "tags": ["asian-fod", "asian-condiments"],
    "locations": {
      "vic": {
        "price": 3.5,
        "promoText": " ",
        "packageSize": "240g",
        "packagePrice": "$1.46 per 100G"
      }
    }
  },
  {
    "id": "sharwod-s-japanese-katsu-curry-pouch",
    "brand": "Sharwood's",
    "name": "Japanese Katsu Curry Pouch",
    "imageUrl": "https://shop.coles.com.au/wcsstore/Coles-CAS/images/3/7/3/3730203-th.jpg",
    "categories": ["international-fods"],
    "tags": ["asian-fod", "asian-condiments"],
    "locations": {
      "vic": {
        "price": 3.5,
        "promoText": " ",
        "packageSize": "250g",
        "packagePrice": "$1.40 per 100G"
      }
    }
  },
  {
    "id": "valcom-paste-red-curry",
    "brand": "Valcom",
    "name": "Red Curry Paste",
    "imageUrl": "https://shop.coles.com.au/wcsstore/Coles-CAS/images/6/8/2/6823151-th.jpg",
    "categories": ["international-fods"],
    "tags": ["asian-fod", "asian-condiments"],
    "locations": {
      "vic": {
        "price": 4,
        "promoText": " ",
        "packageSize": "210g",
        "packagePrice": "$1.90 per 100G"
      }
    }
  },
  {
    "id": "yeos-oil-sesame-5077283p",
    "brand": "Yeo's",
    "name": "Oil Sesame",
    "imageUrl": "https://shop.coles.com.au/wcsstore/Coles-CAS/images/5/0/7/5077283-th.jpg",
    "categories": ["international-fods"],
    "tags": ["asian-fod", "asian-condiments"],
    "locations": {
      "vic": {
        "price": 3.15,
        "promoText": " ",
        "packageSize": "150mL",
        "packagePrice": "$2.10 per 100mL"
      }
    }
  },
  {
    "id": "abc-sauce-chilli-sambal-asli",
    "brand": "ABC",
    "name": "Original Chilli Sauce",
    "imageUrl": "https://shop.coles.com.au/wcsstore/Coles-CAS/images/5/4/2/5422202-th.jpg",
    "categories": ["international-fods"],
    "tags": ["asian-fod", "asian-condiments"],
    "locations": {
      "vic": {
        "price": 2,
        "promoText": "$0.75 ",
        "packageSize": "335mL",
        "packagePrice": "$0.60 per 100mL"
      }
    }
  },
  {
    "id": "ayam-malaysian-nyonya-curry-paste-6801104p",
    "brand": "Ayam",
    "name": "Malaysian Nyonya Curry Paste",
    "imageUrl": "https://shop.coles.com.au/wcsstore/Coles-CAS/images/6/8/0/6801104-th.jpg",
    "categories": ["international-fods"],
    "tags": ["asian-fod", "asian-condiments"],
    "locations": {
      "vic": {
        "price": 3.3,
        "promoText": " ",
        "packageSize": "185g",
        "packagePrice": "$1.78 per 100G"
      }
    }
  },
  {
    "id": "changs-dressing-oriental-noodle-salad",
    "brand": "Chang's",
    "name": "Crispy Noodle Salad Dressing",
    "imageUrl": "https://shop.coles.com.au/wcsstore/Coles-CAS/images/6/8/0/6803642-th.jpg",
    "categories": ["international-fods"],
    "tags": ["asian-fod", "asian-condiments"],
    "locations": {
      "vic": {
        "price": 2.8,
        "promoText": " ",
        "packageSize": "280mL",
        "packagePrice": "$1.00 per 100mL"
      }
    }
  },
  {
    "id": "coles-asia-sesame-oil",
    "brand": "Coles",
    "name": "Asia Sesame Oil",
    "imageUrl": "https://shop.coles.com.au/wcsstore/Coles-CAS/images/3/7/3/3735615-th.jpg",
    "categories": ["international-fods"],
    "tags": ["asian-fod", "asian-condiments"],
    "locations": {
      "vic": {
        "price": 6,
        "promoText": " ",
        "packageSize": "370mL",
        "packagePrice": "$1.62 per 100mL"
      }
    }
  },
  {
    "id": "kewpie-mayonnaise",
    "brand": "Kewpie",
    "name": "Mayonnaise",
    "imageUrl": "https://shop.coles.com.au/wcsstore/Coles-CAS/images/7/6/5/7651539-th.jpg",
    "categories": ["international-fods"],
    "tags": ["asian-fod", "asian-condiments"],
    "locations": {
      "vic": {
        "price": 7,
        "promoText": " ",
        "packageSize": "500g",
        "packagePrice": "$1.40 per 100G"
      }
    }
  },
  {
    "id": "lee-kum-kee-ready-sauce-honey-soy-chicken",
    "brand": "Lee Kum Kee",
    "name": "Honey & Soy Chicken Stir Fry Sauce",
    "imageUrl": "https://shop.coles.com.au/wcsstore/Coles-CAS/images/8/7/7/8774319-th.jpg",
    "categories": ["international-fods"],
    "tags": ["asian-fod", "asian-condiments"],
    "locations": {
      "vic": {
        "price": 2.2,
        "promoText": " ",
        "packageSize": "120g",
        "packagePrice": "$1.83 per 100G"
      }
    }
  },
  {
    "id": "mae-ploy-sauce-chilli-sweet",
    "brand": "Mae Ploy",
    "name": "Sweet Chilli Sauce",
    "imageUrl": "https://shop.coles.com.au/wcsstore/Coles-CAS/images/5/3/0/5305093-th.jpg",
    "categories": ["international-fods"],
    "tags": ["asian-fod", "asian-condiments"],
    "locations": {
      "vic": {
        "price": 2.3,
        "promoText": "$0.60 ",
        "packageSize": "280mL",
        "packagePrice": "$0.82 per 100mL"
      }
    }
  },
  {
    "id": "squid-sauce-fish",
    "brand": "Squid",
    "name": "Fish Sauce",
    "imageUrl": "https://shop.coles.com.au/wcsstore/Coles-CAS/images/5/4/2/5420998-th.jpg",
    "categories": ["international-fods"],
    "tags": ["asian-fod", "asian-condiments"],
    "locations": {
      "vic": {
        "price": 2,
        "promoText": " ",
        "packageSize": "300mL",
        "packagePrice": "$0.67 per 100mL"
      }
    }
  },
  {
    "id": "valcom-lemon-grass",
    "brand": "Valcom",
    "name": "Lemongrass",
    "imageUrl": "https://shop.coles.com.au/wcsstore/Coles-CAS/images/6/8/2/6823322-th.jpg",
    "categories": ["international-fods"],
    "tags": ["asian-fod", "asian-condiments"],
    "locations": {
      "vic": {
        "price": 2.85,
        "promoText": " ",
        "packageSize": "100g",
        "packagePrice": "$0.29 per 10G"
      }
    }
  },
  {
    "id": "valcom-paste-yellow-curry",
    "brand": "Valcom",
    "name": "Yellow Curry Paste",
    "imageUrl": "https://shop.coles.com.au/wcsstore/Coles-CAS/images/6/8/0/6803020-th.jpg",
    "categories": ["international-fods"],
    "tags": ["asian-fod", "asian-condiments"],
    "locations": {
      "vic": {
        "price": 4,
        "promoText": " ",
        "packageSize": "230g",
        "packagePrice": "$1.74 per 100G"
      }
    }
  },
  {
    "id": "valcom-lime-leaves-kaffir",
    "brand": "Valcom",
    "name": "Kaffir Lime Leaves",
    "imageUrl": "https://shop.coles.com.au/wcsstore/Coles-CAS/images/9/4/3/9435079-th.jpg",
    "categories": ["international-fods"],
    "tags": ["asian-fod", "asian-condiments"],
    "locations": {
      "vic": {
        "price": 2.85,
        "promoText": " ",
        "packageSize": "100g",
        "packagePrice": "$28.50 per 1Kg"
      }
    }
  },
  {
    "id": "abc-sauce-chilli-hot",
    "brand": "ABC",
    "name": "Extra Hot Chilli Sauce",
    "imageUrl": "https://shop.coles.com.au/wcsstore/Coles-CAS/images/5/4/2/5422199-th.jpg",
    "categories": ["international-fods"],
    "tags": ["asian-fod", "asian-condiments"],
    "locations": {
      "vic": {
        "price": 2,
        "promoText": "$0.75 ",
        "packageSize": "335mL",
        "packagePrice": "$0.60 per 100mL"
      }
    }
  },
  {
    "id": "ayam-sauce-teriyaki",
    "brand": "Ayam",
    "name": "Teriyaki Sauce",
    "imageUrl": "https://shop.coles.com.au/wcsstore/Coles-CAS/images/6/0/8/6082835-th.jpg",
    "categories": ["international-fods"],
    "tags": ["asian-fod", "asian-condiments"],
    "locations": {
      "vic": {
        "price": 3.2,
        "promoText": " ",
        "packageSize": "210mL",
        "packagePrice": "$1.52 per 100mL"
      }
    }
  },
  {
    "id": "ayam-thai-yellow-curry-paste",
    "brand": "Ayam",
    "name": "Thai Yellow Curry Paste Mild",
    "imageUrl": "https://shop.coles.com.au/wcsstore/Coles-CAS/images/2/0/0/2001423-th.jpg",
    "categories": ["international-fods"],
    "tags": ["asian-fod", "asian-condiments"],
    "locations": {
      "vic": {
        "price": 3.3,
        "promoText": " ",
        "packageSize": "185g",
        "packagePrice": "$1.78 per 100G"
      }
    }
  },
  {
    "id": "ayam-vegetarian-oyster-sauce",
    "brand": "Ayam",
    "name": "Vegetarian Oyster Sauce",
    "imageUrl": "https://shop.coles.com.au/wcsstore/Coles-CAS/images/3/7/5/3755260-th.jpg",
    "categories": ["international-fods"],
    "tags": ["asian-fod", "asian-condiments"],
    "locations": {
      "vic": {
        "price": 3.2,
        "promoText": " ",
        "packageSize": "210mL",
        "packagePrice": "$1.52 per 100mL"
      }
    }
  },
  {
    "id": "dragon-glutinous-rice",
    "brand": "Dragon",
    "name": "Glutinous Rice",
    "imageUrl": "https://shop.coles.com.au/wcsstore/Coles-CAS/images/3/7/3/3736935-th.jpg",
    "categories": ["international-fods"],
    "tags": ["asian-fod", "asian-condiments"],
    "locations": {
      "vic": {
        "price": 5,
        "promoText": " ",
        "packageSize": "1kg",
        "packagePrice": "$5.00 per 1Kg"
      }
    }
  },
  {
    "id": "erawan-flour-rice-glutinous",
    "brand": "Erawan",
    "name": "Glutinous Rice Flour",
    "imageUrl": "https://shop.coles.com.au/wcsstore/Coles-CAS/images/5/2/5/5252463-th.jpg",
    "categories": ["international-fods"],
    "tags": ["asian-fod", "asian-condiments"],
    "locations": {
      "vic": {
        "price": 1.55,
        "promoText": " ",
        "packageSize": "500g",
        "packagePrice": "$3.10 per 1Kg"
      }
    }
  },
  {
    "id": "kantong--thai-green-curry-paste",
    "brand": "Kan Tong Thai",
    "name": "Green Curry Paste",
    "imageUrl": "https://shop.coles.com.au/wcsstore/Coles-CAS/images/2/3/5/2352428-th.jpg",
    "categories": ["international-fods"],
    "tags": ["asian-fod", "asian-condiments"],
    "locations": {
      "vic": {
        "price": 4,
        "promoText": "Any 2 $6",
        "packageSize": "250g",
        "packagePrice": "$1.60 per 100G"
      }
    }
  },
  {
    "id": "laoganma-chilli-oil-black-bean",
    "brand": "Laoganma",
    "name": "Chilli Oil Black Bean",
    "imageUrl": "https://shop.coles.com.au/wcsstore/Coles-CAS/images/3/7/3/3739729-th.jpg",
    "categories": ["international-fods"],
    "tags": ["asian-fod", "asian-condiments"],
    "locations": {
      "vic": {
        "price": 3,
        "promoText": " ",
        "packageSize": "210g",
        "packagePrice": "$1.43 per 100G"
      }
    }
  },
  {
    "id": "lee-kum-kee-sauce-soy-9434688p",
    "brand": "Lee Kum Kee",
    "name": "Soy Sauce",
    "imageUrl": "https://shop.coles.com.au/wcsstore/Coles-CAS/images/9/4/3/9434688-th.jpg",
    "categories": ["international-fods"],
    "tags": ["asian-fod", "asian-condiments"],
    "locations": {
      "vic": {
        "price": 2,
        "promoText": "$0.60 ",
        "packageSize": "150mL",
        "packagePrice": "$1.33 per 100mL"
      }
    }
  },
  {
    "id": "s-b-curry-golden-mild",
    "brand": "S & B",
    "name": "Golden Curry Mild Curry Sauce Mix",
    "imageUrl": "https://shop.coles.com.au/wcsstore/Coles-CAS/images/5/8/0/5800026-th.jpg",
    "categories": ["international-fods"],
    "tags": ["asian-fod", "asian-condiments"],
    "locations": {
      "vic": {
        "price": 3.6,
        "promoText": "$0.90 ",
        "packageSize": "92g",
        "packagePrice": "$3.91 per 100G"
      }
    }
  },
  {
    "id": "s-b-paste-wasabi-horseradish",
    "brand": "S & B",
    "name": "Wasabi Paste",
    "imageUrl": "https://shop.coles.com.au/wcsstore/Coles-CAS/images/5/7/4/57460-th.jpg",
    "categories": ["international-fods"],
    "tags": ["asian-fod", "asian-condiments"],
    "locations": {
      "vic": {
        "price": 2.34,
        "promoText": "$0.66 ",
        "packageSize": "43g",
        "packagePrice": "$5.44 per 100G"
      }
    }
  },
  {
    "id": "valcom-rice-paper-22cm",
    "brand": "Valcom",
    "name": "Rice Paper",
    "imageUrl": "https://shop.coles.com.au/wcsstore/Coles-CAS/images/9/9/1/9919905-th.jpg",
    "categories": ["international-fods"],
    "tags": ["asian-fod", "asian-condiments"],
    "locations": {
      "vic": {
        "price": 2.45,
        "promoText": " ",
        "packageSize": "250g",
        "packagePrice": "$0.98 per 100G"
      }
    }
  },
  {
    "id": "wing-hong-sausage-pork",
    "brand": "Wing Hong",
    "name": "Pork Sausage",
    "imageUrl": "https://shop.coles.com.au/wcsstore/Coles-CAS/images/9/7/4/9743784-th.jpg",
    "categories": ["international-fods"],
    "tags": ["asian-fod", "asian-condiments"],
    "locations": {
      "vic": {
        "price": 8,
        "promoText": " ",
        "packageSize": "175g",
        "packagePrice": "$45.72 per 1Kg"
      }
    }
  },
  {
    "id": "ayam-paste-thai-red-curry",
    "brand": "Ayam",
    "name": "Thai Red Curry Paste",
    "imageUrl": "https://shop.coles.com.au/wcsstore/Coles-CAS/images/6/8/0/6801057-th.jpg",
    "categories": ["international-fods"],
    "tags": ["asian-fod", "asian-condiments"],
    "locations": {
      "vic": {
        "price": 3.3,
        "promoText": " ",
        "packageSize": "195g",
        "packagePrice": "$1.69 per 100G"
      }
    }
  },
  {
    "id": "ayam-sauce-mild-satay",
    "brand": "Ayam",
    "name": "Satay Sauce Canned Mild",
    "imageUrl": "https://shop.coles.com.au/wcsstore/Coles-CAS/images/6/0/8/6084499-th.jpg",
    "categories": ["international-fods"],
    "tags": ["asian-fod", "asian-condiments"],
    "locations": {
      "vic": {
        "price": 3.3,
        "promoText": " ",
        "packageSize": "250mL",
        "packagePrice": "$1.32 per 100mL"
      }
    }
  },
  {
    "id": "ayam-sauce-hoi-sin",
    "brand": "Ayam",
    "name": "Hoi Sin Sauce",
    "imageUrl": "https://shop.coles.com.au/wcsstore/Coles-CAS/images/4/8/0/480530-th.jpg",
    "categories": ["international-fods"],
    "tags": ["asian-fod", "asian-condiments"],
    "locations": {
      "vic": {
        "price": 3.2,
        "promoText": " ",
        "packageSize": "210mL",
        "packagePrice": "$1.52 per 100mL"
      }
    }
  },
  {
    "id": "ayam-regular-coconut-cream",
    "brand": "Ayam",
    "name": "Regular Coconut Cream",
    "imageUrl": "https://shop.coles.com.au/wcsstore/Coles-CAS/images/3/7/5/3753559-th.jpg",
    "categories": ["international-fods"],
    "tags": ["asian-fod", "asian-condiments"],
    "locations": {
      "vic": {
        "price": 3.5,
        "promoText": " ",
        "packageSize": "400mL",
        "packagePrice": "$0.88 per 100mL"
      }
    }
  },
  {
    "id": "coles-brand-panko-crumbs",
    "brand": "Coles",
    "name": "Asia Panko Crumbs",
    "imageUrl": "https://shop.coles.com.au/wcsstore/Coles-CAS/images/3/7/3/3735670-th.jpg",
    "categories": ["international-fods"],
    "tags": ["asian-fod", "asian-condiments"],
    "locations": {
      "vic": {
        "price": 2,
        "promoText": " ",
        "packageSize": "250g",
        "packagePrice": "$0.80 per 100G"
      }
    }
  },
  {
    "id": "double-phoenix-crackers-red-prawn",
    "brand": "Double Phoenix",
    "name": "Red Prawn Crackers",
    "imageUrl": "https://shop.coles.com.au/wcsstore/Coles-CAS/images/5/4/8/5487467-th.jpg",
    "categories": ["international-fods"],
    "tags": ["asian-fod", "asian-condiments"],
    "locations": {
      "vic": {
        "price": 1.65,
        "promoText": " ",
        "packageSize": "200g",
        "packagePrice": "$0.83 per 100G"
      }
    }
  },
  {
    "id": "hengshun-vinegar-chinkiang",
    "brand": "Hengshun",
    "name": "Chinkiang Vinegar",
    "imageUrl": "https://shop.coles.com.au/wcsstore/Coles-CAS/images/6/0/6/6069178-th.jpg",
    "categories": ["international-fods"],
    "tags": ["asian-fod", "asian-condiments"],
    "locations": {
      "vic": {
        "price": 2,
        "promoText": " ",
        "packageSize": "550mL",
        "packagePrice": "$0.36 per 100mL"
      }
    }
  },
  {
    "id": "jennys-tamarind-seedless",
    "brand": "Jeeny's",
    "name": "Tamarind Puree",
    "imageUrl": "https://shop.coles.com.au/wcsstore/Coles-CAS/images/9/4/3/9434622-th.jpg",
    "categories": ["international-fods"],
    "tags": ["asian-fod", "asian-condiments"],
    "locations": {
      "vic": {
        "price": 5.2,
        "promoText": " ",
        "packageSize": "220g",
        "packagePrice": "$2.36 per 100G"
      }
    }
  },
  {
    "id": "kantong-satay-chicken-meal-base",
    "brand": "Kan Tong Satay",
    "name": "Chicken Paste",
    "imageUrl": "https://shop.coles.com.au/wcsstore/Coles-CAS/images/2/3/5/2352461-th.jpg",
    "categories": ["international-fods"],
    "tags": ["asian-fod", "asian-condiments"],
    "locations": {
      "vic": {
        "price": 2.9,
        "promoText": "Any 2 $5",
        "packageSize": "180g",
        "packagePrice": "$1.61 per 100G"
      }
    }
  },
  {
    "id": "kantong--sticky-chicken-honey-soy-garlic-sauce",
    "brand": "Kan Tong Sticky Chicken",
    "name": "Soy Honey & Garlic Sauce",
    "imageUrl": "https://shop.coles.com.au/wcsstore/Coles-CAS/images/2/3/5/2352541-th.jpg",
    "categories": ["international-fods"],
    "tags": ["asian-fod", "asian-condiments"],
    "locations": {
      "vic": {
        "price": 2.9,
        "promoText": " ",
        "packageSize": "175g",
        "packagePrice": "$1.66 per 100G"
      }
    }
  },
  {
    "id": "laoganma-chilli-sauce-chicken",
    "brand": "Laoganma",
    "name": "Chilli Sauce With Diced Chicken",
    "imageUrl": "https://shop.coles.com.au/wcsstore/Coles-CAS/images/3/7/3/3739718-th.jpg",
    "categories": ["international-fods"],
    "tags": ["asian-fod", "asian-condiments"],
    "locations": {
      "vic": {
        "price": 4,
        "promoText": " ",
        "packageSize": "210g",
        "packagePrice": "$1.90 per 100G"
      }
    }
  },
  {
    "id": "lee-kum-kee-sauce-coconut-curry-vegetable-ready",
    "brand": "Lee Kum Kee",
    "name": "Coconut Curry Vegetable Stir Fry Sauce Pouch",
    "imageUrl": "https://shop.coles.com.au/wcsstore/Coles-CAS/images/6/8/0/6803799-th.jpg",
    "categories": ["international-fods"],
    "tags": ["asian-fod", "asian-condiments"],
    "locations": {
      "vic": {
        "price": 2.2,
        "promoText": " ",
        "packageSize": "110g",
        "packagePrice": "$2.00 per 100G"
      }
    }
  },
  {
    "id": "lee-kum-kee-sauce-oyster-panda",
    "brand": "Lee Kum Kee",
    "name": "Panda Brand Oyster Sauce",
    "imageUrl": "https://shop.coles.com.au/wcsstore/Coles-CAS/images/5/9/9/5991015-th.jpg",
    "categories": ["international-fods"],
    "tags": ["asian-fod", "asian-condiments"],
    "locations": {
      "vic": {
        "price": 4.75,
        "promoText": " ",
        "packageSize": "510g",
        "packagePrice": "$0.93 per 100G"
      }
    }
  },
  {
    "id": "lee-kum-kee-sauce-oyster-panda-5873664p",
    "brand": "Lee Kum Kee",
    "name": "Panda Brand Oyster Sauce",
    "imageUrl": "https://shop.coles.com.au/wcsstore/Coles-CAS/images/5/8/7/5873664-th.jpg",
    "categories": ["international-fods"],
    "tags": ["asian-fod", "asian-condiments"],
    "locations": {
      "vic": {
        "price": 2,
        "promoText": "$1.30 ",
        "packageSize": "255g",
        "packagePrice": "$0.78 per 100G"
      }
    }
  },
  {
    "id": "lee-kum-kee-oil-sesame",
    "brand": "Lee Kum Kee",
    "name": "Pure Sesame Oil",
    "imageUrl": "https://shop.coles.com.au/wcsstore/Coles-CAS/images/5/2/5/5253116-th.jpg",
    "categories": ["international-fods"],
    "tags": ["asian-fod", "asian-condiments"],
    "locations": {
      "vic": {
        "price": 5.3,
        "promoText": " ",
        "packageSize": "207mL",
        "packagePrice": "$2.56 per 100mL"
      }
    }
  },
  {
    "id": "le-kum-ke-premium-dark-soy-sauce",
    "brand": "Lee Kum Kee",
    "name": "Premium Dark Soy Sauce",
    "imageUrl": "https://shop.coles.com.au/wcsstore/Coles-CAS/images/3/7/3/3737020-th.jpg",
    "categories": ["international-fods"],
    "tags": ["asian-fod", "asian-condiments"],
    "locations": {
      "vic": {
        "price": 3.5,
        "promoText": " ",
        "packageSize": "250mL",
        "packagePrice": "$1.40 per 100mL"
      }
    }
  },
  {
    "id": "le-kum-ke-stir-fry-teriyaki-sauce-3737075p",
    "brand": "Lee Kum Kee",
    "name": "Teriyaki Stir Fry Sauce",
    "imageUrl": "https://shop.coles.com.au/wcsstore/Coles-CAS/images/3/7/3/3737075-th.jpg",
    "categories": ["international-fods"],
    "tags": ["asian-fod", "asian-condiments"],
    "locations": {
      "vic": {
        "price": 3.8,
        "promoText": " ",
        "packageSize": "250g",
        "packagePrice": "$1.52 per 100G"
      }
    }
  },
  {
    "id": "marions-kitchen-kit-thai-green-curry",
    "brand": "Marion's Kitchen",
    "name": "Thai Green Curry Cooking Kit",
    "imageUrl": "https://shop.coles.com.au/wcsstore/Coles-CAS/images/8/6/4/8643300-th.jpg",
    "categories": ["international-fods"],
    "tags": ["asian-fod", "asian-condiments"],
    "locations": {
      "vic": {
        "price": 7.45,
        "promoText": " ",
        "packageSize": "475g",
        "packagePrice": "$1.78 per 100G"
      }
    }
  },
  {
    "id": "obento-sushi-seasoning",
    "brand": "Obento",
    "name": "Sushi Seasoning",
    "imageUrl": "https://shop.coles.com.au/wcsstore/Coles-CAS/images/6/0/7/6070520-th.jpg",
    "categories": ["international-fods"],
    "tags": ["asian-fod", "asian-condiments"],
    "locations": {
      "vic": {
        "price": 2.64,
        "promoText": "$0.66 ",
        "packageSize": "250mL",
        "packagePrice": "$1.06 per 100mL"
      }
    }
  },
  {
    "id": "pandaroo-wine-chinese-cooking",
    "brand": "Pandaroo",
    "name": "Chinese Cooking Wine",
    "imageUrl": "https://shop.coles.com.au/wcsstore/Coles-CAS/images/6/7/9/6799829-th.jpg",
    "categories": ["international-fods"],
    "tags": ["asian-fod", "asian-condiments"],
    "locations": {
      "vic": {
        "price": 3.3,
        "promoText": " ",
        "packageSize": "375mL",
        "packagePrice": "$0.88 per 100mL"
      }
    }
  },
  {
    "id": "pandaro-swet-condensed-coconut-milk",
    "brand": "Pandaroo",
    "name": "Sweet Condensed Coconut Milk",
    "imageUrl": "https://shop.coles.com.au/wcsstore/Coles-CAS/images/3/7/3/3739809-th.jpg",
    "categories": ["international-fods"],
    "tags": ["asian-fod", "asian-condiments"],
    "locations": {
      "vic": {
        "price": 5,
        "promoText": " ",
        "packageSize": "320g",
        "packagePrice": "$1.56 per 100G"
      }
    }
  },
  {
    "id": "passage-to-thailand-sauce-pad-thai",
    "brand": "Passage Foods",
    "name": "Passage to Asia Pad Thai Stir Fry Sauce Pouch",
    "imageUrl": "https://shop.coles.com.au/wcsstore/Coles-CAS/images/6/7/9/6799942-th.jpg",
    "categories": ["international-fods"],
    "tags": ["asian-fod", "asian-condiments"],
    "locations": {
      "vic": {
        "price": 2.5,
        "promoText": " ",
        "packageSize": "200g",
        "packagePrice": "$1.25 per 100G"
      }
    }
  },
  {
    "id": "passage-to-japan-sauce-teriyaki-chicken",
    "brand": "Passage Foods",
    "name": "Passage to Japan Chicken Teriyaki Sauce",
    "imageUrl": "https://shop.coles.com.au/wcsstore/Coles-CAS/images/8/7/6/8766220-th.jpg",
    "categories": ["international-fods"],
    "tags": ["asian-fod", "asian-condiments"],
    "locations": {
      "vic": {
        "price": 2.5,
        "promoText": " ",
        "packageSize": "200g",
        "packagePrice": "$1.25 per 100G"
      }
    }
  },
  {
    "id": "passage-to-asia-hoisin-garlic-stir-fry-sauce",
    "brand": "Passage To Asia",
    "name": "Hoisin & Garlic Stir Fry Sauce",
    "imageUrl": "https://shop.coles.com.au/wcsstore/Coles-CAS/images/3/7/4/3746316-th.jpg",
    "categories": ["international-fods"],
    "tags": ["asian-fod", "asian-condiments"],
    "locations": {
      "vic": {
        "price": 2.5,
        "promoText": " ",
        "packageSize": "200g",
        "packagePrice": "$1.25 per 100G"
      }
    }
  },
  {
    "id": "valcom-paste-massaman-curry",
    "brand": "Valcom",
    "name": "Massaman Curry Paste",
    "imageUrl": "https://shop.coles.com.au/wcsstore/Coles-CAS/images/6/8/2/6823377-th.jpg",
    "categories": ["international-fods"],
    "tags": ["asian-fod", "asian-condiments"],
    "locations": {
      "vic": {
        "price": 4,
        "promoText": " ",
        "packageSize": "210g",
        "packagePrice": "$1.90 per 100G"
      }
    }
  },
  {
    "id": "valcom-tom-yum-paste",
    "brand": "Valcom",
    "name": "Tom Yum Paste",
    "imageUrl": "https://shop.coles.com.au/wcsstore/Coles-CAS/images/6/8/2/6823344-th.jpg",
    "categories": ["international-fods"],
    "tags": ["asian-fod", "asian-condiments"],
    "locations": {
      "vic": {
        "price": 4,
        "promoText": " ",
        "packageSize": "210g",
        "packagePrice": "$1.90 per 100G"
      }
    }
  },
  {
    "id": "ayam-cream-coconut-light",
    "brand": "Ayam",
    "name": "Premium Light Coconut Cream",
    "imageUrl": "https://shop.coles.com.au/wcsstore/Coles-CAS/images/6/1/6/6164805-th.jpg",
    "categories": ["international-fods"],
    "tags": ["asian-fod", "asian-condiments"],
    "locations": {
      "vic": {
        "price": 2.4,
        "promoText": " ",
        "packageSize": "270mL",
        "packagePrice": "$0.89 per 100mL"
      }
    }
  },
  {
    "id": "ayam-malaysian-paste-laksa-curry",
    "brand": "Ayam",
    "name": "Malaysian Laksa Soup Paste",
    "imageUrl": "https://shop.coles.com.au/wcsstore/Coles-CAS/images/6/8/0/6801115-th.jpg",
    "categories": ["international-fods"],
    "tags": ["asian-fod", "asian-condiments"],
    "locations": {
      "vic": {
        "price": 3.3,
        "promoText": " ",
        "packageSize": "185g",
        "packagePrice": "$1.78 per 100G"
      }
    }
  },
  {
    "id": "ayam-sauce-honey-soy",
    "brand": "Ayam",
    "name": "Honey & Soy Sauce",
    "imageUrl": "https://shop.coles.com.au/wcsstore/Coles-CAS/images/6/8/0/6801035-th.jpg",
    "categories": ["international-fods"],
    "tags": ["asian-fod", "asian-condiments"],
    "locations": {
      "vic": {
        "price": 3.2,
        "promoText": " ",
        "packageSize": "210mL",
        "packagePrice": "$1.52 per 100mL"
      }
    }
  },
  {
    "id": "ayam-sauce-oyster-480960p",
    "brand": "Ayam",
    "name": "Oyster Sauce",
    "imageUrl": "https://shop.coles.com.au/wcsstore/Coles-CAS/images/4/8/0/480960-th.jpg",
    "categories": ["international-fods"],
    "tags": ["asian-fod", "asian-condiments"],
    "locations": {
      "vic": {
        "price": 3.2,
        "promoText": " ",
        "packageSize": "210mL",
        "packagePrice": "$1.52 per 100mL"
      }
    }
  },
  {
    "id": "ayam-pure-black-sesame-oil",
    "brand": "Ayam",
    "name": "Pure Black Sesame Oil",
    "imageUrl": "https://shop.coles.com.au/wcsstore/Coles-CAS/images/3/7/5/3753661-th.jpg",
    "categories": ["international-fods"],
    "tags": ["asian-fod", "asian-condiments"],
    "locations": {
      "vic": {
        "price": 5.5,
        "promoText": " ",
        "packageSize": "210mL",
        "packagePrice": "$2.62 per 100mL"
      }
    }
  },
  {
    "id": "ayam-organic-coconut-cream",
    "brand": "Ayam",
    "name": "Organic Coconut Cream",
    "imageUrl": "https://shop.coles.com.au/wcsstore/Coles-CAS/images/3/7/5/3753708-th.jpg",
    "categories": ["international-fods"],
    "tags": ["asian-fod", "asian-condiments"],
    "locations": {
      "vic": {
        "price": 3,
        "promoText": " ",
        "packageSize": "400mL",
        "packagePrice": "$0.75 per 100mL"
      }
    }
  },
  {
    "id": "ayam-japanese-curry-paste",
    "brand": "Ayam",
    "name": "Japanese Curry Paste",
    "imageUrl": "https://shop.coles.com.au/wcsstore/Coles-CAS/images/3/7/5/3753650-th.jpg",
    "categories": ["international-fods"],
    "tags": ["asian-fod", "asian-condiments"],
    "locations": {
      "vic": {
        "price": 3.45,
        "promoText": " ",
        "packageSize": "185g",
        "packagePrice": "$1.86 per 100G"
      }
    }
  },
  {
    "id": "ayam-swet-sour-sauce-6801782p",
    "brand": "Ayam",
    "name": "Sweet & Sour Sauce",
    "imageUrl": "https://shop.coles.com.au/wcsstore/Coles-CAS/images/6/8/0/6801782-th.jpg",
    "categories": ["international-fods"],
    "tags": ["asian-fod", "asian-condiments"],
    "locations": {
      "vic": {
        "price": 3.2,
        "promoText": " ",
        "packageSize": "210mL",
        "packagePrice": "$1.52 per 100mL"
      }
    }
  },
  {
    "id": "double-phoenix-shao-xing-cooking-wine",
    "brand": "Double Phoenix",
    "name": "Chinese Cooking Wine",
    "imageUrl": "https://shop.coles.com.au/wcsstore/Coles-CAS/images/1/3/2/1323322-th.jpg",
    "categories": ["international-fods"],
    "tags": ["asian-fod", "asian-condiments"],
    "locations": {
      "vic": {
        "price": 1.5,
        "promoText": " ",
        "packageSize": "640mL",
        "packagePrice": "$0.23 per 100mL"
      }
    }
  },
  {
    "id": "five-tastes-paste-laksa",
    "brand": "Five Tastes",
    "name": "Laksa Paste Mild",
    "imageUrl": "https://shop.coles.com.au/wcsstore/Coles-CAS/images/1/3/3/1335128-th.jpg",
    "categories": ["international-fods"],
    "tags": ["asian-fod", "asian-condiments"],
    "locations": {
      "vic": {
        "price": 3,
        "promoText": "Was $3.80 on Oct 2018 ",
        "packageSize": "220g",
        "packagePrice": "$1.36 per 100G"
      }
    }
  },
  {
    "id": "jeenys-sugar-palm",
    "brand": "Jeeny's Palm",
    "name": "Flavoured Sugar",
    "imageUrl": "https://shop.coles.com.au/wcsstore/Coles-CAS/images/4/8/3/4839977-th.jpg",
    "categories": ["international-fods"],
    "tags": ["asian-fod", "asian-condiments"],
    "locations": {
      "vic": {
        "price": 2.6,
        "promoText": " ",
        "packageSize": "260g",
        "packagePrice": "$1.00 per 100G"
      }
    }
  },
  {
    "id": "kantong--thai-red-curry-paste",
    "brand": "Kan Tong Thai",
    "name": "Red Curry Paste",
    "imageUrl": "https://shop.coles.com.au/wcsstore/Coles-CAS/images/2/3/5/2352439-th.jpg",
    "categories": ["international-fods"],
    "tags": ["asian-fod", "asian-condiments"],
    "locations": {
      "vic": {
        "price": 4,
        "promoText": "Any 2 $6",
        "packageSize": "250g",
        "packagePrice": "$1.60 per 100G"
      }
    }
  },
  {
    "id": "kantong-thai-green-cury-meal-base",
    "brand": "Kan Tong Thai",
    "name": "Green Curry Paste",
    "imageUrl": "https://shop.coles.com.au/wcsstore/Coles-CAS/images/2/3/5/2352472-th.jpg",
    "categories": ["international-fods"],
    "tags": ["asian-fod", "asian-condiments"],
    "locations": {
      "vic": {
        "price": 2.9,
        "promoText": "Any 2 $5",
        "packageSize": "125g",
        "packagePrice": "$2.32 per 100G"
      }
    }
  },
  {
    "id": "kewpie-mayonnaise-sriracha",
    "brand": "Kewpie",
    "name": "Mayonnaise Sriracha",
    "imageUrl": "https://shop.coles.com.au/wcsstore/Coles-CAS/images/3/7/1/3716009-th.jpg",
    "categories": ["international-fods"],
    "tags": ["asian-fod", "asian-condiments"],
    "locations": {
      "vic": {
        "price": 4.7,
        "promoText": " ",
        "packageSize": "300g",
        "packagePrice": "$1.57 per 100G"
      }
    }
  },
  {
    "id": "kewpie-mayonnaise-50-reduced-fat-3736957p",
    "brand": "Kewpie",
    "name": "Mayonnaise 50% Reduced Fat",
    "imageUrl": "https://shop.coles.com.au/wcsstore/Coles-CAS/images/3/7/3/3736957-th.jpg",
    "categories": ["international-fods"],
    "tags": ["asian-fod", "asian-condiments"],
    "locations": {
      "vic": {
        "price": 4.7,
        "promoText": " ",
        "packageSize": "300g",
        "packagePrice": "$1.57 per 100G"
      }
    }
  },
  {
    "id": "lee-kum-kee-sauce-ready-cantonese-beef",
    "brand": "Lee Kum Kee",
    "name": "Cantonese Beef Stir Fry Sauce Pouch",
    "imageUrl": "https://shop.coles.com.au/wcsstore/Coles-CAS/images/8/7/7/8774363-th.jpg",
    "categories": ["international-fods"],
    "tags": ["asian-fod", "asian-condiments"],
    "locations": {
      "vic": {
        "price": 2.2,
        "promoText": " ",
        "packageSize": "100g",
        "packagePrice": "$2.20 per 100G"
      }
    }
  },
  {
    "id": "le-kum-ke-stir-fry-oyster-sauce-3737064p",
    "brand": "Lee Kum Kee",
    "name": "Oyster Stir Fry Sauce",
    "imageUrl": "https://shop.coles.com.au/wcsstore/Coles-CAS/images/3/7/3/3737064-th.jpg",
    "categories": ["international-fods"],
    "tags": ["asian-fod", "asian-condiments"],
    "locations": {
      "vic": {
        "price": 3.8,
        "promoText": " ",
        "packageSize": "255g",
        "packagePrice": "$1.49 per 100G"
      }
    }
  },
  {
    "id": "le-kum-ke-ready-sauce-san-choy-bao-3737042p",
    "brand": "Lee Kum Kee",
    "name": "Ready Sauce San Choy Bao",
    "imageUrl": "https://shop.coles.com.au/wcsstore/Coles-CAS/images/3/7/3/3737042-th.jpg",
    "categories": ["international-fods"],
    "tags": ["asian-fod", "asian-condiments"],
    "locations": {
      "vic": {
        "price": 2.2,
        "promoText": " ",
        "packageSize": "100g",
        "packagePrice": "$2.20 per 100G"
      }
    }
  },
  {
    "id": "marions-kitchen-kit-thai-red-curry",
    "brand": "Marion's Kitchen",
    "name": "Thai Red Curry Cooking Kit",
    "imageUrl": "https://shop.coles.com.au/wcsstore/Coles-CAS/images/8/6/4/8643365-th.jpg",
    "categories": ["international-fods"],
    "tags": ["asian-fod", "asian-condiments"],
    "locations": {
      "vic": {
        "price": 7.45,
        "promoText": " ",
        "packageSize": "450g",
        "packagePrice": "$1.89 per 100G"
      }
    }
  },
  {
    "id": "mr-chen-s-malaysian-curry-laksa-kit",
    "brand": "Mr Chen's",
    "name": "Malaysian Curry Laksa Kit",
    "imageUrl": "https://shop.coles.com.au/wcsstore/Coles-CAS/images/3/7/4/3740580-th.jpg",
    "categories": ["international-fods"],
    "tags": ["asian-fod", "asian-condiments"],
    "locations": {
      "vic": {
        "price": 7.5,
        "promoText": " ",
        "packageSize": "605g",
        "packagePrice": "$1.24 per 100G"
      }
    }
  },
  {
    "id": "mr-chen-s-japanese-ramen-kit",
    "brand": "Mr Chen's",
    "name": "Japanese Ramen Kit",
    "imageUrl": "https://shop.coles.com.au/wcsstore/Coles-CAS/images/3/7/4/3740568-th.jpg",
    "categories": ["international-fods"],
    "tags": ["asian-fod", "asian-condiments"],
    "locations": {
      "vic": {
        "price": 7.5,
        "promoText": " ",
        "packageSize": "640g",
        "packagePrice": "$1.17 per 100G"
      }
    }
  },
  {
    "id": "pandaro-rice-seasoning-seawed",
    "brand": "Pandaroo",
    "name": "Rice Seasoning Seaweed",
    "imageUrl": "https://shop.coles.com.au/wcsstore/Coles-CAS/images/3/7/3/3739762-th.jpg",
    "categories": ["international-fods"],
    "tags": ["asian-fod", "asian-condiments"],
    "locations": {
      "vic": {
        "price": 5,
        "promoText": " ",
        "packageSize": "50g",
        "packagePrice": "$10.00 per 100G"
      }
    }
  },
  {
    "id": "noodle-partners-char-kway-teow-stir-fry-sauce",
    "brand": "Passage Foods",
    "name": "Passage To Asia Satay Chicken Stir Fry Sauce",
    "imageUrl": "https://shop.coles.com.au/wcsstore/Coles-CAS/images/2/0/2/2020610-th.jpg",
    "categories": ["international-fods"],
    "tags": ["asian-fod", "asian-condiments"],
    "locations": {
      "vic": {
        "price": 2.5,
        "promoText": " ",
        "packageSize": "200g",
        "packagePrice": "$1.25 per 100G"
      }
    }
  },
  {
    "id": "s-b-curry-golden-hot",
    "brand": "S&B",
    "name": "Golden Curry Hot Sauce Mix",
    "imageUrl": "https://shop.coles.com.au/wcsstore/Coles-CAS/images/5/7/9/5799991-th.jpg",
    "categories": ["international-fods"],
    "tags": ["asian-fod", "asian-condiments"],
    "locations": {
      "vic": {
        "price": 3.95,
        "promoText": "$0.90 ",
        "packageSize": "92g",
        "packagePrice": "$4.29 per 100G"
      }
    }
  },
  {
    "id": "sharwod-s-malaysian-coconut-curry-asian-pouch",
    "brand": "Sharwood's",
    "name": "Malaysian Coconut Curry Asian Pouch",
    "imageUrl": "https://shop.coles.com.au/wcsstore/Coles-CAS/images/3/7/3/3730190-th.jpg",
    "categories": ["international-fods"],
    "tags": ["asian-fod", "asian-condiments"],
    "locations": {
      "vic": {
        "price": 3.5,
        "promoText": " ",
        "packageSize": "250g",
        "packagePrice": "$1.40 per 100G"
      }
    }
  },
  {
    "id": "sharwod-s-korean-bbq-asian-pouch",
    "brand": "Sharwood's",
    "name": "Korean BBQ Asian Pouch",
    "imageUrl": "https://shop.coles.com.au/wcsstore/Coles-CAS/images/3/7/3/3730189-th.jpg",
    "categories": ["international-fods"],
    "tags": ["asian-fod", "asian-condiments"],
    "locations": {
      "vic": {
        "price": 3.5,
        "promoText": " ",
        "packageSize": "250g",
        "packagePrice": "$1.40 per 100G"
      }
    }
  },
  {
    "id": "tcc-light-coconut-cream",
    "brand": "TCC",
    "name": "Light Coconut Cream",
    "imageUrl": "https://shop.coles.com.au/wcsstore/Coles-CAS/images/2/0/1/2017456-th.jpg",
    "categories": ["international-fods"],
    "tags": ["asian-fod", "asian-condiments"],
    "locations": {
      "vic": {
        "price": 2,
        "promoText": " ",
        "packageSize": "400mL",
        "packagePrice": "$0.50 per 100mL"
      }
    }
  },
  {
    "id": "the-spice-tailor-thai-gren-curry-3735852p",
    "brand": "The Spice Tailor",
    "name": "Thai Green Curry",
    "imageUrl": "https://shop.coles.com.au/wcsstore/Coles-CAS/images/3/7/3/3735852-th.jpg",
    "categories": ["international-fods"],
    "tags": ["asian-fod", "asian-condiments"],
    "locations": {
      "vic": {
        "price": 6,
        "promoText": " ",
        "packageSize": "275g",
        "packagePrice": "$2.18 per 100G"
      }
    }
  },
  {
    "id": "valcom-paste-panang-curry",
    "brand": "Valcom",
    "name": "Panaeng Curry Paste",
    "imageUrl": "https://shop.coles.com.au/wcsstore/Coles-CAS/images/6/8/2/6823683-th.jpg",
    "categories": ["international-fods"],
    "tags": ["asian-fod", "asian-condiments"],
    "locations": {
      "vic": {
        "price": 4,
        "promoText": " ",
        "packageSize": "210g",
        "packagePrice": "$1.90 per 100G"
      }
    }
  },
  {
    "id": "valcom-paste-laska-curry",
    "brand": "Valcom",
    "name": "Laksa Curry Paste",
    "imageUrl": "https://shop.coles.com.au/wcsstore/Coles-CAS/images/9/4/3/9434531-th.jpg",
    "categories": ["international-fods"],
    "tags": ["asian-fod", "asian-condiments"],
    "locations": {
      "vic": {
        "price": 4,
        "promoText": " ",
        "packageSize": "230g",
        "packagePrice": "$1.74 per 100G"
      }
    }
  },
  {
    "id": "valcom-paste-pad-thai",
    "brand": "Valcom",
    "name": "Pad Thai Paste",
    "imageUrl": "https://shop.coles.com.au/wcsstore/Coles-CAS/images/9/4/3/9434520-th.jpg",
    "categories": ["international-fods"],
    "tags": ["asian-fod", "asian-condiments"],
    "locations": {
      "vic": {
        "price": 4,
        "promoText": " ",
        "packageSize": "240g",
        "packagePrice": "$1.67 per 100G"
      }
    }
  },
  {
    "id": "abc-sauce-soy-sweet-5252565p",
    "brand": "ABC",
    "name": "Sweet Soy Sauce",
    "imageUrl": "https://shop.coles.com.au/wcsstore/Coles-CAS/images/5/2/5/5252565-th.jpg",
    "categories": ["international-fods"],
    "tags": ["asian-fod", "asian-condiments"],
    "locations": {
      "vic": {
        "price": 4.9,
        "promoText": " ",
        "packageSize": "620mL",
        "packagePrice": "$0.79 per 100mL"
      }
    }
  },
  {
    "id": "amoy-light-soy-sauce-3739048p",
    "brand": "Amoy",
    "name": "Light Soy Sauce",
    "imageUrl": "https://shop.coles.com.au/wcsstore/Coles-CAS/images/3/7/3/3739048-th.jpg",
    "categories": ["international-fods"],
    "tags": ["asian-fod", "asian-condiments"],
    "locations": {
      "vic": {
        "price": 3.85,
        "promoText": " ",
        "packageSize": "500mL",
        "packagePrice": "$0.77 per 100mL"
      }
    }
  },
  {
    "id": "amoy-dark-soy-sauce-3736855p",
    "brand": "Amoy",
    "name": "Dark Soy Sauce",
    "imageUrl": "https://shop.coles.com.au/wcsstore/Coles-CAS/images/3/7/3/3736855-th.jpg",
    "categories": ["international-fods"],
    "tags": ["asian-fod", "asian-condiments"],
    "locations": {
      "vic": {
        "price": 5.9,
        "promoText": " ",
        "packageSize": "500mL",
        "packagePrice": "$1.18 per 100mL"
      }
    }
  },
  {
    "id": "ayam-milk-coconut-powder",
    "brand": "Ayam",
    "name": "Premium Coconut Milk Powder 3 Pack",
    "imageUrl": "https://shop.coles.com.au/wcsstore/Coles-CAS/images/6/8/0/6801080-th.jpg",
    "categories": ["international-fods"],
    "tags": ["asian-fod", "asian-condiments"],
    "locations": {
      "vic": {
        "price": 3.3,
        "promoText": " ",
        "packageSize": "150g",
        "packagePrice": "$2.20 per 100G"
      }
    }
  },
  {
    "id": "ayam-sauce-soya-light",
    "brand": "Ayam",
    "name": "Light Soy Sauce",
    "imageUrl": "https://shop.coles.com.au/wcsstore/Coles-CAS/images/6/0/8/6086520-th.jpg",
    "categories": ["international-fods"],
    "tags": ["asian-fod", "asian-condiments"],
    "locations": {
      "vic": {
        "price": 3.2,
        "promoText": " ",
        "packageSize": "210mL",
        "packagePrice": "$1.52 per 100mL"
      }
    }
  },
  {
    "id": "ayam-sauce-sweet-chilli",
    "brand": "Ayam",
    "name": "Sweet Chilli Sauce",
    "imageUrl": "https://shop.coles.com.au/wcsstore/Coles-CAS/images/4/7/7/4777111-th.jpg",
    "categories": ["international-fods"],
    "tags": ["asian-fod", "asian-condiments"],
    "locations": {
      "vic": {
        "price": 3.3,
        "promoText": " ",
        "packageSize": "435mL",
        "packagePrice": "$0.76 per 100mL"
      }
    }
  },
  {
    "id": "ayam-sauce-plum",
    "brand": "Ayam",
    "name": "Plum Sauce",
    "imageUrl": "https://shop.coles.com.au/wcsstore/Coles-CAS/images/1/4/6/14639-th.jpg",
    "categories": ["international-fods"],
    "tags": ["asian-fod", "asian-condiments"],
    "locations": {
      "vic": {
        "price": 3.2,
        "promoText": " ",
        "packageSize": "210mL",
        "packagePrice": "$1.52 per 100mL"
      }
    }
  },
  {
    "id": "ayam-malaysian-rendang-curry-paste",
    "brand": "Ayam",
    "name": "Malaysian Rendang Curry Paste",
    "imageUrl": "https://shop.coles.com.au/wcsstore/Coles-CAS/images/2/0/0/2001398-th.jpg",
    "categories": ["international-fods"],
    "tags": ["asian-fod", "asian-condiments"],
    "locations": {
      "vic": {
        "price": 3.3,
        "promoText": " ",
        "packageSize": "185g",
        "packagePrice": "$1.78 per 100G"
      }
    }
  },
  {
    "id": "ayam-light-sweet-chilli-sauce",
    "brand": "Ayam",
    "name": "Thai Sweet Chilli Sauce Light",
    "imageUrl": "https://shop.coles.com.au/wcsstore/Coles-CAS/images/2/1/0/2107480-th.jpg",
    "categories": ["international-fods"],
    "tags": ["asian-fod", "asian-condiments"],
    "locations": {
      "vic": {
        "price": 2.3,
        "promoText": " ",
        "packageSize": "285mL",
        "packagePrice": "$0.81 per 100mL"
      }
    }
  },
  {
    "id": "ayam-thai-fried-rice-paste",
    "brand": "Ayam",
    "name": "Thai Fried Rice Paste",
    "imageUrl": "https://shop.coles.com.au/wcsstore/Coles-CAS/images/3/7/5/3753683-th.jpg",
    "categories": ["international-fods"],
    "tags": ["asian-fod", "asian-condiments"],
    "locations": {
      "vic": {
        "price": 3.3,
        "promoText": " ",
        "packageSize": "185g",
        "packagePrice": "$1.78 per 100G"
      }
    }
  },
  {
    "id": "ayam-gado-gado-peanut-sauce",
    "brand": "Ayam",
    "name": "Gado Gado Peanut Sauce",
    "imageUrl": "https://shop.coles.com.au/wcsstore/Coles-CAS/images/3/7/5/3753672-th.jpg",
    "categories": ["international-fods"],
    "tags": ["asian-fod", "asian-condiments"],
    "locations": {
      "vic": {
        "price": 3.3,
        "promoText": " ",
        "packageSize": "250mL",
        "packagePrice": "$1.32 per 100mL"
      }
    }
  },
  {
    "id": "ayam-organic-coconut-milk",
    "brand": "Ayam",
    "name": "Organic Coconut Milk",
    "imageUrl": "https://shop.coles.com.au/wcsstore/Coles-CAS/images/3/7/5/3753694-th.jpg",
    "categories": ["international-fods"],
    "tags": ["asian-fod", "asian-condiments"],
    "locations": {
      "vic": {
        "price": 3,
        "promoText": " ",
        "packageSize": "400mL",
        "packagePrice": "$0.75 per 100mL"
      }
    }
  },
  {
    "id": "ayam-mongolian-lamb-sauce",
    "brand": "Ayam",
    "name": "Mongolian Lamb Sauce",
    "imageUrl": "https://shop.coles.com.au/wcsstore/Coles-CAS/images/2/0/0/2001693-th.jpg",
    "categories": ["international-fods"],
    "tags": ["asian-fod", "asian-condiments"],
    "locations": {
      "vic": {
        "price": 3.2,
        "promoText": " ",
        "packageSize": "210mL",
        "packagePrice": "$1.52 per 100mL"
      }
    }
  },
  {
    "id": "ayam-lemon-chicken-sauce",
    "brand": "Ayam",
    "name": "Lemon Chicken Sauce",
    "imageUrl": "https://shop.coles.com.au/wcsstore/Coles-CAS/images/2/0/0/2001682-th.jpg",
    "categories": ["international-fods"],
    "tags": ["asian-fod", "asian-condiments"],
    "locations": {
      "vic": {
        "price": 3.2,
        "promoText": " ",
        "packageSize": "210mL",
        "packagePrice": "$1.52 per 100mL"
      }
    }
  },
  {
    "id": "ayam-hainanese-chicken-rice-paste",
    "brand": "Ayam",
    "name": "Hainanese Chicken Rice Paste",
    "imageUrl": "https://shop.coles.com.au/wcsstore/Coles-CAS/images/2/0/0/2001412-th.jpg",
    "categories": ["international-fods"],
    "tags": ["asian-fod", "asian-condiments"],
    "locations": {
      "vic": {
        "price": 3.3,
        "promoText": " ",
        "packageSize": "185g",
        "packagePrice": "$1.78 per 100G"
      }
    }
  },
  {
    "id": "ayam-san-choy-bao-sauce",
    "brand": "Ayam",
    "name": "San Choy Bao Sauce",
    "imageUrl": "https://shop.coles.com.au/wcsstore/Coles-CAS/images/2/0/0/2001707-th.jpg",
    "categories": ["international-fods"],
    "tags": ["asian-fod", "asian-condiments"],
    "locations": {
      "vic": {
        "price": 3.2,
        "promoText": " ",
        "packageSize": "210mL",
        "packagePrice": "$1.52 per 100mL"
      }
    }
  },
  {
    "id": "ayam-hawker-market-char-kway-teow-sauce",
    "brand": "Ayam",
    "name": "Hawker Market Malaysian Char Kway Teow Sauce",
    "imageUrl": "https://shop.coles.com.au/wcsstore/Coles-CAS/images/3/7/5/3753640-th.jpg",
    "categories": ["international-fods"],
    "tags": ["asian-fod", "asian-condiments"],
    "locations": {
      "vic": {
        "price": 3.5,
        "promoText": " ",
        "packageSize": "205g",
        "packagePrice": "$1.71 per 100G"
      }
    }
  },
  {
    "id": "ayam-hawker-market-thai-pad-se-ew-sauce",
    "brand": "Ayam",
    "name": "Hawker Market Thai Pad See Ew Sauce",
    "imageUrl": "https://shop.coles.com.au/wcsstore/Coles-CAS/images/3/7/5/3753628-th.jpg",
    "categories": ["international-fods"],
    "tags": ["asian-fod", "asian-condiments"],
    "locations": {
      "vic": {
        "price": 3.5,
        "promoText": " ",
        "packageSize": "205g",
        "packagePrice": "$1.71 per 100G"
      }
    }
  },
  {
    "id": "ayam-hawker-market-me-goreng-sauce",
    "brand": "Ayam",
    "name": "Hawker Market Indonesian Mee Goreng Sauce",
    "imageUrl": "https://shop.coles.com.au/wcsstore/Coles-CAS/images/3/7/5/3753639-th.jpg",
    "categories": ["international-fods"],
    "tags": ["asian-fod", "asian-condiments"],
    "locations": {
      "vic": {
        "price": 3.5,
        "promoText": " ",
        "packageSize": "205g",
        "packagePrice": "$1.71 per 100G"
      }
    }
  },
  {
    "id": "ayam-hawker-market-pad-thai-sauce",
    "brand": "Ayam",
    "name": "Hawker Market Pad Thai Sauce",
    "imageUrl": "https://shop.coles.com.au/wcsstore/Coles-CAS/images/3/7/5/3753570-th.jpg",
    "categories": ["international-fods"],
    "tags": ["asian-fod", "asian-condiments"],
    "locations": {
      "vic": {
        "price": 3.5,
        "promoText": " ",
        "packageSize": "205g",
        "packagePrice": "$1.71 per 100G"
      }
    }
  },
  {
    "id": "ayam-massaman-curry-paste-2001445p",
    "brand": "Ayam",
    "name": "Massaman Curry Paste",
    "imageUrl": "https://shop.coles.com.au/wcsstore/Coles-CAS/images/2/0/0/2001445-th.jpg",
    "categories": ["international-fods"],
    "tags": ["asian-fod", "asian-condiments"],
    "locations": {
      "vic": {
        "price": 3.3,
        "promoText": " ",
        "packageSize": "195g",
        "packagePrice": "$1.69 per 100G"
      }
    }
  },
  {
    "id": "chefs-world-coconut-cream",
    "brand": "Chefs World",
    "name": "Coconut Cream",
    "imageUrl": "https://shop.coles.com.au/wcsstore/Coles-CAS/images/3/7/9/3799651-th.jpg",
    "categories": ["international-fods"],
    "tags": ["asian-fod", "asian-condiments"],
    "locations": {
      "vic": {
        "price": 1.2,
        "promoText": " ",
        "packageSize": "400mL",
        "packagePrice": "$0.30 per 100mL"
      }
    }
  },
  {
    "id": "coles-asia-soy-sauce",
    "brand": "Coles",
    "name": "Asia Soy Sauce",
    "imageUrl": "https://shop.coles.com.au/wcsstore/Coles-CAS/images/3/7/2/3725203-th.jpg",
    "categories": ["international-fods"],
    "tags": ["asian-fod", "asian-condiments"],
    "locations": {
      "vic": {
        "price": 6,
        "promoText": " ",
        "packageSize": "1.9L",
        "packagePrice": "$0.32 per 100mL"
      }
    }
  },
  {
    "id": "coles-asia-lite-soy-sauce",
    "brand": "Coles",
    "name": "Asia Lite Soy Sauce",
    "imageUrl": "https://shop.coles.com.au/wcsstore/Coles-CAS/images/3/7/2/3725270-th.jpg",
    "categories": ["international-fods"],
    "tags": ["asian-fod", "asian-condiments"],
    "locations": {
      "vic": {
        "price": 6,
        "promoText": " ",
        "packageSize": "1.9L",
        "packagePrice": "$0.32 per 100mL"
      }
    }
  },
  {
    "id": "conimex-sambal-oelek-344859p",
    "brand": "Conimex",
    "name": "Sambal Oelek",
    "imageUrl": "https://shop.coles.com.au/wcsstore/Coles-CAS/images/3/4/4/344859-th.jpg",
    "categories": ["international-fods"],
    "tags": ["asian-fod", "asian-condiments"],
    "locations": {
      "vic": {
        "price": 5,
        "promoText": " ",
        "packageSize": "190g",
        "packagePrice": "$0.26 per 10G"
      }
    }
  },
  {
    "id": "erawan-tapioca-starch",
    "brand": "Erawan",
    "name": "Tapioca Starch",
    "imageUrl": "https://shop.coles.com.au/wcsstore/Coles-CAS/images/5/2/5/5252452-th.jpg",
    "categories": ["international-fods"],
    "tags": ["asian-fod", "asian-condiments"],
    "locations": {
      "vic": {
        "price": 1,
        "promoText": " ",
        "packageSize": "500g",
        "packagePrice": "$0.20 per 100G"
      }
    }
  },
  {
    "id": "hengshun-chinkiang-vinegar",
    "brand": "Hengshun",
    "name": "Chinkiang Vinegar",
    "imageUrl": "https://shop.coles.com.au/wcsstore/Coles-CAS/images/3/7/4/3746393-th.jpg",
    "categories": ["international-fods"],
    "tags": ["asian-fod", "asian-condiments"],
    "locations": {
      "vic": {
        "price": 4.4,
        "promoText": " ",
        "packageSize": "180mL",
        "packagePrice": "$2.44 per 100mL"
      }
    }
  },
  {
    "id": "kantong--sticky-chicken-teriyaki-sauce",
    "brand": "Kan Tong Sticky Chicken",
    "name": "Teriyaki Sauce",
    "imageUrl": "https://shop.coles.com.au/wcsstore/Coles-CAS/images/2/3/5/2352519-th.jpg",
    "categories": ["international-fods"],
    "tags": ["asian-fod", "asian-condiments"],
    "locations": {
      "vic": {
        "price": 2.9,
        "promoText": " ",
        "packageSize": "175g",
        "packagePrice": "$1.66 per 100G"
      }
    }
  },
  {
    "id": "lee-kum-kee-ready-sauce-kung-pao-chicken",
    "brand": "Lee Kum Kee",
    "name": "Kung Pao Chicken Stir Fry Sauce Mild",
    "imageUrl": "https://shop.coles.com.au/wcsstore/Coles-CAS/images/8/7/7/8774352-th.jpg",
    "categories": ["international-fods"],
    "tags": ["asian-fod", "asian-condiments"],
    "locations": {
      "vic": {
        "price": 2.2,
        "promoText": " ",
        "packageSize": "145g",
        "packagePrice": "$1.52 per 100G"
      }
    }
  },
  {
    "id": "lee-kum-kee-sauce-lemon-chicken",
    "brand": "Lee Kum Kee",
    "name": "Lemon Chicken Sauce Pouch",
    "imageUrl": "https://shop.coles.com.au/wcsstore/Coles-CAS/images/8/1/0/8104564-th.jpg",
    "categories": ["international-fods"],
    "tags": ["asian-fod", "asian-condiments"],
    "locations": {
      "vic": {
        "price": 2.2,
        "promoText": " ",
        "packageSize": "145g",
        "packagePrice": "$1.52 per 100G"
      }
    }
  },
  {
    "id": "lee-kum-kee-sauce-soy-salt-reduced",
    "brand": "Lee Kum Kee",
    "name": "Salt Reduced Soy Sauce",
    "imageUrl": "https://shop.coles.com.au/wcsstore/Coles-CAS/images/5/4/2/5423125-th.jpg",
    "categories": ["international-fods"],
    "tags": ["asian-fod", "asian-condiments"],
    "locations": {
      "vic": {
        "price": 2,
        "promoText": "$0.90 ",
        "packageSize": "150mL",
        "packagePrice": "$1.33 per 100mL"
      }
    }
  },
  {
    "id": "lee-kum-kee-sauce-char-siu",
    "brand": "Lee Kum Kee",
    "name": "Char Siu Sauce",
    "imageUrl": "https://shop.coles.com.au/wcsstore/Coles-CAS/images/5/2/5/5253069-th.jpg",
    "categories": ["international-fods"],
    "tags": ["asian-fod", "asian-condiments"],
    "locations": {
      "vic": {
        "price": 4.2,
        "promoText": " ",
        "packageSize": "240g",
        "packagePrice": "$1.75 per 100G"
      }
    }
  },
  {
    "id": "lee-kum-kee-sauce-singapore-noodle",
    "brand": "Lee Kum Kee",
    "name": "Singapore Noodle Stir Fry Sauce Pouch",
    "imageUrl": "https://shop.coles.com.au/wcsstore/Coles-CAS/images/4/7/7/4777960-th.jpg",
    "categories": ["international-fods"],
    "tags": ["asian-fod", "asian-condiments"],
    "locations": {
      "vic": {
        "price": 2.2,
        "promoText": " ",
        "packageSize": "90g",
        "packagePrice": "$2.44 per 100G"
      }
    }
  },
  {
    "id": "lee-kum-kee-sauce-sweet-sour-pork-ready",
    "brand": "Lee Kum Kee",
    "name": "Sweet & Sour Pork Stir Fry Sauce",
    "imageUrl": "https://shop.coles.com.au/wcsstore/Coles-CAS/images/9/7/5/9756039-th.jpg",
    "categories": ["international-fods"],
    "tags": ["asian-fod", "asian-condiments"],
    "locations": {
      "vic": {
        "price": 2.3,
        "promoText": " ",
        "packageSize": "145g",
        "packagePrice": "$1.59 per 100G"
      }
    }
  },
  {
    "id": "lee-kum-kee-sauce-mongolian-lamb",
    "brand": "Lee Kum Kee",
    "name": "Mongolian Lamb Stir Fry Sauce Pouch",
    "imageUrl": "https://shop.coles.com.au/wcsstore/Coles-CAS/images/9/7/5/9756028-th.jpg",
    "categories": ["international-fods"],
    "tags": ["asian-fod", "asian-condiments"],
    "locations": {
      "vic": {
        "price": 2.2,
        "promoText": " ",
        "packageSize": "120g",
        "packagePrice": "$1.83 per 100G"
      }
    }
  },
  {
    "id": "le-kum-ke-stir-fry-vegetarian-sauce-3737086p",
    "brand": "Lee Kum Kee",
    "name": "Vegetarian Stir Fry Sauce",
    "imageUrl": "https://shop.coles.com.au/wcsstore/Coles-CAS/images/3/7/3/3737086-th.jpg",
    "categories": ["international-fods"],
    "tags": ["asian-fod", "asian-condiments"],
    "locations": {
      "vic": {
        "price": 3.8,
        "promoText": " ",
        "packageSize": "255g",
        "packagePrice": "$1.49 per 100G"
      }
    }
  },
  {
    "id": "ma-ling-luncheon-meat-pork",
    "brand": "Ma Ling",
    "name": "Po-Ku Pork Luncheon Meat",
    "imageUrl": "https://shop.coles.com.au/wcsstore/ColesResponsiveStorefrontAssetStore/dist/ccfc54aed6e361b650bcf0582f7b576b/img/img_product-placeholder.png",
    "categories": ["international-fods"],
    "tags": ["asian-fod", "asian-condiments"],
    "locations": {
      "vic": {
        "price": 4.4,
        "promoText": " ",
        "packageSize": "340g",
        "packagePrice": "$12.94 per 1Kg"
      }
    }
  },
  {
    "id": "mae-ploy-dressing-thai-salad",
    "brand": "Mae Ploy",
    "name": "Thai Style Salad Dressing",
    "imageUrl": "https://shop.coles.com.au/wcsstore/Coles-CAS/images/6/0/7/6073460-th.jpg",
    "categories": ["international-fods"],
    "tags": ["asian-fod", "asian-condiments"],
    "locations": {
      "vic": {
        "price": 1.6,
        "promoText": "$0.60 ",
        "packageSize": "285mL",
        "packagePrice": "$0.56 per 100mL"
      }
    }
  },
  {
    "id": "mae-ploy-paste-green-curry",
    "brand": "Mae Ploy",
    "name": "Green Curry Paste",
    "imageUrl": "https://shop.coles.com.au/wcsstore/Coles-CAS/images/5/2/5/5253568-th.jpg",
    "categories": ["international-fods"],
    "tags": ["asian-fod", "asian-condiments"],
    "locations": {
      "vic": {
        "price": 1.15,
        "promoText": " ",
        "packageSize": "50g",
        "packagePrice": "$2.30 per 100G"
      }
    }
  },
  {
    "id": "mae-ploy-sauce-sweet-chilli-chicken",
    "brand": "Mae Ploy",
    "name": "Sweet Chilli Sauce",
    "imageUrl": "https://shop.coles.com.au/wcsstore/Coles-CAS/images/5/2/5/5253579-th.jpg",
    "categories": ["international-fods"],
    "tags": ["asian-fod", "asian-condiments"],
    "locations": {
      "vic": {
        "price": 4,
        "promoText": " ",
        "packageSize": "730mL",
        "packagePrice": "$0.55 per 100mL"
      }
    }
  },
  {
    "id": "marions-kitchen-kit-san-choy-bow",
    "brand": "Marion's Kitchen",
    "name": "San Choy Bow Cooking Kit",
    "imageUrl": "https://shop.coles.com.au/wcsstore/Coles-CAS/images/8/7/3/8736105-th.jpg",
    "categories": ["international-fods"],
    "tags": ["asian-fod", "asian-condiments"],
    "locations": {
      "vic": {
        "price": 7.45,
        "promoText": " ",
        "packageSize": "375g",
        "packagePrice": "$2.18 per 100G"
      }
    }
  },
  {
    "id": "marions-kitchen-kit-pad-thai",
    "brand": "Marion's Kitchen",
    "name": "Pad Thai Cooking Kit",
    "imageUrl": "https://shop.coles.com.au/wcsstore/Coles-CAS/images/8/7/3/8735791-th.jpg",
    "categories": ["international-fods"],
    "tags": ["asian-fod", "asian-condiments"],
    "locations": {
      "vic": {
        "price": 7.45,
        "promoText": " ",
        "packageSize": "358g",
        "packagePrice": "$2.08 per 100G"
      }
    }
  },
  {
    "id": "mr-chen-s-vietnamese-bef-pho-kit",
    "brand": "Mr Chen's",
    "name": "Vietnamese Beef Pho Kit",
    "imageUrl": "https://shop.coles.com.au/wcsstore/Coles-CAS/images/3/7/4/3740557-th.jpg",
    "categories": ["international-fods"],
    "tags": ["asian-fod", "asian-condiments"],
    "locations": {
      "vic": {
        "price": 7.5,
        "promoText": " ",
        "packageSize": "500g",
        "packagePrice": "$1.50 per 100G"
      }
    }
  },
  {
    "id": "mr-chen-s-vietnamese-vegetarian-pho-kit",
    "brand": "Mr Chen's",
    "name": "Vietnamese Vegetarian Pho Kit",
    "imageUrl": "https://shop.coles.com.au/wcsstore/Coles-CAS/images/3/7/4/3740579-th.jpg",
    "categories": ["international-fods"],
    "tags": ["asian-fod", "asian-condiments"],
    "locations": {
      "vic": {
        "price": 7.5,
        "promoText": " ",
        "packageSize": "500g",
        "packagePrice": "$1.50 per 100G"
      }
    }
  },
  {
    "id": "mr-chen-s-hoisin-rice-paper-roll-kit",
    "brand": "Mr Chen's",
    "name": "Hoisin Rice Paper Roll Kit",
    "imageUrl": "https://shop.coles.com.au/wcsstore/Coles-CAS/images/3/7/4/3740590-th.jpg",
    "categories": ["international-fods"],
    "tags": ["asian-fod", "asian-condiments"],
    "locations": {
      "vic": {
        "price": 5.5,
        "promoText": " ",
        "packageSize": "143g",
        "packagePrice": "$3.85 per 100G"
      }
    }
  },
  {
    "id": "obento-panko-breadcrumb",
    "brand": "Obento",
    "name": "Panko Bread Crumbs",
    "imageUrl": "https://shop.coles.com.au/wcsstore/Coles-CAS/images/3/5/1/3511345-th.jpg",
    "categories": ["international-fods"],
    "tags": ["asian-fod", "asian-condiments"],
    "locations": {
      "vic": {
        "price": 0,
        "promoText": " ",
        "packageSize": "1kg",
        "packagePrice": ""
      }
    }
  },
  {
    "id": "obento-tempura-batter-mix",
    "brand": "Obento",
    "name": "Tempura Batter Mix",
    "imageUrl": "https://shop.coles.com.au/wcsstore/Coles-CAS/images/3/7/3/3737279-th.jpg",
    "categories": ["international-fods"],
    "tags": ["asian-fod", "asian-condiments"],
    "locations": {
      "vic": {
        "price": 3.3,
        "promoText": " ",
        "packageSize": "500g",
        "packagePrice": "$0.66 per 100G"
      }
    }
  },
  {
    "id": "obento-yakitori-sauce-3737177p",
    "brand": "Obento",
    "name": "Yakitori Sauce",
    "imageUrl": "https://shop.coles.com.au/wcsstore/Coles-CAS/images/3/7/3/3737177-th.jpg",
    "categories": ["international-fods"],
    "tags": ["asian-fod", "asian-condiments"],
    "locations": {
      "vic": {
        "price": 3,
        "promoText": " ",
        "packageSize": "250mL",
        "packagePrice": "$1.20 per 100mL"
      }
    }
  },
  {
    "id": "ottogi-gouchujang-",
    "brand": "Ottogi Gochujang",
    "name": "Hot Pepper Paste",
    "imageUrl": "https://shop.coles.com.au/wcsstore/Coles-CAS/images/3/3/2/3328768-th.jpg",
    "categories": ["international-fods"],
    "tags": ["asian-fod", "asian-condiments"],
    "locations": {
      "vic": {
        "price": 2.8,
        "promoText": " ",
        "packageSize": "170g",
        "packagePrice": "$1.65 per 100G"
      }
    }
  },
  {
    "id": "pearl-river-bridge-sauce-mushroom-soy",
    "brand": "Pearl River Bridge",
    "name": "Mushroom Flavoured Soy Sauce",
    "imageUrl": "https://shop.coles.com.au/wcsstore/Coles-CAS/images/2/6/7/267496-th.jpg",
    "categories": ["international-fods"],
    "tags": ["asian-fod", "asian-condiments"],
    "locations": {
      "vic": {
        "price": 2.5,
        "promoText": " ",
        "packageSize": "500mL",
        "packagePrice": "$0.50 per 100mL"
      }
    }
  },
  {
    "id": "stret-kitchen-thai-gren-curry",
    "brand": "Street Kitchen",
    "name": "Thai Green Curry",
    "imageUrl": "https://shop.coles.com.au/wcsstore/Coles-CAS/images/3/7/7/3777874-th.jpg",
    "categories": ["international-fods"],
    "tags": ["asian-fod", "asian-condiments"],
    "locations": {
      "vic": {
        "price": 5.5,
        "promoText": " ",
        "packageSize": "285 GRAM",
        "packagePrice": ""
      }
    }
  },
  {
    "id": "the-spice-tailor-indonesian-rendang-curry-3735830p",
    "brand": "The Spice Tailor",
    "name": "Indonesian Rendang Curry",
    "imageUrl": "https://shop.coles.com.au/wcsstore/Coles-CAS/images/3/7/3/3735830-th.jpg",
    "categories": ["international-fods"],
    "tags": ["asian-fod", "asian-condiments"],
    "locations": {
      "vic": {
        "price": 6,
        "promoText": " ",
        "packageSize": "275g",
        "packagePrice": "$2.18 per 100G"
      }
    }
  },
  {
    "id": "the-spice-tailor-thai-red-curry-3735841p",
    "brand": "The Spice Tailor",
    "name": "Thai Red Curry",
    "imageUrl": "https://shop.coles.com.au/wcsstore/Coles-CAS/images/3/7/3/3735841-th.jpg",
    "categories": ["international-fods"],
    "tags": ["asian-fod", "asian-condiments"],
    "locations": {
      "vic": {
        "price": 6,
        "promoText": " ",
        "packageSize": "275g",
        "packagePrice": "$2.18 per 100G"
      }
    }
  },
  {
    "id": "yeos-sauce-satay-bbq",
    "brand": "Yeo's Satay",
    "name": "BBQ Sauce",
    "imageUrl": "https://shop.coles.com.au/wcsstore/Coles-CAS/images/4/1/9/419492-th.jpg",
    "categories": ["international-fods"],
    "tags": ["asian-fod", "asian-condiments"],
    "locations": {
      "vic": {
        "price": 3.3,
        "promoText": "$0.70 ",
        "packageSize": "250mL",
        "packagePrice": "$1.32 per 100mL"
      }
    }
  },
  {
    "id": "jelly-b-konjac-jelly-watermelon-3453318p",
    "brand": "Jelly B",
    "name": "Drinkable Konjac Jelly  Watermelon Flavour",
    "imageUrl": "https://shop.coles.com.au/wcsstore/Coles-CAS/images/3/4/5/3453318-th.jpg",
    "categories": ["international-fods"],
    "tags": ["asian-fod", "asian-drinks"],
    "locations": {
      "vic": {
        "price": 2.5,
        "promoText": "$0.90 ",
        "packageSize": "150mL",
        "packagePrice": "$1.67 per 100mL"
      }
    }
  },
  {
    "id": "jelly-b-konjac-jelly-peach-3453329p",
    "brand": "Jelly B",
    "name": "Drinkable Konjac Jelly Peach Flavour",
    "imageUrl": "https://shop.coles.com.au/wcsstore/Coles-CAS/images/3/4/5/3453329-th.jpg",
    "categories": ["international-fods"],
    "tags": ["asian-fod", "asian-drinks"],
    "locations": {
      "vic": {
        "price": 2.5,
        "promoText": "$0.90 ",
        "packageSize": "150mL",
        "packagePrice": "$1.67 per 100mL"
      }
    }
  },
  {
    "id": "indo-mie-noodles-mi-goreng",
    "brand": "Indomie",
    "name": "Mi Goreng Fried Instant Noodles",
    "imageUrl": "https://shop.coles.com.au/wcsstore/Coles-CAS/images/5/2/5/5252780-th.jpg",
    "categories": ["international-fods"],
    "tags": ["asian-fod", "asian-snacks"],
    "locations": {
      "vic": {
        "price": 0.65,
        "promoText": " ",
        "packageSize": "85g",
        "packagePrice": "$0.76 per 100G"
      }
    }
  },
  {
    "id": "a-roasted-seawed-snack",
    "brand": "A+",
    "name": "Roasted Seaweed Snack",
    "imageUrl": "https://shop.coles.com.au/wcsstore/Coles-CAS/images/3/7/3/3736742-th.jpg",
    "categories": ["international-fods"],
    "tags": ["asian-fod", "asian-snacks"],
    "locations": {
      "vic": {
        "price": 1,
        "promoText": " ",
        "packageSize": "4.5g",
        "packagePrice": "$22.23 per 100G"
      }
    }
  },
  {
    "id": "coles-asia-egg-nodles-thin",
    "brand": "Coles",
    "name": "Asia Egg Noodles Thin",
    "imageUrl": "https://shop.coles.com.au/wcsstore/Coles-CAS/images/3/7/3/3735637-th.jpg",
    "categories": ["international-fods"],
    "tags": ["asian-fod", "asian-snacks"],
    "locations": {
      "vic": {
        "price": 2,
        "promoText": " ",
        "packageSize": "340g",
        "packagePrice": "$0.59 per 100G"
      }
    }
  },
  {
    "id": "coles-asia-hokkien-nodles",
    "brand": "Coles",
    "name": "Asia Hokkien Ready to Eat Noodles 2 Pack",
    "imageUrl": "https://shop.coles.com.au/wcsstore/Coles-CAS/images/3/7/2/3725327-th.jpg",
    "categories": ["international-fods"],
    "tags": ["asian-fod", "asian-snacks"],
    "locations": {
      "vic": {
        "price": 1.85,
        "promoText": " ",
        "packageSize": "400g",
        "packagePrice": "$0.46 per 100G"
      }
    }
  },
  {
    "id": "coles-asia-egg-nodles-medium",
    "brand": "Coles",
    "name": "Asia Egg Noodles Thick",
    "imageUrl": "https://shop.coles.com.au/wcsstore/Coles-CAS/images/3/7/3/3735648-th.jpg",
    "categories": ["international-fods"],
    "tags": ["asian-fod", "asian-snacks"],
    "locations": {
      "vic": {
        "price": 2,
        "promoText": " ",
        "packageSize": "340g",
        "packagePrice": "$0.59 per 100G"
      }
    }
  },
  {
    "id": "coles-asia-singapore-nodles",
    "brand": "Coles",
    "name": "Asia Singapore Noodles",
    "imageUrl": "https://shop.coles.com.au/wcsstore/Coles-CAS/images/3/7/2/3725510-th.jpg",
    "categories": ["international-fods"],
    "tags": ["asian-fod", "asian-snacks"],
    "locations": {
      "vic": {
        "price": 1.85,
        "promoText": " ",
        "packageSize": "400g",
        "packagePrice": "$0.46 per 100G"
      }
    }
  },
  {
    "id": "indo-mie-noodles-chicken-curry",
    "brand": "Indomie",
    "name": "Chicken Curry Flavour Instant Noodles",
    "imageUrl": "https://shop.coles.com.au/wcsstore/Coles-CAS/images/5/2/5/5252758-th.jpg",
    "categories": ["international-fods"],
    "tags": ["asian-fod", "asian-snacks"],
    "locations": {
      "vic": {
        "price": 0.65,
        "promoText": " ",
        "packageSize": "80g",
        "packagePrice": "$0.81 per 100G"
      }
    }
  },
  {
    "id": "obap-roasted-seasoned-seawed-2-pack",
    "brand": "Obap",
    "name": "Roasted Seasoned Seaweed 2 Pack",
    "imageUrl": "https://shop.coles.com.au/wcsstore/Coles-CAS/images/3/7/3/3737097-th.jpg",
    "categories": ["international-fods"],
    "tags": ["asian-fod", "asian-snacks"],
    "locations": {
      "vic": {
        "price": 1.6,
        "promoText": " ",
        "packageSize": "10g",
        "packagePrice": "$16.00 per 100G"
      }
    }
  },
  {
    "id": "100-plus--drink-isotonic",
    "brand": "100 Plus",
    "name": "Isotonic Drink Can",
    "imageUrl": "https://shop.coles.com.au/wcsstore/Coles-CAS/images/6/8/0/6800779-th.jpg",
    "categories": ["international-fods"],
    "tags": ["asian-fod", "asian-snacks"],
    "locations": {
      "vic": {
        "price": 1.2,
        "promoText": " ",
        "packageSize": "325mL",
        "packagePrice": "$3.69 per 1L"
      }
    }
  },
  {
    "id": "coles-asia-vermicelli-rice-nodle",
    "brand": "Coles",
    "name": "Asia Vermicelli Rice Noodle",
    "imageUrl": "https://shop.coles.com.au/wcsstore/Coles-CAS/images/3/7/3/3735660-th.jpg",
    "categories": ["international-fods"],
    "tags": ["asian-fod", "asian-snacks"],
    "locations": {
      "vic": {
        "price": 2,
        "promoText": " ",
        "packageSize": "340g",
        "packagePrice": "$0.59 per 100G"
      }
    }
  },
  {
    "id": "coles-asia-udon-nodles",
    "brand": "Coles",
    "name": "Asia Udon Noodles",
    "imageUrl": "https://shop.coles.com.au/wcsstore/Coles-CAS/images/3/7/2/3725338-th.jpg",
    "categories": ["international-fods"],
    "tags": ["asian-fod", "asian-snacks"],
    "locations": {
      "vic": {
        "price": 1.85,
        "promoText": " ",
        "packageSize": "400g",
        "packagePrice": "$0.46 per 100G"
      }
    }
  },
  {
    "id": "garuda-peanut-hot-spicy",
    "brand": "Garuda",
    "name": "Hot Spicy Coated Peanuts",
    "imageUrl": "https://shop.coles.com.au/wcsstore/Coles-CAS/images/2/4/9/2496982-th.jpg",
    "categories": ["international-fods"],
    "tags": ["asian-fod", "asian-snacks"],
    "locations": {
      "vic": {
        "price": 1,
        "promoText": " ",
        "packageSize": "80g",
        "packagePrice": "$1.25 per 100G"
      }
    }
  },
  {
    "id": "nong-shim-noodles-shin-ramen-hot-spicy",
    "brand": "Nongshim",
    "name": "Gourmet Spicy Shin Ramyun Noodle Soup",
    "imageUrl": "https://shop.coles.com.au/wcsstore/Coles-CAS/images/6/6/7/6672023-th.jpg",
    "categories": ["international-fods"],
    "tags": ["asian-fod", "asian-snacks"],
    "locations": {
      "vic": {
        "price": 1.35,
        "promoText": "$0.45 ",
        "packageSize": "120g",
        "packagePrice": "$1.13 per 100G"
      }
    }
  },
  {
    "id": "wai-wai-noodles-oriental-style",
    "brand": "Wai Wai",
    "name": "Oriental Style Instant Noodles",
    "imageUrl": "https://shop.coles.com.au/wcsstore/Coles-CAS/images/8/0/4/8049659-th.jpg",
    "categories": ["international-fods"],
    "tags": ["asian-fod", "asian-snacks"],
    "locations": {
      "vic": {
        "price": 0.65,
        "promoText": " ",
        "packageSize": "60g",
        "packagePrice": "$1.08 per 100G"
      }
    }
  },
  {
    "id": "wai-wai-noodles-tom-yum-instant-shrimp",
    "brand": "Wai Wai Tom Yum Shrimp",
    "name": "Flavoured Instant Noodles",
    "imageUrl": "https://shop.coles.com.au/wcsstore/Coles-CAS/images/9/7/6/9765459-th.jpg",
    "categories": ["international-fods"],
    "tags": ["asian-fod", "asian-snacks"],
    "locations": {
      "vic": {
        "price": 0.65,
        "promoText": " ",
        "packageSize": "60g",
        "packagePrice": "$1.08 per 100G"
      }
    }
  },
  {
    "id": "coles-asia-nori-shets",
    "brand": "Coles",
    "name": "Asia Nori Sheets 28G 10 Sheets",
    "imageUrl": "https://shop.coles.com.au/wcsstore/Coles-CAS/images/3/7/3/3735626-th.jpg",
    "categories": ["international-fods"],
    "tags": ["asian-fod", "asian-snacks"],
    "locations": {
      "vic": {
        "price": 2.9,
        "promoText": " ",
        "packageSize": "280g",
        "packagePrice": "$10.36 per 100G"
      }
    }
  },
  {
    "id": "double-phoenix-vermicelli-bean",
    "brand": "Double",
    "name": "Phoenix Vermicelli Bean",
    "imageUrl": "https://shop.coles.com.au/wcsstore/Coles-CAS/images/3/7/3/3736924-th.jpg",
    "categories": ["international-fods"],
    "tags": ["asian-fod", "asian-snacks"],
    "locations": {
      "vic": {
        "price": 1.4,
        "promoText": " ",
        "packageSize": "200g",
        "packagePrice": "$0.70 per 100G"
      }
    }
  },
  {
    "id": "wei-lih-ichiban-nodle-bowl-roast-pork",
    "brand": "Wei Lih Ichiban",
    "name": "Noodle Bowl Roast Pork",
    "imageUrl": "https://shop.coles.com.au/wcsstore/Coles-CAS/images/3/7/3/3736844-th.jpg",
    "categories": ["international-fods"],
    "tags": ["asian-fod", "asian-snacks"],
    "locations": {
      "vic": {
        "price": 4.4,
        "promoText": " ",
        "packageSize": "150g",
        "packagePrice": "$2.93 per 100G"
      }
    }
  },
  {
    "id": "wei-lih-ichiban-nodle-bowl-roast-bef",
    "brand": "Wei Lih Ichiban",
    "name": "Noodle Bowl Roast Beef",
    "imageUrl": "https://shop.coles.com.au/wcsstore/Coles-CAS/images/3/7/3/3736833-th.jpg",
    "categories": ["international-fods"],
    "tags": ["asian-fod", "asian-snacks"],
    "locations": {
      "vic": {
        "price": 4.4,
        "promoText": " ",
        "packageSize": "150g",
        "packagePrice": "$2.93 per 100G"
      }
    }
  },
  {
    "id": "yoosh-drink-lychee-aloe-vera",
    "brand": "Yoosh",
    "name": "Lychee Flavour Aloe Vera Drink",
    "imageUrl": "https://shop.coles.com.au/wcsstore/Coles-CAS/images/6/8/0/6803096-th.jpg",
    "categories": ["international-fods"],
    "tags": ["asian-fod", "asian-snacks"],
    "locations": {
      "vic": {
        "price": 2.45,
        "promoText": " ",
        "packageSize": "500mL",
        "packagePrice": "$4.90 per 1L"
      }
    }
  },
  {
    "id": "yoosh-drink-aloe-vera",
    "brand": "Yoosh",
    "name": "Aloe Vera With A Hint Of Honey Drink",
    "imageUrl": "https://shop.coles.com.au/wcsstore/Coles-CAS/images/5/4/2/5421709-th.jpg",
    "categories": ["international-fods"],
    "tags": ["asian-fod", "asian-snacks"],
    "locations": {
      "vic": {
        "price": 4.8,
        "promoText": " ",
        "packageSize": "1.5L",
        "packagePrice": "$3.20 per 1L"
      }
    }
  },
  {
    "id": "hapi-dry-roasted-edamame-with-sea-salt-3743544p",
    "brand": "Hapi",
    "name": "Dry Roasted Edamame With Sea Salt",
    "imageUrl": "https://shop.coles.com.au/wcsstore/Coles-CAS/images/3/7/4/3743544-th.jpg",
    "categories": ["international-fods"],
    "tags": ["asian-fod", "asian-snacks"],
    "locations": {
      "vic": {
        "price": 2.5,
        "promoText": " ",
        "packageSize": "100g",
        "packagePrice": "$2.50 per 100G"
      }
    }
  },
  {
    "id": "indo-mie-noodles-special-chicken",
    "brand": "Indomie",
    "name": "Special Chicken Flavour Instant Noodles",
    "imageUrl": "https://shop.coles.com.au/wcsstore/Coles-CAS/images/5/2/5/5252791-th.jpg",
    "categories": ["international-fods"],
    "tags": ["asian-fod", "asian-snacks"],
    "locations": {
      "vic": {
        "price": 0.65,
        "promoText": " ",
        "packageSize": "75g",
        "packagePrice": "$0.87 per 100G"
      }
    }
  },
  {
    "id": "indomie-chitato-potato-chips-mi-goreng",
    "brand": "Indomie Chitato",
    "name": "MI Goreng Potato Chips",
    "imageUrl": "https://shop.coles.com.au/wcsstore/Coles-CAS/images/3/7/2/3721610-th.jpg",
    "categories": ["international-fods"],
    "tags": ["asian-fod", "asian-snacks"],
    "locations": {
      "vic": {
        "price": 1.5,
        "promoText": "$0.35 ",
        "packageSize": "55g",
        "packagePrice": "$2.73 per 100G"
      }
    }
  },
  {
    "id": "mama-shrimp-tom-yum-nodles-jumbo-pack",
    "brand": "Mama",
    "name": "Shrimp Tom Yum Noodles Jumbo Pack",
    "imageUrl": "https://shop.coles.com.au/wcsstore/Coles-CAS/images/3/7/3/3736822-th.jpg",
    "categories": ["international-fods"],
    "tags": ["asian-fod", "asian-snacks"],
    "locations": {
      "vic": {
        "price": 1.3,
        "promoText": " ",
        "packageSize": "90g",
        "packagePrice": "$1.44 per 100G"
      }
    }
  },
  {
    "id": "itoen-oi-ocha-green-tea-unsweetened",
    "brand": "Ito En Oi Ocha",
    "name": "Green Tea",
    "imageUrl": "https://shop.coles.com.au/wcsstore/Coles-CAS/images/1/5/9/1599232-th.jpg",
    "categories": ["international-fods"],
    "tags": ["asian-fod", "asian-snacks"],
    "locations": {
      "vic": {
        "price": 2,
        "promoText": "$0.50 ",
        "packageSize": "500mL",
        "packagePrice": "$4.00 per 1L"
      }
    }
  },
  {
    "id": "joiner-coconut-drink-3739842p",
    "brand": "Joiner",
    "name": "Coconut Drink",
    "imageUrl": "https://shop.coles.com.au/wcsstore/Coles-CAS/images/3/7/3/3739842-th.jpg",
    "categories": ["international-fods"],
    "tags": ["asian-fod", "asian-snacks"],
    "locations": {
      "vic": {
        "price": 1.6,
        "promoText": " ",
        "packageSize": "320mL",
        "packagePrice": "$0.50 per 100mL"
      }
    }
  },
  {
    "id": "mama-pork-nodles-jumbo-pack",
    "brand": "Mama",
    "name": "Pork Noodles Jumbo Pack",
    "imageUrl": "https://shop.coles.com.au/wcsstore/Coles-CAS/images/3/7/3/3736913-th.jpg",
    "categories": ["international-fods"],
    "tags": ["asian-fod", "asian-snacks"],
    "locations": {
      "vic": {
        "price": 1.3,
        "promoText": " ",
        "packageSize": "90g",
        "packagePrice": "$1.44 per 100G"
      }
    }
  },
  {
    "id": "nongshim-yaki-udon-spicy-seafod-nodles-3736800p",
    "brand": "Nongshim",
    "name": "Yaki Udon Spicy Seafood Noodles",
    "imageUrl": "https://shop.coles.com.au/wcsstore/Coles-CAS/images/3/7/3/3736800-th.jpg",
    "categories": ["international-fods"],
    "tags": ["asian-fod", "asian-snacks"],
    "locations": {
      "vic": {
        "price": 5.4,
        "promoText": " ",
        "packageSize": "251g",
        "packagePrice": "$2.15 per 100G"
      }
    }
  },
  {
    "id": "pocky-green-tea-matcha",
    "brand": "Pocky",
    "name": "Green Tea Matcha Biscuit Sticks",
    "imageUrl": "https://shop.coles.com.au/wcsstore/Coles-CAS/images/3/3/0/3306878-th.jpg",
    "categories": ["international-fods"],
    "tags": ["asian-fod", "asian-snacks"],
    "locations": {
      "vic": {
        "price": 1.8,
        "promoText": " ",
        "packageSize": "35g",
        "packagePrice": "$5.14 per 100G"
      }
    }
  },
  {
    "id": "stret-kitchen-japanese-teriyaki-chicken",
    "brand": "Street Kitchen",
    "name": "Japanese Teriyaki Chicken",
    "imageUrl": "https://shop.coles.com.au/wcsstore/Coles-CAS/images/3/2/5/3259723-th.jpg",
    "categories": ["international-fods"],
    "tags": ["asian-fod", "asian-snacks"],
    "locations": {
      "vic": {
        "price": 5.5,
        "promoText": " ",
        "packageSize": "255g",
        "packagePrice": "$2.16 per 100G"
      }
    }
  },
  {
    "id": "fountain-hoisin-sauce",
    "brand": "Fountain",
    "name": "Hoi Sin Sauce",
    "imageUrl": "https://shop.coles.com.au/wcsstore/Coles-CAS/images/4/8/3/4838920-th.jpg",
    "categories": ["international-fods"],
    "tags": ["asian-fod", "asian-sauces"],
    "locations": {
      "vic": {
        "price": 2.7,
        "promoText": " ",
        "packageSize": "250mL",
        "packagePrice": "$1.08 per 100mL"
      }
    }
  },
  {
    "id": "conimex-ketjap-bentang-manis",
    "brand": "Conimex",
    "name": "Ketjap Manis Sweet Soy Sauce",
    "imageUrl": "https://shop.coles.com.au/wcsstore/Coles-CAS/images/2/0/2/202843-th.jpg",
    "categories": ["international-fods"],
    "tags": ["asian-fod", "asian-sauces"],
    "locations": {
      "vic": {
        "price": 5,
        "promoText": " ",
        "packageSize": "240mL",
        "packagePrice": "$2.08 per 100mL"
      }
    }
  },
  {
    "id": "kikkoman-tamari-soy-sauce",
    "brand": "Kikkoman",
    "name": "Tamari Soy Sauce",
    "imageUrl": "https://shop.coles.com.au/wcsstore/Coles-CAS/images/3/4/9/3498702-th.jpg",
    "categories": ["international-fods"],
    "tags": ["asian-fod", "asian-sauces"],
    "locations": {
      "vic": {
        "price": 4.65,
        "promoText": "$0.55 ",
        "packageSize": "250mL",
        "packagePrice": "$1.86 per 100mL"
      }
    }
  },
  {
    "id": "huy-fong-chili-garlic-sauce",
    "brand": "Huy Fong Foods Inc.",
    "name": "Chili Garlic Sauce",
    "imageUrl": "https://shop.coles.com.au/wcsstore/Coles-CAS/images/3/1/5/3151910-th.jpg",
    "categories": ["international-fods"],
    "tags": ["asian-fod", "asian-sauces"],
    "locations": {
      "vic": {
        "price": 5.2,
        "promoText": " ",
        "packageSize": "226g",
        "packagePrice": "$2.30 per 100G"
      }
    }
  },
  {
    "id": "street-kitchen-asia-malay-satay-chicken",
    "brand": "Street Kitchen",
    "name": "Malaysian Peanut Satay",
    "imageUrl": "https://shop.coles.com.au/wcsstore/Coles-CAS/images/3/2/5/3259712-th.jpg",
    "categories": ["international-fods"],
    "tags": ["asian-fod", "asian-sauces"],
    "locations": {
      "vic": {
        "price": 5.5,
        "promoText": " ",
        "packageSize": "255g",
        "packagePrice": "$2.16 per 100G"
      }
    }
  },
  {
    "id": "baishanzu-xo-sauce-mushroom-garlic",
    "brand": "Baishanzu",
    "name": "XO Garlic Mushroom Sauce",
    "imageUrl": "https://shop.coles.com.au/wcsstore/Coles-CAS/images/1/3/8/1383980-th.jpg",
    "categories": ["international-fods"],
    "tags": ["asian-fod", "asian-sauces"],
    "locations": {
      "vic": {
        "price": 2,
        "promoText": " ",
        "packageSize": "210g",
        "packagePrice": "$0.95 per 100G"
      }
    }
  },
  {
    "id": "lee-kum-kee-oil-chili-chiu-chow",
    "brand": "Lee Kum Kee",
    "name": "Chiu Chow Chilli Oil",
    "imageUrl": "https://shop.coles.com.au/wcsstore/Coles-CAS/images/6/9/0/6908403-th.jpg",
    "categories": ["international-fods"],
    "tags": ["asian-fod", "asian-sauces"],
    "locations": {
      "vic": {
        "price": 5.5,
        "promoText": " ",
        "packageSize": "205g",
        "packagePrice": "$26.83 per 1Kg"
      }
    }
  },
  {
    "id": "baishanzu--xo-mushroom-sauce-five-spice",
    "brand": "Baishanzu",
    "name": "XO Five Spices Mushroom Sauce",
    "imageUrl": "https://shop.coles.com.au/wcsstore/Coles-CAS/images/1/3/8/1383970-th.jpg",
    "categories": ["international-fods"],
    "tags": ["asian-fod", "asian-sauces"],
    "locations": {
      "vic": {
        "price": 2,
        "promoText": " ",
        "packageSize": "210g",
        "packagePrice": "$0.95 per 100G"
      }
    }
  },
  {
    "id": "berenberg-asian-dipping-sauce",
    "brand": "Beerenberg",
    "name": "Asian Dipping Sauce",
    "imageUrl": "https://shop.coles.com.au/wcsstore/Coles-CAS/images/3/7/4/3748774-th.jpg",
    "categories": ["international-fods"],
    "tags": ["asian-fod", "asian-sauces"],
    "locations": {
      "vic": {
        "price": 6.5,
        "promoText": " ",
        "packageSize": "300 ML",
        "packagePrice": ""
      }
    }
  },
  {
    "id": "five-tastes-hoisin-garlic-stir-fry-shots",
    "brand": "Five Tastes",
    "name": "Stir Fry Shots Chinese Hoisin And Garlic",
    "imageUrl": "https://shop.coles.com.au/wcsstore/Coles-CAS/images/2/7/3/2734220-th.jpg",
    "categories": ["international-fods"],
    "tags": ["asian-fod", "asian-sauces"],
    "locations": {
      "vic": {
        "price": 4,
        "promoText": "Any 2 $6",
        "packageSize": "180g",
        "packagePrice": "$2.22 per 100G"
      }
    }
  },
  {
    "id": "five-tastes-lemongrass-kaffir-lime-stir-fry-shots",
    "brand": "Five Tastes",
    "name": "Lemongrass & Kaffir Lime Stir Fry Shots",
    "imageUrl": "https://shop.coles.com.au/wcsstore/Coles-CAS/images/2/7/3/2734231-th.jpg",
    "categories": ["international-fods"],
    "tags": ["asian-fod", "asian-sauces"],
    "locations": {
      "vic": {
        "price": 4,
        "promoText": "Any 2 $6",
        "packageSize": "180g",
        "packagePrice": "$2.22 per 100G"
      }
    }
  },
  {
    "id": "fountain-satay-sauce",
    "brand": "Fountain",
    "name": "Satay Sauce",
    "imageUrl": "https://shop.coles.com.au/wcsstore/Coles-CAS/images/5/3/7/5377356-th.jpg",
    "categories": ["international-fods"],
    "tags": ["asian-fod", "asian-sauces"],
    "locations": {
      "vic": {
        "price": 2.7,
        "promoText": " ",
        "packageSize": "250mL",
        "packagePrice": "$1.08 per 100mL"
      }
    }
  },
  {
    "id": "aviv-bread-matzo",
    "brand": "Aviv",
    "name": "Passover Matzos",
    "imageUrl": "https://shop.coles.com.au/wcsstore/Coles-CAS/images/3/4/8/348281-th.jpg",
    "categories": ["international-fods"],
    "tags": ["kosher", "bakery-kosher"],
    "locations": {
      "vic": {
        "price": 4.75,
        "promoText": " ",
        "packageSize": "450g",
        "packagePrice": "$1.06 per 100G"
      }
    }
  },
  {
    "id": "gattegno-biscuits-biscuits-marie",
    "brand": "Gattegno",
    "name": "Marie Biscuits",
    "imageUrl": "https://shop.coles.com.au/wcsstore/Coles-CAS/images/9/0/8/9089047-th.jpg",
    "categories": ["international-fods"],
    "tags": ["kosher", "kosher-biscuits-desserts"],
    "locations": {
      "vic": {
        "price": 3.6,
        "promoText": " ",
        "packageSize": "350g",
        "packagePrice": "$1.03 per 100G"
      }
    }
  },
  {
    "id": "cobs-natural-sea-salted-caramel-popcorn",
    "brand": "Cobs",
    "name": "Natural Sea Salted Caramel Popcorn",
    "imageUrl": "https://shop.coles.com.au/wcsstore/Coles-CAS/images/3/5/0/3501250-th.jpg",
    "categories": ["international-fods"],
    "tags": ["kosher", "kosher-confectionery-snacks"],
    "locations": {
      "vic": {
        "price": 2.85,
        "promoText": " ",
        "packageSize": "100g",
        "packagePrice": "$2.85 per 100G"
      }
    }
  },
  {
    "id": "imperial-nuts-swet-savoury-bar-mix",
    "brand": "Imperial Nuts",
    "name": "Sweet & Savoury Bar Mix",
    "imageUrl": "https://shop.coles.com.au/wcsstore/ColesResponsiveStorefrontAssetStore/dist/ccfc54aed6e361b650bcf0582f7b576b/img/img_product-placeholder.png",
    "categories": ["international-fods"],
    "tags": ["kosher", "kosher-confectionery-snacks"],
    "locations": {
      "vic": {
        "price": 3.9,
        "promoText": " ",
        "packageSize": "114g",
        "packagePrice": "$3.42 per 100G"
      }
    }
  },
  {
    "id": "kilk-chocolate-coated-cornflakes-3404902p",
    "brand": "Kilk Chocolate",
    "name": "Coated Cornflakes",
    "imageUrl": "https://shop.coles.com.au/wcsstore/ColesResponsiveStorefrontAssetStore/dist/ccfc54aed6e361b650bcf0582f7b576b/img/img_product-placeholder.png",
    "categories": ["international-fods"],
    "tags": ["kosher", "kosher-confectionery-snacks"],
    "locations": {
      "vic": {
        "price": 3.5,
        "promoText": " ",
        "packageSize": "75g",
        "packagePrice": "$4.67 per 100G"
      }
    }
  },
  {
    "id": "achva-halva-vanilla",
    "brand": "Achva",
    "name": "Vanilla Halva",
    "imageUrl": "https://shop.coles.com.au/wcsstore/Coles-CAS/images/5/7/5/5753185-th.jpg",
    "categories": ["international-fods"],
    "tags": ["kosher", "kosher-drinks"],
    "locations": {
      "vic": {
        "price": 2,
        "promoText": " ",
        "packageSize": "100g",
        "packagePrice": "$2.00 per 100G"
      }
    }
  },
  {
    "id": "kedem-kids-animal-cookies",
    "brand": "Kedem",
    "name": "Kids Animal Cookies",
    "imageUrl": "https://shop.coles.com.au/wcsstore/Coles-CAS/images/7/4/5/7456216-th.jpg",
    "categories": ["international-fods"],
    "tags": ["kosher", "kosher-meals"],
    "locations": {
      "vic": {
        "price": 5,
        "promoText": " ",
        "packageSize": "340g",
        "packagePrice": "$1.47 per 100G"
      }
    }
  },
  {
    "id": "beigel-beigel-nish-nosh-sr-cream-onion",
    "brand": "Beigel & Beigel",
    "name": "Sour Cream & Onion Flavour Cracker Crisps",
    "imageUrl": "https://shop.coles.com.au/wcsstore/Coles-CAS/images/5/9/6/5967305-th.jpg",
    "categories": ["international-fods"],
    "tags": ["kosher", "kosher-pantry"],
    "locations": {
      "vic": {
        "price": 5,
        "promoText": " ",
        "packageSize": "300g",
        "packagePrice": "$1.67 per 100G"
      }
    }
  },
  {
    "id": "eskal-cucumbers-pickled-dill-46522p",
    "brand": "Eskal",
    "name": "Cucumber Dill Pickles",
    "imageUrl": "https://shop.coles.com.au/wcsstore/Coles-CAS/images/4/6/5/46522-th.jpg",
    "categories": ["international-fods"],
    "tags": ["kosher", "kosher-pantry"],
    "locations": {
      "vic": {
        "price": 3.4,
        "promoText": " ",
        "packageSize": "540g",
        "packagePrice": "$0.63 per 100G"
      }
    }
  },
  {
    "id": "cobs-popcorn-sea-salt-6-pack",
    "brand": "Cobs",
    "name": "Natural Sea Salt Popcorn 5 pack",
    "imageUrl": "https://shop.coles.com.au/wcsstore/Coles-CAS/images/2/2/3/2233156-th.jpg",
    "categories": ["international-fods"],
    "tags": ["kosher", "kosher-pantry"],
    "locations": {
      "vic": {
        "price": 0,
        "promoText": " ",
        "packageSize": "65g",
        "packagePrice": ""
      }
    }
  },
  {
    "id": "sally-williams-nougat-bar-dark",
    "brand": "Sally Williams",
    "name": "Dark Nougat Bar",
    "imageUrl": "https://shop.coles.com.au/wcsstore/Coles-CAS/images/8/1/8/8183210-th.jpg",
    "categories": ["international-fods"],
    "tags": ["kosher", "kosher-pantry"],
    "locations": {
      "vic": {
        "price": 2.75,
        "promoText": " ",
        "packageSize": "50g",
        "packagePrice": "$5.50 per 100G"
      }
    }
  },
  {
    "id": "loacker-tortina-hazelnut",
    "brand": "Loacker",
    "name": "Gran Pasticceria Original Tortina Chocolate Biscuit",
    "imageUrl": "https://shop.coles.com.au/wcsstore/Coles-CAS/images/7/2/2/7220923-th.jpg",
    "categories": ["international-fods"],
    "tags": ["european-fod", "european-biscuits-desserts"],
    "locations": {
      "vic": {
        "price": 4,
        "promoText": " ",
        "packageSize": "125g",
        "packagePrice": "$3.20 per 100G"
      }
    }
  },
  {
    "id": "loacker-gran-paticceria-noisette",
    "brand": "Loacker",
    "name": "Gran Pasticceria Creme Noisette Chocolate Wafer Biscuit",
    "imageUrl": "https://shop.coles.com.au/wcsstore/Coles-CAS/images/5/0/1/5019935-th.jpg",
    "categories": ["international-fods"],
    "tags": ["european-fod", "european-biscuits-desserts"],
    "locations": {
      "vic": {
        "price": 4,
        "promoText": " ",
        "packageSize": "100g",
        "packagePrice": "$4.00 per 100G"
      }
    }
  },
  {
    "id": "loaker-tortina-dark-chocolate",
    "brand": "Loacker",
    "name": "Dark Tortina Chocolate Biscuit",
    "imageUrl": "https://shop.coles.com.au/wcsstore/Coles-CAS/images/7/2/2/7220934-th.jpg",
    "categories": ["international-fods"],
    "tags": ["european-fod", "european-biscuits-desserts"],
    "locations": {
      "vic": {
        "price": 4,
        "promoText": " ",
        "packageSize": "125g",
        "packagePrice": "$3.20 per 100G"
      }
    }
  },
  {
    "id": "the-spice-tailor-classic-tarka-daal",
    "brand": "The Spice Tailor",
    "name": "Classic Tarka Daal Mild",
    "imageUrl": "https://shop.coles.com.au/wcsstore/Coles-CAS/images/2/8/0/2803425-th.jpg",
    "categories": ["international-fods"],
    "tags": ["indian-fod", "indian-bakery"],
    "locations": {
      "vic": {
        "price": 5.5,
        "promoText": " ",
        "packageSize": "500g",
        "packagePrice": "$1.10 per 100G"
      }
    }
  },
  {
    "id": "the-spice-tailor-bengali-coconut-daal",
    "brand": "The Spice Tailor",
    "name": "Bengali Coconut Daal",
    "imageUrl": "https://shop.coles.com.au/wcsstore/Coles-CAS/images/2/8/0/2803458-th.jpg",
    "categories": ["international-fods"],
    "tags": ["indian-fod", "indian-bakery"],
    "locations": {
      "vic": {
        "price": 5.5,
        "promoText": " ",
        "packageSize": "400g",
        "packagePrice": "$1.38 per 100G"
      }
    }
  },
  {
    "id": "coles-indian-ready-to-eat-meal-channa-masala",
    "brand": "Coles",
    "name": "Indian Chana Masala",
    "imageUrl": "https://shop.coles.com.au/wcsstore/Coles-CAS/images/3/2/6/3265250-th.jpg",
    "categories": ["international-fods"],
    "tags": ["indian-fod", "indian-fods"],
    "locations": {
      "vic": {
        "price": 1.5,
        "promoText": "$1.50 ",
        "packageSize": "300g",
        "packagePrice": "$0.50 per 100G"
      }
    }
  },
  {
    "id": "coles-indian-ready-to-eat-meal-dhal-makhani",
    "brand": "Coles",
    "name": "Indian Daal Makhani",
    "imageUrl": "https://shop.coles.com.au/wcsstore/Coles-CAS/images/3/2/6/3265282-th.jpg",
    "categories": ["international-fods"],
    "tags": ["indian-fod", "indian-fods"],
    "locations": {
      "vic": {
        "price": 3,
        "promoText": " ",
        "packageSize": "300g",
        "packagePrice": "$1.00 per 100G"
      }
    }
  },
  {
    "id": "pataks-simmer-sauce-butter-chicken-450g",
    "brand": "Patak's",
    "name": "Butter Chicken Simmer Sauce Mild",
    "imageUrl": "https://shop.coles.com.au/wcsstore/Coles-CAS/images/2/9/1/2917763-th.jpg",
    "categories": ["international-fods"],
    "tags": ["indian-fod", "indian-fods"],
    "locations": {
      "vic": {
        "price": 4.5,
        "promoText": " ",
        "packageSize": "450g",
        "packagePrice": "$1.00 per 100G"
      }
    }
  },
  {
    "id": "passage-to-india-sauce-butter-chicken-simmer",
    "brand": "Passage Foods",
    "name": "Passage To India Butter Chicken Simmer Sauce Pouch",
    "imageUrl": "https://shop.coles.com.au/wcsstore/Coles-CAS/images/9/7/8/9781499-th.jpg",
    "categories": ["international-fods"],
    "tags": ["indian-fod", "indian-fods"],
    "locations": {
      "vic": {
        "price": 3.25,
        "promoText": "$1.45 ",
        "packageSize": "375g",
        "packagePrice": "$0.87 per 100G"
      }
    }
  },
  {
    "id": "the-spice-tailor-classic-butter-chicken-curry-sauce",
    "brand": "The Spice Tailor",
    "name": "Classic Butter Chicken",
    "imageUrl": "https://shop.coles.com.au/wcsstore/Coles-CAS/images/2/3/6/2361190-th.jpg",
    "categories": ["international-fods"],
    "tags": ["indian-fod", "indian-fods"],
    "locations": {
      "vic": {
        "price": 5.5,
        "promoText": " ",
        "packageSize": "300g",
        "packagePrice": "$1.83 per 100G"
      }
    }
  },
  {
    "id": "passage-to-india-sauce-tikka-marsala-simmer",
    "brand": "Passage Foods",
    "name": "Passage To India Tikka Masala Simmer Sauce Pouch",
    "imageUrl": "https://shop.coles.com.au/wcsstore/Coles-CAS/images/4/6/9/4699030-th.jpg",
    "categories": ["international-fods"],
    "tags": ["indian-fod", "indian-fods"],
    "locations": {
      "vic": {
        "price": 3.25,
        "promoText": "$1.45 ",
        "packageSize": "375g",
        "packagePrice": "$0.87 per 100G"
      }
    }
  },
  {
    "id": "coles-indian-naan-traditional-2-pack",
    "brand": "Coles",
    "name": "Indian Naan Plain 3 Pack",
    "imageUrl": "https://shop.coles.com.au/wcsstore/Coles-CAS/images/3/4/7/3474271-th.jpg",
    "categories": ["international-fods"],
    "tags": ["indian-fod", "indian-fods"],
    "locations": {
      "vic": {
        "price": 3,
        "promoText": " ",
        "packageSize": "250g",
        "packagePrice": "$1.20 per 100G"
      }
    }
  },
  {
    "id": "pataks-pickle-lime-mild",
    "brand": "Patak's",
    "name": "Lime Pickle Medium",
    "imageUrl": "https://shop.coles.com.au/wcsstore/Coles-CAS/images/9/7/2/9725090-th.jpg",
    "categories": ["international-fods"],
    "tags": ["indian-fod", "indian-fods"],
    "locations": {
      "vic": {
        "price": 6.4,
        "promoText": " ",
        "packageSize": "283g",
        "packagePrice": "$2.26 per 100G"
      }
    }
  },
  {
    "id": "pataks-simmer-sauce-med-butter-chicken-450g",
    "brand": "Patak's",
    "name": "Butter Chicken Simmer Sauce Medium",
    "imageUrl": "https://shop.coles.com.au/wcsstore/Coles-CAS/images/2/9/1/2917796-th.jpg",
    "categories": ["international-fods"],
    "tags": ["indian-fod", "indian-fods"],
    "locations": {
      "vic": {
        "price": 4.5,
        "promoText": " ",
        "packageSize": "450g",
        "packagePrice": "$1.00 per 100G"
      }
    }
  },
  {
    "id": "the-spice-tailor-hyderabad-biriyani",
    "brand": "The Spice Tailor",
    "name": "Hyderabad Biriyani",
    "imageUrl": "https://shop.coles.com.au/wcsstore/Coles-CAS/images/3/7/6/3760485-th.jpg",
    "categories": ["international-fods"],
    "tags": ["indian-fod", "indian-fods"],
    "locations": {
      "vic": {
        "price": 5.5,
        "promoText": " ",
        "packageSize": "360g",
        "packagePrice": "$1.53 per 100G"
      }
    }
  },
  {
    "id": "the-spice-tailor-dehli-biriyani",
    "brand": "The Spice Tailor",
    "name": "Delhi Biriyani",
    "imageUrl": "https://shop.coles.com.au/wcsstore/Coles-CAS/images/3/7/6/3760463-th.jpg",
    "categories": ["international-fods"],
    "tags": ["indian-fod", "indian-fods"],
    "locations": {
      "vic": {
        "price": 5.5,
        "promoText": " ",
        "packageSize": "360g",
        "packagePrice": "$1.53 per 100G"
      }
    }
  },
  {
    "id": "coles-indian-naan-garlic-herb-2-pack",
    "brand": "Coles",
    "name": "Indian Naan Garlic 3 Pack",
    "imageUrl": "https://shop.coles.com.au/wcsstore/Coles-CAS/images/3/4/7/3474282-th.jpg",
    "categories": ["international-fods"],
    "tags": ["indian-fod", "indian-fods"],
    "locations": {
      "vic": {
        "price": 3,
        "promoText": " ",
        "packageSize": "250g",
        "packagePrice": "$1.20 per 100G"
      }
    }
  },
  {
    "id": "masterfoods-ready-to-heat-jaipur-vegetables",
    "brand": "Masterfoods Heat & Eat",
    "name": "Jaipur Vegetables",
    "imageUrl": "https://shop.coles.com.au/wcsstore/Coles-CAS/images/3/4/7/3477145-th.jpg",
    "categories": ["international-fods"],
    "tags": ["indian-fod", "indian-fods"],
    "locations": {
      "vic": {
        "price": 3.5,
        "promoText": " ",
        "packageSize": "285g",
        "packagePrice": "$1.23 per 100G"
      }
    }
  },
  {
    "id": "passage-to-india-sauce-vindaloo-simmer",
    "brand": "Passage Foods",
    "name": "Passage to India Vindaloo Simmer Sauce Pouch",
    "imageUrl": "https://shop.coles.com.au/wcsstore/Coles-CAS/images/6/2/9/6293943-th.jpg",
    "categories": ["international-fods"],
    "tags": ["indian-fod", "indian-fods"],
    "locations": {
      "vic": {
        "price": 3.25,
        "promoText": "$1.45 ",
        "packageSize": "375g",
        "packagePrice": "$0.87 per 100G"
      }
    }
  },
  {
    "id": "passage-to-india-sauce-korma-curry-simmer",
    "brand": "Passage Foods",
    "name": "Passage To India Korma Curry Simmer Sauce Pouch",
    "imageUrl": "https://shop.coles.com.au/wcsstore/Coles-CAS/images/9/7/8/9781580-th.jpg",
    "categories": ["international-fods"],
    "tags": ["indian-fod", "indian-fods"],
    "locations": {
      "vic": {
        "price": 3.25,
        "promoText": "$1.45 ",
        "packageSize": "375g",
        "packagePrice": "$0.87 per 100G"
      }
    }
  },
  {
    "id": "pataks-simmer-sauce-korma-450g",
    "brand": "Patak's",
    "name": "Korma Simmer Sauce Mild",
    "imageUrl": "https://shop.coles.com.au/wcsstore/Coles-CAS/images/2/9/1/2917720-th.jpg",
    "categories": ["international-fods"],
    "tags": ["indian-fod", "indian-fods"],
    "locations": {
      "vic": {
        "price": 4.5,
        "promoText": " ",
        "packageSize": "450g",
        "packagePrice": "$1.00 per 100G"
      }
    }
  },
  {
    "id": "sharwoods-sauce-simmer-korma",
    "brand": "Sharwood's",
    "name": "Korma Simmer Sauce",
    "imageUrl": "https://shop.coles.com.au/wcsstore/Coles-CAS/images/4/6/9/4699368-th.jpg",
    "categories": ["international-fods"],
    "tags": ["indian-fod", "indian-fods"],
    "locations": {
      "vic": {
        "price": 3,
        "promoText": "Was $4.00 on Nov 2018 ",
        "packageSize": "420g",
        "packagePrice": "$0.71 per 100G"
      }
    }
  },
  {
    "id": "the-spice-tailor-sauce-curry-original-tikka-masala",
    "brand": "The Spice Tailor",
    "name": "Original Tikka Masala Curry Pouch Mild",
    "imageUrl": "https://shop.coles.com.au/wcsstore/Coles-CAS/images/1/3/3/1330204-th.jpg",
    "categories": ["international-fods"],
    "tags": ["indian-fod", "indian-fods"],
    "locations": {
      "vic": {
        "price": 5.5,
        "promoText": " ",
        "packageSize": "300g",
        "packagePrice": "$1.83 per 100G"
      }
    }
  },
  {
    "id": "coles-butter-chicken-simmer-sauce",
    "brand": "Coles",
    "name": "Butter Chicken Simmer Sauce",
    "imageUrl": "https://shop.coles.com.au/wcsstore/Coles-CAS/images/2/3/6/2360288-th.jpg",
    "categories": ["international-fods"],
    "tags": ["indian-fod", "indian-fods"],
    "locations": {
      "vic": {
        "price": 2.4,
        "promoText": " ",
        "packageSize": "485g",
        "packagePrice": "$0.49 per 100G"
      }
    }
  },
  {
    "id": "coles-indian-ready-to-eat-meal-dhal-tadka",
    "brand": "Coles",
    "name": "Indian Daal Tadka",
    "imageUrl": "https://shop.coles.com.au/wcsstore/Coles-CAS/images/3/2/6/3265271-th.jpg",
    "categories": ["international-fods"],
    "tags": ["indian-fod", "indian-fods"],
    "locations": {
      "vic": {
        "price": 3,
        "promoText": " ",
        "packageSize": "300g",
        "packagePrice": "$1.00 per 100G"
      }
    }
  },
  {
    "id": "masterfoods-ready-to-heat-madras-lentils",
    "brand": "Masterfoods Heat & Eat",
    "name": "Madras Lentils",
    "imageUrl": "https://shop.coles.com.au/wcsstore/Coles-CAS/images/3/4/7/3477134-th.jpg",
    "categories": ["international-fods"],
    "tags": ["indian-fod", "indian-fods"],
    "locations": {
      "vic": {
        "price": 3.5,
        "promoText": " ",
        "packageSize": "285g",
        "packagePrice": "$1.23 per 100G"
      }
    }
  },
  {
    "id": "passage-to-india-sauce-rogan-josh-simmer",
    "brand": "Passage Foods",
    "name": "Passage To India Rogan Josh Simmer Sauce Pouch",
    "imageUrl": "https://shop.coles.com.au/wcsstore/Coles-CAS/images/4/6/9/4699040-th.jpg",
    "categories": ["international-fods"],
    "tags": ["indian-fod", "indian-fods"],
    "locations": {
      "vic": {
        "price": 3.25,
        "promoText": "$1.45 ",
        "packageSize": "375g",
        "packagePrice": "$0.87 per 100G"
      }
    }
  },
  {
    "id": "street-kitchen-kit-butter-chicken",
    "brand": "Passage Foods",
    "name": "Street Kitchen North Indian Butter Chicken",
    "imageUrl": "https://shop.coles.com.au/wcsstore/Coles-CAS/images/3/4/7/3477859-th.jpg",
    "categories": ["international-fods"],
    "tags": ["indian-fod", "indian-fods"],
    "locations": {
      "vic": {
        "price": 5.5,
        "promoText": " ",
        "packageSize": "255g",
        "packagePrice": "$2.16 per 100G"
      }
    }
  },
  {
    "id": "passage-to-india-sauce-simmer-saag",
    "brand": "Passage Foods",
    "name": "Passage To India Saag Curry Simmer Sauce",
    "imageUrl": "https://shop.coles.com.au/wcsstore/Coles-CAS/images/3/3/1/3314468-th.jpg",
    "categories": ["international-fods"],
    "tags": ["indian-fod", "indian-fods"],
    "locations": {
      "vic": {
        "price": 3.25,
        "promoText": "$1.45 ",
        "packageSize": "375g",
        "packagePrice": "$0.87 per 100G"
      }
    }
  },
  {
    "id": "pataks-simmer-sauce-tikka-masala-450g",
    "brand": "Patak's",
    "name": "Tikka Masala Simmer Sauce Medium",
    "imageUrl": "https://shop.coles.com.au/wcsstore/Coles-CAS/images/2/9/1/2917785-th.jpg",
    "categories": ["international-fods"],
    "tags": ["indian-fod", "indian-fods"],
    "locations": {
      "vic": {
        "price": 4.5,
        "promoText": " ",
        "packageSize": "450g",
        "packagePrice": "$1.00 per 100G"
      }
    }
  },
  {
    "id": "sharwoods-sauce-simmer-madras",
    "brand": "Sharwood's",
    "name": "Madras Simmer Sauce",
    "imageUrl": "https://shop.coles.com.au/wcsstore/Coles-CAS/images/4/6/9/4699379-th.jpg",
    "categories": ["international-fods"],
    "tags": ["indian-fod", "indian-fods"],
    "locations": {
      "vic": {
        "price": 3,
        "promoText": "Was $4.00 on Nov 2018 ",
        "packageSize": "420g",
        "packagePrice": "$0.71 per 100G"
      }
    }
  },
  {
    "id": "the-spice-tailor-sauce-curry-delicate-korma",
    "brand": "The Spice Tailor",
    "name": "Delicate Korma Curry Pouch Mild",
    "imageUrl": "https://shop.coles.com.au/wcsstore/Coles-CAS/images/1/3/3/1330168-th.jpg",
    "categories": ["international-fods"],
    "tags": ["indian-fod", "indian-fods"],
    "locations": {
      "vic": {
        "price": 5.5,
        "promoText": " ",
        "packageSize": "300g",
        "packagePrice": "$1.83 per 100G"
      }
    }
  },
  {
    "id": "the-spice-tailor-malabar-biriyani",
    "brand": "The Spice Tailor",
    "name": "Malabar Biriyani",
    "imageUrl": "https://shop.coles.com.au/wcsstore/Coles-CAS/images/3/7/6/3760496-th.jpg",
    "categories": ["international-fods"],
    "tags": ["indian-fod", "indian-fods"],
    "locations": {
      "vic": {
        "price": 5.5,
        "promoText": " ",
        "packageSize": "360g",
        "packagePrice": "$1.53 per 100G"
      }
    }
  },
  {
    "id": "coles-indian-marinade-coconut-coriander",
    "brand": "Coles",
    "name": "Coriander & Coconut Marinade",
    "imageUrl": "https://shop.coles.com.au/wcsstore/Coles-CAS/images/3/2/6/3269104-th.jpg",
    "categories": ["international-fods"],
    "tags": ["indian-fod", "indian-fods"],
    "locations": {
      "vic": {
        "price": 3,
        "promoText": " ",
        "packageSize": "200g",
        "packagePrice": "$1.50 per 100G"
      }
    }
  },
  {
    "id": "coles-indian-ready-to-eat-meal-palak-paneer",
    "brand": "Coles",
    "name": "Indian Palak Paneer",
    "imageUrl": "https://shop.coles.com.au/wcsstore/Coles-CAS/images/3/2/6/3265260-th.jpg",
    "categories": ["international-fods"],
    "tags": ["indian-fod", "indian-fods"],
    "locations": {
      "vic": {
        "price": 3,
        "promoText": " ",
        "packageSize": "300g",
        "packagePrice": "$1.00 per 100G"
      }
    }
  },
  {
    "id": "coles-indian-ready-to-eat-meal-bombay-potatoes",
    "brand": "Coles",
    "name": "Indian Bombay Potatoes",
    "imageUrl": "https://shop.coles.com.au/wcsstore/Coles-CAS/images/3/2/6/3265249-th.jpg",
    "categories": ["international-fods"],
    "tags": ["indian-fod", "indian-fods"],
    "locations": {
      "vic": {
        "price": 3,
        "promoText": " ",
        "packageSize": "300g",
        "packagePrice": "$1.00 per 100G"
      }
    }
  },
  {
    "id": "coles-indian-ready-to-heat-meal-spiced-basmati",
    "brand": "Coles",
    "name": "Indian Spiced Basmati Rice",
    "imageUrl": "https://shop.coles.com.au/wcsstore/Coles-CAS/images/3/2/6/3265329-th.jpg",
    "categories": ["international-fods"],
    "tags": ["indian-fod", "indian-fods"],
    "locations": {
      "vic": {
        "price": 3,
        "promoText": " ",
        "packageSize": "250g",
        "packagePrice": "$1.20 per 100G"
      }
    }
  },
  {
    "id": "maharajahs-choice-ghee",
    "brand": "Maharajah's Choice",
    "name": "Pure Ghee",
    "imageUrl": "https://shop.coles.com.au/wcsstore/Coles-CAS/images/9/7/4/9743547-th.jpg",
    "categories": ["international-fods"],
    "tags": ["indian-fod", "indian-fods"],
    "locations": {
      "vic": {
        "price": 5.75,
        "promoText": " ",
        "packageSize": "300g",
        "packagePrice": "$1.92 per 100G"
      }
    }
  },
  {
    "id": "masterfods-coking-sauce-tikka-masala",
    "brand": "Masterfoods",
    "name": "Tikka Masala Cooking Sauce",
    "imageUrl": "https://shop.coles.com.au/wcsstore/Coles-CAS/images/3/7/6/3760849-th.jpg",
    "categories": ["international-fods"],
    "tags": ["indian-fod", "indian-fods"],
    "locations": {
      "vic": {
        "price": 4.5,
        "promoText": " ",
        "packageSize": "375g",
        "packagePrice": "$1.20 per 100G"
      }
    }
  },
  {
    "id": "masterfoods-ready-to-heat-kashmir-spinach",
    "brand": "Masterfoods Heat & Eat",
    "name": "Kashmir Spinach",
    "imageUrl": "https://shop.coles.com.au/wcsstore/Coles-CAS/images/3/4/7/3477167-th.jpg",
    "categories": ["international-fods"],
    "tags": ["indian-fod", "indian-fods"],
    "locations": {
      "vic": {
        "price": 3.5,
        "promoText": " ",
        "packageSize": "285g",
        "packagePrice": "$1.23 per 100G"
      }
    }
  },
  {
    "id": "masterfoods-ready-to-heat-channa-masala",
    "brand": "Masterfoods Heat & Eat",
    "name": "Channa Masala",
    "imageUrl": "https://shop.coles.com.au/wcsstore/Coles-CAS/images/3/4/7/3477156-th.jpg",
    "categories": ["international-fods"],
    "tags": ["indian-fod", "indian-fods"],
    "locations": {
      "vic": {
        "price": 3.5,
        "promoText": " ",
        "packageSize": "285g",
        "packagePrice": "$1.23 per 100G"
      }
    }
  },
  {
    "id": "passage-to-india-sauce-balti-curry-simmer",
    "brand": "Passage Foods",
    "name": "Passage To India Balti Curry Simmer Sauce Pouch",
    "imageUrl": "https://shop.coles.com.au/wcsstore/Coles-CAS/images/6/8/3/6836197-th.jpg",
    "categories": ["international-fods"],
    "tags": ["indian-fod", "indian-fods"],
    "locations": {
      "vic": {
        "price": 3.25,
        "promoText": "$1.45 ",
        "packageSize": "375g",
        "packagePrice": "$0.87 per 100G"
      }
    }
  },
  {
    "id": "passage-to-india-simmer-sauce-curry-coconut-cashew",
    "brand": "Passage Foods",
    "name": "Passage to India Sri Lankan Coconut & Cashew Chicken Simmer Sauce Pouch",
    "imageUrl": "https://shop.coles.com.au/wcsstore/Coles-CAS/images/1/3/2/1329180-th.jpg",
    "categories": ["international-fods"],
    "tags": ["indian-fod", "indian-fods"],
    "locations": {
      "vic": {
        "price": 3.25,
        "promoText": "$1.45 ",
        "packageSize": "375g",
        "packagePrice": "$0.87 per 100G"
      }
    }
  },
  {
    "id": "passage-to-india-extra-mild-butter-chicken-simmer-sauce",
    "brand": "Passage Foods",
    "name": "Passage To India Butter Chicken Simmer Sauce Pouch Extra Mild",
    "imageUrl": "https://shop.coles.com.au/wcsstore/Coles-CAS/images/2/3/6/2360991-th.jpg",
    "categories": ["international-fods"],
    "tags": ["indian-fod", "indian-fods"],
    "locations": {
      "vic": {
        "price": 3.25,
        "promoText": "$1.45 ",
        "packageSize": "375g",
        "packagePrice": "$0.87 per 100G"
      }
    }
  },
  {
    "id": "street-kitchen-kit-coconut-chicken",
    "brand": "Passage Foods",
    "name": "Street Kitchen Punjabi Cashew Korma",
    "imageUrl": "https://shop.coles.com.au/wcsstore/Coles-CAS/images/3/4/7/3477870-th.jpg",
    "categories": ["international-fods"],
    "tags": ["indian-fod", "indian-fods"],
    "locations": {
      "vic": {
        "price": 5.5,
        "promoText": " ",
        "packageSize": "255g",
        "packagePrice": "$2.16 per 100G"
      }
    }
  },
  {
    "id": "street-kitchen-kit-coconut-chicken-chettinad",
    "brand": "Passage Foods",
    "name": "Street Kitchen Coconut Chicken Chettinad",
    "imageUrl": "https://shop.coles.com.au/wcsstore/Coles-CAS/images/3/4/7/3477860-th.jpg",
    "categories": ["international-fods"],
    "tags": ["indian-fod", "indian-fods"],
    "locations": {
      "vic": {
        "price": 5.5,
        "promoText": " ",
        "packageSize": "255g",
        "packagePrice": "$2.16 per 100G"
      }
    }
  },
  {
    "id": "pataks-pickle-eggplant",
    "brand": "Patak's",
    "name": "Pickled Eggplant",
    "imageUrl": "https://shop.coles.com.au/wcsstore/Coles-CAS/images/5/6/1/5616060-th.jpg",
    "categories": ["international-fods"],
    "tags": ["indian-fod", "indian-fods"],
    "locations": {
      "vic": {
        "price": 6.4,
        "promoText": " ",
        "packageSize": "312g",
        "packagePrice": "$2.05 per 100G"
      }
    }
  },
  {
    "id": "pataks-simmer-sauce-madras-450g",
    "brand": "Patak's",
    "name": "Madras Simmer Sauce Hot",
    "imageUrl": "https://shop.coles.com.au/wcsstore/Coles-CAS/images/2/9/1/2917821-th.jpg",
    "categories": ["international-fods"],
    "tags": ["indian-fod", "indian-fods"],
    "locations": {
      "vic": {
        "price": 4.5,
        "promoText": " ",
        "packageSize": "450g",
        "packagePrice": "$1.00 per 100G"
      }
    }
  },
  {
    "id": "pataks-simmer-sauce-coconut-cashew-450g",
    "brand": "Patak's",
    "name": "Cashew & Coconut Simmer Sauce Mild",
    "imageUrl": "https://shop.coles.com.au/wcsstore/Coles-CAS/images/2/9/1/2917810-th.jpg",
    "categories": ["international-fods"],
    "tags": ["indian-fod", "indian-fods"],
    "locations": {
      "vic": {
        "price": 4.5,
        "promoText": " ",
        "packageSize": "450g",
        "packagePrice": "$1.00 per 100G"
      }
    }
  },
  {
    "id": "pataks-simmer-sauce-rogan-josh-450g",
    "brand": "Patak's",
    "name": "Rogan Josh Simmer Sauce Medium",
    "imageUrl": "https://shop.coles.com.au/wcsstore/Coles-CAS/images/2/9/1/2917752-th.jpg",
    "categories": ["international-fods"],
    "tags": ["indian-fod", "indian-fods"],
    "locations": {
      "vic": {
        "price": 4.5,
        "promoText": " ",
        "packageSize": "450g",
        "packagePrice": "$1.00 per 100G"
      }
    }
  },
  {
    "id": "pataks-oven-bake-tandoori",
    "brand": "Patak's",
    "name": "Tandoori Oven Bake",
    "imageUrl": "https://shop.coles.com.au/wcsstore/Coles-CAS/images/3/4/7/3476266-th.jpg",
    "categories": ["international-fods"],
    "tags": ["indian-fod", "indian-fods"],
    "locations": {
      "vic": {
        "price": 2.5,
        "promoText": " ",
        "packageSize": "120g",
        "packagePrice": "$2.08 per 100G"
      }
    }
  },
  {
    "id": "patak-s-tandori-simmer-sauce",
    "brand": "Patak's",
    "name": "Tandoori Simmer Sauce",
    "imageUrl": "https://shop.coles.com.au/wcsstore/Coles-CAS/images/3/7/5/3754020-th.jpg",
    "categories": ["international-fods"],
    "tags": ["indian-fod", "indian-fods"],
    "locations": {
      "vic": {
        "price": 4.5,
        "promoText": " ",
        "packageSize": "450g",
        "packagePrice": "$1.00 per 100G"
      }
    }
  },
  {
    "id": "patak-s-spicy-chicken-oven-bake",
    "brand": "Patak's",
    "name": "Spicy Chicken Oven Bake",
    "imageUrl": "https://shop.coles.com.au/wcsstore/Coles-CAS/images/3/7/5/3753923-th.jpg",
    "categories": ["international-fods"],
    "tags": ["indian-fod", "indian-fods"],
    "locations": {
      "vic": {
        "price": 2.5,
        "promoText": " ",
        "packageSize": "120g",
        "packagePrice": "$2.08 per 100G"
      }
    }
  },
  {
    "id": "sharwoods-sauce-simmer-butter-chicken",
    "brand": "Sharwood's",
    "name": "Butter Chicken Simmer Sauce",
    "imageUrl": "https://shop.coles.com.au/wcsstore/Coles-CAS/images/4/5/0/4505337-th.jpg",
    "categories": ["international-fods"],
    "tags": ["indian-fod", "indian-fods"],
    "locations": {
      "vic": {
        "price": 3,
        "promoText": "Was $4.00 on Nov 2018 ",
        "packageSize": "420g",
        "packagePrice": "$0.71 per 100G"
      }
    }
  },
  {
    "id": "sharwoods-sauce-simmer-rogan-josh",
    "brand": "Sharwood's",
    "name": "Rogan Josh Simmer Sauce",
    "imageUrl": "https://shop.coles.com.au/wcsstore/Coles-CAS/images/4/5/6/4565805-th.jpg",
    "categories": ["international-fods"],
    "tags": ["indian-fod", "indian-fods"],
    "locations": {
      "vic": {
        "price": 3,
        "promoText": "Was $4.00 on Nov 2018 ",
        "packageSize": "420g",
        "packagePrice": "$0.71 per 100G"
      }
    }
  },
  {
    "id": "sharwoods-sauce-simmer-tikka-masala",
    "brand": "Sharwood's",
    "name": "Tikka Masala Simmer Sauce",
    "imageUrl": "https://shop.coles.com.au/wcsstore/Coles-CAS/images/4/6/9/4699357-th.jpg",
    "categories": ["international-fods"],
    "tags": ["indian-fod", "indian-fods"],
    "locations": {
      "vic": {
        "price": 3,
        "promoText": "Was $4.00 on Nov 2018 ",
        "packageSize": "420g",
        "packagePrice": "$0.71 per 100G"
      }
    }
  },
  {
    "id": "sharwoods-simmer-sauce-creamy-butter-chicken",
    "brand": "Sharwood's",
    "name": "Extra Creamy Butter Chicken Simmer Sauce",
    "imageUrl": "https://shop.coles.com.au/wcsstore/Coles-CAS/images/3/4/7/3474362-th.jpg",
    "categories": ["international-fods"],
    "tags": ["indian-fod", "indian-fods"],
    "locations": {
      "vic": {
        "price": 3,
        "promoText": "Was $4.00 on Nov 2018 ",
        "packageSize": "420g",
        "packagePrice": "$0.71 per 100G"
      }
    }
  },
  {
    "id": "sharwod-s-tangy-butter-chicken-coking-sauce",
    "brand": "Sharwood's",
    "name": "Tangy Butter Chicken Cooking Sauce Pouch",
    "imageUrl": "https://shop.coles.com.au/wcsstore/Coles-CAS/images/3/7/5/3759748-th.jpg",
    "categories": ["international-fods"],
    "tags": ["indian-fod", "indian-fods"],
    "locations": {
      "vic": {
        "price": 3.5,
        "promoText": " ",
        "packageSize": "250g",
        "packagePrice": "$1.40 per 100G"
      }
    }
  },
  {
    "id": "sharwod-s-spicy-tikka-coking-sauce",
    "brand": "Sharwood's",
    "name": "Spicy Tikka Cooking Sauce Pouch",
    "imageUrl": "https://shop.coles.com.au/wcsstore/Coles-CAS/images/3/7/5/3759726-th.jpg",
    "categories": ["international-fods"],
    "tags": ["indian-fod", "indian-fods"],
    "locations": {
      "vic": {
        "price": 3.5,
        "promoText": " ",
        "packageSize": "250g",
        "packagePrice": "$1.40 per 100G"
      }
    }
  },
  {
    "id": "sharwod-s-creamy-coconut-korma-coking-sauce",
    "brand": "Sharwood's",
    "name": "Creamy Coconut Korma Cooking Sauce Pouch",
    "imageUrl": "https://shop.coles.com.au/wcsstore/Coles-CAS/images/3/7/5/3759715-th.jpg",
    "categories": ["international-fods"],
    "tags": ["indian-fod", "indian-fods"],
    "locations": {
      "vic": {
        "price": 3.5,
        "promoText": " ",
        "packageSize": "250g",
        "packagePrice": "$1.40 per 100G"
      }
    }
  },
  {
    "id": "the-spice-tailor-sauce-curry-rustic-rogan-josh",
    "brand": "The Spice Tailor",
    "name": "Rustic Rogan Josh Curry Pouch Mild",
    "imageUrl": "https://shop.coles.com.au/wcsstore/Coles-CAS/images/1/3/3/1330180-th.jpg",
    "categories": ["international-fods"],
    "tags": ["indian-fod", "indian-fods"],
    "locations": {
      "vic": {
        "price": 5.5,
        "promoText": " ",
        "packageSize": "300g",
        "packagePrice": "$1.83 per 100G"
      }
    }
  },
  {
    "id": "the-spice-tailor-sauce-curry-keralan-coconut",
    "brand": "The Spice Tailor",
    "name": "Keralan Coconut Curry",
    "imageUrl": "https://shop.coles.com.au/wcsstore/Coles-CAS/images/1/3/1/1311345-th.jpg",
    "categories": ["international-fods"],
    "tags": ["indian-fod", "indian-fods"],
    "locations": {
      "vic": {
        "price": 5.5,
        "promoText": " ",
        "packageSize": "225g",
        "packagePrice": "$2.44 per 100G"
      }
    }
  },
  {
    "id": "the-spice-tailor-fiery-goan-curry-sauce",
    "brand": "The Spice Tailor",
    "name": "Fiery Goan Curry",
    "imageUrl": "https://shop.coles.com.au/wcsstore/Coles-CAS/images/2/3/6/2361203-th.jpg",
    "categories": ["international-fods"],
    "tags": ["indian-fod", "indian-fods"],
    "locations": {
      "vic": {
        "price": 5.5,
        "promoText": " ",
        "packageSize": "300g",
        "packagePrice": "$1.83 per 100G"
      }
    }
  },
  {
    "id": "the-spice-tailor-hyderabad-red-korma",
    "brand": "The Spice Tailor",
    "name": "Hyderabad Red Korma",
    "imageUrl": "https://shop.coles.com.au/wcsstore/Coles-CAS/images/3/2/9/3299150-th.jpg",
    "categories": ["international-fods"],
    "tags": ["indian-fod", "indian-fods"],
    "locations": {
      "vic": {
        "price": 5.5,
        "promoText": " ",
        "packageSize": "300g",
        "packagePrice": "$1.83 per 100G"
      }
    }
  },
  {
    "id": "the-spice-tailor-lentil-tarka-dal",
    "brand": "The Spice Tailor",
    "name": "Lentil Tarka Daal",
    "imageUrl": "https://shop.coles.com.au/wcsstore/Coles-CAS/images/3/7/6/3760474-th.jpg",
    "categories": ["international-fods"],
    "tags": ["indian-fod", "indian-fods"],
    "locations": {
      "vic": {
        "price": 5.5,
        "promoText": " ",
        "packageSize": "500g",
        "packagePrice": "$1.10 per 100G"
      }
    }
  },
  {
    "id": "the-spice-tailor-mangalore-roasted-coconut",
    "brand": "The Spice Tailor",
    "name": "Mangalore Roasted Coconut",
    "imageUrl": "https://shop.coles.com.au/wcsstore/Coles-CAS/images/3/7/6/3760441-th.jpg",
    "categories": ["international-fods"],
    "tags": ["indian-fod", "indian-fods"],
    "locations": {
      "vic": {
        "price": 5.5,
        "promoText": " ",
        "packageSize": "300g",
        "packagePrice": "$1.83 per 100G"
      }
    }
  },
  {
    "id": "maharajahs-choice-pappadams-plain-419448p",
    "brand": "Maharajah's Choice",
    "name": "Plain Pappadams",
    "imageUrl": "https://shop.coles.com.au/wcsstore/Coles-CAS/images/4/1/9/419448-th.jpg",
    "categories": ["international-fods"],
    "tags": ["indian-fod", "indian-sauces-spices"],
    "locations": {
      "vic": {
        "price": 1.5,
        "promoText": " ",
        "packageSize": "100g",
        "packagePrice": "$1.50 per 100G"
      }
    }
  },
  {
    "id": "pataks-pappadums-ready-to-eat-plain",
    "brand": "Patak's",
    "name": "Plain Mini Pappadums",
    "imageUrl": "https://shop.coles.com.au/wcsstore/Coles-CAS/images/9/7/2/9725308-th.jpg",
    "categories": ["international-fods"],
    "tags": ["indian-fod", "indian-sauces-spices"],
    "locations": {
      "vic": {
        "price": 4.1,
        "promoText": " ",
        "packageSize": "75g",
        "packagePrice": "$5.47 per 100G"
      }
    }
  },
  {
    "id": "pataks-chutney-mango-sweet",
    "brand": "Patak's",
    "name": "Mango Chutney Mild",
    "imageUrl": "https://shop.coles.com.au/wcsstore/Coles-CAS/images/5/0/2/5029713-th.jpg",
    "categories": ["international-fods"],
    "tags": ["indian-fod", "indian-sauces-spices"],
    "locations": {
      "vic": {
        "price": 4.95,
        "promoText": " ",
        "packageSize": "340g",
        "packagePrice": "$1.46 per 100G"
      }
    }
  },
  {
    "id": "maharajahs-choice-pappadams-plain-large",
    "brand": "Maharajah's Choice Large",
    "name": "Plain Pappadams",
    "imageUrl": "https://shop.coles.com.au/wcsstore/Coles-CAS/images/3/4/7/3475693-th.jpg",
    "categories": ["international-fods"],
    "tags": ["indian-fod", "indian-sauces-spices"],
    "locations": {
      "vic": {
        "price": 2.5,
        "promoText": " ",
        "packageSize": "100g",
        "packagePrice": "$2.50 per 100G"
      }
    }
  },
  {
    "id": "pataks-ready-to-eat-pappadums",
    "brand": "Patak's",
    "name": "Ready To Eat Plain Pappadums 6 Pieces",
    "imageUrl": "https://shop.coles.com.au/wcsstore/Coles-CAS/images/3/6/3/3637503-th.jpg",
    "categories": ["international-fods"],
    "tags": ["indian-fod", "indian-sauces-spices"],
    "locations": {
      "vic": {
        "price": 4,
        "promoText": " ",
        "packageSize": "58g",
        "packagePrice": "$6.90 per 100G"
      }
    }
  },
  {
    "id": "sharwoods-chutney-green-label-mango",
    "brand": "Sharwood's",
    "name": "Green Label Mango Chutney",
    "imageUrl": "https://shop.coles.com.au/wcsstore/Coles-CAS/images/2/0/4/204714-th.jpg",
    "categories": ["international-fods"],
    "tags": ["indian-fod", "indian-sauces-spices"],
    "locations": {
      "vic": {
        "price": 5.65,
        "promoText": " ",
        "packageSize": "354g",
        "packagePrice": "$1.60 per 100G"
      }
    }
  },
  {
    "id": "masterfoods-cooking-sauce-korma",
    "brand": "Masterfoods",
    "name": "Creamy Korma Cooking Sauce",
    "imageUrl": "https://shop.coles.com.au/wcsstore/Coles-CAS/images/3/4/7/3476175-th.jpg",
    "categories": ["international-fods"],
    "tags": ["indian-fod", "indian-sauces-spices"],
    "locations": {
      "vic": {
        "price": 4.5,
        "promoText": " ",
        "packageSize": "375g",
        "packagePrice": "$1.20 per 100G"
      }
    }
  },
  {
    "id": "sharwoods-paste-korma-mild",
    "brand": "Sharwood's",
    "name": "Korma Curry Paste",
    "imageUrl": "https://shop.coles.com.au/wcsstore/Coles-CAS/images/6/6/2/6622036-th.jpg",
    "categories": ["international-fods"],
    "tags": ["indian-fod", "indian-sauces-spices"],
    "locations": {
      "vic": {
        "price": 4,
        "promoText": "$0.50 ",
        "packageSize": "280g",
        "packagePrice": "$1.43 per 100G"
      }
    }
  },
  {
    "id": "sharwoods-paste-tandoori-curry-medium",
    "brand": "Sharwood's",
    "name": "Tandoori Paste",
    "imageUrl": "https://shop.coles.com.au/wcsstore/Coles-CAS/images/6/6/2/6621190-th.jpg",
    "categories": ["international-fods"],
    "tags": ["indian-fod", "indian-sauces-spices"],
    "locations": {
      "vic": {
        "price": 4,
        "promoText": "$0.50 ",
        "packageSize": "290g",
        "packagePrice": "$1.38 per 100G"
      }
    }
  },
  {
    "id": "sharwoods-chutney-mango-ginger",
    "brand": "Sharwood's",
    "name": "Green Label Mango & Ginger Chutney",
    "imageUrl": "https://shop.coles.com.au/wcsstore/Coles-CAS/images/3/6/2/362442-th.jpg",
    "categories": ["international-fods"],
    "tags": ["indian-fod", "indian-sauces-spices"],
    "locations": {
      "vic": {
        "price": 5.65,
        "promoText": " ",
        "packageSize": "354g",
        "packagePrice": "$1.60 per 100G"
      }
    }
  },
  {
    "id": "maharajahs-choice-garlic-pappadams",
    "brand": "Maharajah's Choice",
    "name": "Garlic Pappadams",
    "imageUrl": "https://shop.coles.com.au/wcsstore/Coles-CAS/images/2/9/3/293340-th.jpg",
    "categories": ["international-fods"],
    "tags": ["indian-fod", "indian-sauces-spices"],
    "locations": {
      "vic": {
        "price": 1.5,
        "promoText": " ",
        "packageSize": "100g",
        "packagePrice": "$1.50 per 100G"
      }
    }
  },
  {
    "id": "masterfoods-cooking-sauce-butter-chicken",
    "brand": "Masterfoods",
    "name": "Butter Chicken Cooking Sauce",
    "imageUrl": "https://shop.coles.com.au/wcsstore/Coles-CAS/images/3/4/7/3476186-th.jpg",
    "categories": ["international-fods"],
    "tags": ["indian-fod", "indian-sauces-spices"],
    "locations": {
      "vic": {
        "price": 4.5,
        "promoText": " ",
        "packageSize": "375g",
        "packagePrice": "$1.20 per 100G"
      }
    }
  },
  {
    "id": "masterfoods-cooking-sauce-rogan-josh",
    "brand": "Masterfoods",
    "name": "Indian Style Rogan Josh Cooking Sauce",
    "imageUrl": "https://shop.coles.com.au/wcsstore/Coles-CAS/images/3/4/7/3476153-th.jpg",
    "categories": ["international-fods"],
    "tags": ["indian-fod", "indian-sauces-spices"],
    "locations": {
      "vic": {
        "price": 4.5,
        "promoText": " ",
        "packageSize": "375g",
        "packagePrice": "$1.20 per 100G"
      }
    }
  },
  {
    "id": "pataks-paste-tandoori-curry",
    "brand": "Patak's",
    "name": "Tandoori Curry Paste Mild",
    "imageUrl": "https://shop.coles.com.au/wcsstore/Coles-CAS/images/5/0/3/5030734-th.jpg",
    "categories": ["international-fods"],
    "tags": ["indian-fod", "indian-sauces-spices"],
    "locations": {
      "vic": {
        "price": 5,
        "promoText": "$0.50 ",
        "packageSize": "295g",
        "packagePrice": "$1.69 per 100G"
      }
    }
  },
  {
    "id": "patak-s-spicy-tandori-curry-paste",
    "brand": "Patak's",
    "name": "Spicy Tandoori Curry Paste",
    "imageUrl": "https://shop.coles.com.au/wcsstore/Coles-CAS/images/3/7/5/3753912-th.jpg",
    "categories": ["international-fods"],
    "tags": ["indian-fod", "indian-sauces-spices"],
    "locations": {
      "vic": {
        "price": 5,
        "promoText": "$0.50 ",
        "packageSize": "295g",
        "packagePrice": "$1.69 per 100G"
      }
    }
  },
  {
    "id": "di-leo-savoiardi-biscuits",
    "brand": "Di Leo",
    "name": "I Savoiardi Biscuits",
    "imageUrl": "https://shop.coles.com.au/wcsstore/Coles-CAS/images/6/6/4/6647864-th.jpg",
    "categories": ["international-fods"],
    "tags": ["mediterranean-fod", "mediterranean-biscuits-desserts"],
    "locations": {
      "vic": {
        "price": 4,
        "promoText": " ",
        "packageSize": "400g",
        "packagePrice": "$1.00 per 100G"
      }
    }
  },
  {
    "id": "loacker-gardena-chocolate",
    "brand": "Loacker",
    "name": "Gardena Fingers Chocolate",
    "imageUrl": "https://shop.coles.com.au/wcsstore/Coles-CAS/images/2/5/0/2502430-th.jpg",
    "categories": ["international-fods"],
    "tags": ["mediterranean-fod", "mediterranean-biscuits-desserts"],
    "locations": {
      "vic": {
        "price": 4,
        "promoText": "Any 2 $6",
        "packageSize": "125g",
        "packagePrice": "$3.20 per 100G"
      }
    }
  },
  {
    "id": "hersheys-chocolate-syrup",
    "brand": "Hershey's",
    "name": "Chocolate Flavor Syrup",
    "imageUrl": "https://shop.coles.com.au/wcsstore/Coles-CAS/images/2/1/3/2137210-th.jpg",
    "categories": ["international-fods"],
    "tags": ["usa-fod", "usa-biscuits-desserts"],
    "locations": {
      "vic": {
        "price": 5,
        "promoText": " ",
        "packageSize": "680g",
        "packagePrice": "$0.74 per 100G"
      }
    }
  },
  {
    "id": "whittakers-block-chocolate-coconut",
    "brand": "Whittaker's",
    "name": "Coconut Milk Chocolate Block",
    "imageUrl": "https://shop.coles.com.au/wcsstore/Coles-CAS/images/6/3/7/6379233-th.jpg",
    "categories": ["international-fods"],
    "tags": ["usa-fod", "usa-confectionery-snacks"],
    "locations": {
      "vic": {
        "price": 5,
        "promoText": "$1.00 ",
        "packageSize": "250g",
        "packagePrice": "$2.00 per 100G"
      }
    }
  },
  {
    "id": "whittaker-s-chocolate-jelly-tip-block",
    "brand": "Whittaker's",
    "name": "Jelly Tip Chocolate Block",
    "imageUrl": "https://shop.coles.com.au/wcsstore/Coles-CAS/images/3/7/5/3759497-th.jpg",
    "categories": ["international-fods"],
    "tags": ["usa-fod", "usa-confectionery-snacks"],
    "locations": {
      "vic": {
        "price": 5,
        "promoText": "$1.00 ",
        "packageSize": "250g",
        "packagePrice": "$2.00 per 100G"
      }
    }
  },
  {
    "id": "whittakers-block-chocolate-dark-almond-62-",
    "brand": "Whittaker's",
    "name": "Block Chocolate Dark Almond 62%",
    "imageUrl": "https://shop.coles.com.au/wcsstore/Coles-CAS/images/3/7/6/3763905-th.jpg",
    "categories": ["international-fods"],
    "tags": ["usa-fod", "usa-confectionery-snacks"],
    "locations": {
      "vic": {
        "price": 5,
        "promoText": "$1.00 ",
        "packageSize": "200g",
        "packagePrice": "$2.50 per 100G"
      }
    }
  },
  {
    "id": "whittakers-dark-chocolate-salted-camamel",
    "brand": "Whittaker's",
    "name": "Salted Caramel Dark Chocolate",
    "imageUrl": "https://shop.coles.com.au/wcsstore/Coles-CAS/images/3/3/1/3312145-th.jpg",
    "categories": ["international-fods"],
    "tags": ["usa-fod", "usa-confectionery-snacks"],
    "locations": {
      "vic": {
        "price": 5,
        "promoText": "$1.00 ",
        "packageSize": "250g",
        "packagePrice": "$2.00 per 100G"
      }
    }
  },
  {
    "id": "whittakers-creamy-milk-chocolate",
    "brand": "Whittaker's",
    "name": "Creamy Caramel Milk Chocolate",
    "imageUrl": "https://shop.coles.com.au/wcsstore/Coles-CAS/images/3/3/1/3312134-th.jpg",
    "categories": ["international-fods"],
    "tags": ["usa-fod", "usa-confectionery-snacks"],
    "locations": {
      "vic": {
        "price": 5,
        "promoText": "$1.00 ",
        "packageSize": "250g",
        "packagePrice": "$2.00 per 100G"
      }
    }
  },
  {
    "id": "whittakers-block-chocolate-hazelnut",
    "brand": "Whittaker's",
    "name": "Hazelnut Milk Chocolate Block",
    "imageUrl": "https://shop.coles.com.au/wcsstore/Coles-CAS/images/5/3/6/5365437-th.jpg",
    "categories": ["international-fods"],
    "tags": ["usa-fod", "usa-confectionery-snacks"],
    "locations": {
      "vic": {
        "price": 5,
        "promoText": "$1.00 ",
        "packageSize": "200g",
        "packagePrice": "$2.50 per 100G"
      }
    }
  },
  {
    "id": "whittakers-block-chocolate-milk",
    "brand": "Whittaker's",
    "name": "Creamy Milk Chocolate",
    "imageUrl": "https://shop.coles.com.au/wcsstore/Coles-CAS/images/5/3/6/5365459-th.jpg",
    "categories": ["international-fods"],
    "tags": ["usa-fod", "usa-confectionery-snacks"],
    "locations": {
      "vic": {
        "price": 5,
        "promoText": "$1.00 ",
        "packageSize": "250g",
        "packagePrice": "$2.00 per 100G"
      }
    }
  },
  {
    "id": "only-organics-9-months-baby-food-banana-raspberry-vanilla",
    "brand": "Only Organic",
    "name": "Banana Raspberry & Vanilla Baby Food Pouch 8+ Months",
    "imageUrl": "https://shop.coles.com.au/wcsstore/Coles-CAS/images/7/7/6/7761129-th.jpg",
    "categories": ["healthy-living"],
    "tags": ["gluten-fre", "baby-fod-gluten-fre"],
    "locations": {
      "vic": {
        "price": 2,
        "promoText": " ",
        "packageSize": "120g",
        "packagePrice": "$1.67 per 100G"
      }
    }
  },
  {
    "id": "raffertys-garden-baby-food-yoghurt-buttons-mixed-berry",
    "brand": "Rafferty's Garden",
    "name": "Mixed Berry Yoghurt Buttons 12+ Months",
    "imageUrl": "https://shop.coles.com.au/wcsstore/Coles-CAS/images/9/0/0/9009795-th.jpg",
    "categories": ["healthy-living"],
    "tags": ["gluten-fre", "baby-fod-gluten-fre"],
    "locations": {
      "vic": {
        "price": 4,
        "promoText": " ",
        "packageSize": "28g",
        "packagePrice": "$14.29 per 100G"
      }
    }
  },
  {
    "id": "only-organic-6-months-baby-food-pear--banana-apple",
    "brand": "Only Organic",
    "name": "Pear Banana & Apple 6+ Months",
    "imageUrl": "https://shop.coles.com.au/wcsstore/Coles-CAS/images/7/7/6/7761060-th.jpg",
    "categories": ["healthy-living"],
    "tags": ["gluten-fre", "baby-fod-gluten-fre"],
    "locations": {
      "vic": {
        "price": 2,
        "promoText": " ",
        "packageSize": "120g",
        "packagePrice": "$1.67 per 100G"
      }
    }
  },
  {
    "id": "raffertys-garden-baby-food-yoghurt-buttons-strawberry",
    "brand": "Rafferty's Garden",
    "name": "Strawberry Yoghurt Buttons 12+ Months",
    "imageUrl": "https://shop.coles.com.au/wcsstore/Coles-CAS/images/9/0/0/9009810-th.jpg",
    "categories": ["healthy-living"],
    "tags": ["gluten-fre", "baby-fod-gluten-fre"],
    "locations": {
      "vic": {
        "price": 4,
        "promoText": " ",
        "packageSize": "28g",
        "packagePrice": "$14.29 per 100G"
      }
    }
  },
  {
    "id": "heinz-all-ages-from-6-months-smooth-custard-vanilla",
    "brand": "Heinz",
    "name": "Vanilla Custard 6+ Months Glass Jar",
    "imageUrl": "https://shop.coles.com.au/wcsstore/Coles-CAS/images/5/7/9/5795629-th.jpg",
    "categories": ["healthy-living"],
    "tags": ["gluten-fre", "baby-fod-gluten-fre"],
    "locations": {
      "vic": {
        "price": 1,
        "promoText": " ",
        "packageSize": "110g",
        "packagePrice": "$0.91 per 100G"
      }
    }
  },
  {
    "id": "heinz-4-6-months-pureed-pumpkin-potato-beef",
    "brand": "Heinz",
    "name": "Pureed Pumpkin Potato & Beef 4+ Months Glass Jar",
    "imageUrl": "https://shop.coles.com.au/wcsstore/Coles-CAS/images/8/3/6/8361319-th.jpg",
    "categories": ["healthy-living"],
    "tags": ["gluten-fre", "baby-fod-gluten-fre"],
    "locations": {
      "vic": {
        "price": 1,
        "promoText": " ",
        "packageSize": "110g",
        "packagePrice": "$0.91 per 100G"
      }
    }
  },
  {
    "id": "heinz-all-ages-from-6-months-smooth-gel-summer-fruits",
    "brand": "Heinz",
    "name": "Summer Fruits Gel 6+ Months Glass Jar",
    "imageUrl": "https://shop.coles.com.au/wcsstore/Coles-CAS/images/2/0/3/203110-th.jpg",
    "categories": ["healthy-living"],
    "tags": ["gluten-fre", "baby-fod-gluten-fre"],
    "locations": {
      "vic": {
        "price": 1,
        "promoText": " ",
        "packageSize": "110g",
        "packagePrice": "$0.91 per 100G"
      }
    }
  },
  {
    "id": "greens-gluten-free-pancake-mix",
    "brand": "Green's",
    "name": "Gluten Free Pancake Mix",
    "imageUrl": "https://shop.coles.com.au/wcsstore/Coles-CAS/images/2/5/1/2516730-th.jpg",
    "categories": ["healthy-living"],
    "tags": ["gluten-fre", "baking-gluten-fre"],
    "locations": {
      "vic": {
        "price": 2.9,
        "promoText": " ",
        "packageSize": "300g",
        "packagePrice": "$0.97 per 100G"
      }
    }
  },
  {
    "id": "greens-gluten-free-golden-butter-cake-mix",
    "brand": "Green's",
    "name": "Gluten Free Golden Butter Cake Mix",
    "imageUrl": "https://shop.coles.com.au/wcsstore/Coles-CAS/images/2/5/1/2515216-th.jpg",
    "categories": ["healthy-living"],
    "tags": ["gluten-fre", "baking-gluten-fre"],
    "locations": {
      "vic": {
        "price": 4,
        "promoText": " ",
        "packageSize": "470g",
        "packagePrice": "$0.85 per 100G"
      }
    }
  },
  {
    "id": "betty-crocker-gluten-free-brownie",
    "brand": "Betty Crocker",
    "name": "Gluten Free Chocolate Fudge Brownie Baking Mix",
    "imageUrl": "https://shop.coles.com.au/wcsstore/Coles-CAS/images/2/2/5/2255487-th.jpg",
    "categories": ["healthy-living"],
    "tags": ["gluten-fre", "baking-gluten-fre"],
    "locations": {
      "vic": {
        "price": 6,
        "promoText": " ",
        "packageSize": "450g",
        "packagePrice": "$1.33 per 100G"
      }
    }
  },
  {
    "id": "betty-crocker-gluten-free-devils-cake",
    "brand": "Betty Crocker",
    "name": "Gluten Free Devil's Food Cake Mix",
    "imageUrl": "https://shop.coles.com.au/wcsstore/Coles-CAS/images/2/2/5/2255498-th.jpg",
    "categories": ["healthy-living"],
    "tags": ["gluten-fre", "baking-gluten-fre"],
    "locations": {
      "vic": {
        "price": 6,
        "promoText": " ",
        "packageSize": "550g",
        "packagePrice": "$1.09 per 100G"
      }
    }
  },
  {
    "id": "aspro-clear-extra-stength",
    "brand": "Aspro Clear",
    "name": "Extra Strength Pain Relief 16 Soluble Tablets",
    "imageUrl": "https://shop.coles.com.au/wcsstore/Coles-CAS/images/9/2/1/9219175-th.jpg",
    "categories": ["healthy-living"],
    "tags": ["gluten-fre", "pantry-gluten-fre"],
    "locations": {
      "vic": {
        "price": 5,
        "promoText": " ",
        "packageSize": "1 Pack",
        "packagePrice": "$5.00 per 1Ea"
      }
    }
  },
  {
    "id": "gaviscon-dual-action-chewable-tablets",
    "brand": "Gaviscon",
    "name": "Dual Action Chewable Tablets",
    "imageUrl": "https://shop.coles.com.au/wcsstore/Coles-CAS/images/6/9/7/6979172-th.jpg",
    "categories": ["healthy-living"],
    "tags": ["gluten-fre", "pantry-gluten-fre"],
    "locations": {
      "vic": {
        "price": 5.7,
        "promoText": " ",
        "packageSize": "16 pack",
        "packagePrice": "$0.36 per 1Ea"
      }
    }
  },
  {
    "id": "benefiber-fibre-supplement-powder-non-thick-natural",
    "brand": "Benefiber",
    "name": "Natural Fibre Supplement",
    "imageUrl": "https://shop.coles.com.au/wcsstore/Coles-CAS/images/6/0/2/6027371-th.jpg",
    "categories": ["healthy-living"],
    "tags": ["gluten-fre", "pantry-gluten-fre"],
    "locations": {
      "vic": {
        "price": 12,
        "promoText": " ",
        "packageSize": "155g",
        "packagePrice": "$7.74 per 100G"
      }
    }
  },
  {
    "id": "bonvit-psyllium-capsules",
    "brand": "Bonvit",
    "name": "Psyllium Fibre Capsules",
    "imageUrl": "https://shop.coles.com.au/wcsstore/Coles-CAS/images/8/1/4/8147909-th.jpg",
    "categories": ["healthy-living"],
    "tags": ["gluten-fre", "pantry-gluten-fre"],
    "locations": {
      "vic": {
        "price": 25,
        "promoText": " ",
        "packageSize": "180 pack",
        "packagePrice": "$0.14 per 1Ea"
      }
    }
  },
  {
    "id": "nurofen-zavance-caplets-6841175p",
    "brand": "Nurofen",
    "name": "Zavance Pain Relief 12 Caplets",
    "imageUrl": "https://shop.coles.com.au/wcsstore/Coles-CAS/images/6/8/4/6841175-th.jpg",
    "categories": ["healthy-living"],
    "tags": ["gluten-fre", "pantry-gluten-fre"],
    "locations": {
      "vic": {
        "price": 4.45,
        "promoText": " ",
        "packageSize": "1 pack",
        "packagePrice": "$4.45 per 1Ea"
      }
    }
  },
  {
    "id": "nurofen-ibuprofen-caplets",
    "brand": "Nurofen",
    "name": "Pain And Inflammation Relief Caplets 200mg Ibuprofen",
    "imageUrl": "https://shop.coles.com.au/wcsstore/Coles-CAS/images/9/6/7/9677920-th.jpg",
    "categories": ["healthy-living"],
    "tags": ["gluten-fre", "pantry-gluten-fre"],
    "locations": {
      "vic": {
        "price": 5.9,
        "promoText": " ",
        "packageSize": "24 pack",
        "packagePrice": "$0.25 per 1Ea"
      }
    }
  },
  {
    "id": "panadol-childrens-soluble-straw7",
    "brand": "Panadol",
    "name": "Children 7+ Years Fever & Pain Relief Strawberry Soluble Tablets",
    "imageUrl": "https://shop.coles.com.au/wcsstore/Coles-CAS/images/4/9/3/4933851-th.jpg",
    "categories": ["healthy-living"],
    "tags": ["gluten-fre", "pantry-gluten-fre"],
    "locations": {
      "vic": {
        "price": 4,
        "promoText": " ",
        "packageSize": "16 pack",
        "packagePrice": "$0.25 per 1Ea"
      }
    }
  },
  {
    "id": "metamucil-fibre-supplement-smooth-orange",
    "brand": "Metamucil",
    "name": "Daily Fibre Supplement Smooth Orange 114 Doses",
    "imageUrl": "https://shop.coles.com.au/wcsstore/Coles-CAS/images/4/4/9/4497374-th.jpg",
    "categories": ["healthy-living"],
    "tags": ["gluten-fre", "vitamins-medicinal-gluten-fre"],
    "locations": {
      "vic": {
        "price": 28,
        "promoText": " ",
        "packageSize": "673g",
        "packagePrice": "$4.16 per 100G"
      }
    }
  },
  {
    "id": "panadol-opti-zorb-caplets",
    "brand": "Panadol",
    "name": "Optizorb Paracetamol Pain Relief Caplets",
    "imageUrl": "https://shop.coles.com.au/wcsstore/Coles-CAS/images/7/4/8/7487934-th.jpg",
    "categories": ["healthy-living"],
    "tags": ["gluten-fre", "vitamins-medicinal-gluten-fre"],
    "locations": {
      "vic": {
        "price": 3.1,
        "promoText": " ",
        "packageSize": "12 pack",
        "packagePrice": "$0.26 per 1Ea"
      }
    }
  },
  {
    "id": "only-organic-6-month-teething-rusks",
    "brand": "Only Organic",
    "name": "Teething Rusks 6+ Months",
    "imageUrl": "https://shop.coles.com.au/wcsstore/Coles-CAS/images/8/9/8/8987772-th.jpg",
    "categories": ["healthy-living"],
    "tags": ["organic", "baby-organic"],
    "locations": {
      "vic": {
        "price": 3.1,
        "promoText": " ",
        "packageSize": "100g",
        "packagePrice": "$3.10 per 100G"
      }
    }
  },
  {
    "id": "baby-bellies-organic-strawberry-pickup-sticks",
    "brand": "Baby Bellies",
    "name": "Organic Strawberry Pickup Sticks",
    "imageUrl": "https://shop.coles.com.au/wcsstore/Coles-CAS/images/3/7/6/3767451-th.jpg",
    "categories": ["healthy-living"],
    "tags": ["organic", "baby-organic"],
    "locations": {
      "vic": {
        "price": 3.5,
        "promoText": " ",
        "packageSize": "16g",
        "packagePrice": "$21.88 per 100G"
      }
    }
  },
  {
    "id": "bellamys-organic-from-12-months-snacks-apple",
    "brand": "Bellamy's",
    "name": "Organic Apple Baby Snacks",
    "imageUrl": "https://shop.coles.com.au/wcsstore/Coles-CAS/images/6/4/8/6487735-th.jpg",
    "categories": ["healthy-living"],
    "tags": ["organic", "baby-organic"],
    "locations": {
      "vic": {
        "price": 3.5,
        "promoText": " ",
        "packageSize": "20g",
        "packagePrice": "$17.50 per 100G"
      }
    }
  },
  {
    "id": "bellamys-organic-vanilla-rice-custard-6-months",
    "brand": "Bellamy's",
    "name": "Organic Milk & Vanilla Baby Rice",
    "imageUrl": "https://shop.coles.com.au/wcsstore/Coles-CAS/images/2/1/3/2131553-th.jpg",
    "categories": ["healthy-living"],
    "tags": ["organic", "baby-organic"],
    "locations": {
      "vic": {
        "price": 4,
        "promoText": " ",
        "packageSize": "125g",
        "packagePrice": "$3.20 per 100G"
      }
    }
  },
  {
    "id": "heinz-organic-rice-cakes-apple",
    "brand": "Heinz",
    "name": "Organic Mini Rice Cakes Apple 10+ Months",
    "imageUrl": "https://shop.coles.com.au/wcsstore/Coles-CAS/images/6/6/6/6667227-th.jpg",
    "categories": ["healthy-living"],
    "tags": ["organic", "baby-organic"],
    "locations": {
      "vic": {
        "price": 2.7,
        "promoText": " ",
        "packageSize": "40g",
        "packagePrice": "$6.75 per 100G"
      }
    }
  },
  {
    "id": "bellamys-organic-baby-food-porridge",
    "brand": "Bellamy's Organic",
    "name": "Porridge Baby Cereal",
    "imageUrl": "https://shop.coles.com.au/wcsstore/Coles-CAS/images/6/0/3/6038006-th.jpg",
    "categories": ["healthy-living"],
    "tags": ["organic", "baby-organic"],
    "locations": {
      "vic": {
        "price": 4,
        "promoText": " ",
        "packageSize": "125g",
        "packagePrice": "$3.20 per 100G"
      }
    }
  },
  {
    "id": "bellamys-organic-gos-baby-rice-prebiotic",
    "brand": "Bellamy's Organic",
    "name": "Baby Rice With Prebiotic (GOS)",
    "imageUrl": "https://shop.coles.com.au/wcsstore/Coles-CAS/images/3/2/9/3292820-th.jpg",
    "categories": ["healthy-living"],
    "tags": ["organic", "baby-organic"],
    "locations": {
      "vic": {
        "price": 4.2,
        "promoText": " ",
        "packageSize": "125g",
        "packagePrice": "$3.36 per 100G"
      }
    }
  },
  {
    "id": "bellamys-organic-from-12-months-snacks-apple-pear",
    "brand": "Bellamy's",
    "name": "Organic Apple & Pear Baby Snacks",
    "imageUrl": "https://shop.coles.com.au/wcsstore/Coles-CAS/images/6/4/4/6448824-th.jpg",
    "categories": ["healthy-living"],
    "tags": ["organic", "baby-organic"],
    "locations": {
      "vic": {
        "price": 3.5,
        "promoText": " ",
        "packageSize": "20g",
        "packagePrice": "$17.50 per 100G"
      }
    }
  },
  {
    "id": "little-munchkins-organic-vanilla-farm-friends-biscuits",
    "brand": "Whole Kids",
    "name": "Organic Vanilla Farm Animal Biscuits",
    "imageUrl": "https://shop.coles.com.au/wcsstore/Coles-CAS/images/1/8/4/1848166-th.jpg",
    "categories": ["healthy-living"],
    "tags": ["organic", "baby-organic"],
    "locations": {
      "vic": {
        "price": 4,
        "promoText": "$1.00 ",
        "packageSize": "150g",
        "packagePrice": "$2.67 per 100G"
      }
    }
  },
  {
    "id": "bellamys-organic-infant-formula-step-3-toddler",
    "brand": "Bellamy's",
    "name": "Organic Step 3 Toddler Formula 12+ Months",
    "imageUrl": "https://shop.coles.com.au/wcsstore/Coles-CAS/images/4/7/5/4756938-th.jpg",
    "categories": ["healthy-living"],
    "tags": ["organic", "baby-organic"],
    "locations": {
      "vic": {
        "price": 28,
        "promoText": " ",
        "packageSize": "900g",
        "packagePrice": "$3.11 per 100G"
      }
    }
  },
  {
    "id": "bellamys-organic-formula-step-2",
    "brand": "Bellamy's",
    "name": "Organic Step 2 Follow On Formula 6-12 Months",
    "imageUrl": "https://shop.coles.com.au/wcsstore/Coles-CAS/images/4/7/5/4756927-th.jpg",
    "categories": ["healthy-living"],
    "tags": ["organic", "baby-organic"],
    "locations": {
      "vic": {
        "price": 30,
        "promoText": " ",
        "packageSize": "900g",
        "packagePrice": "$3.33 per 100G"
      }
    }
  },
  {
    "id": "baby-bellies-organic-lentil-whl-btrot-sberry",
    "brand": "Baby Bellies",
    "name": "Organic Lentil Wheels Beetroot & Strawberry",
    "imageUrl": "https://shop.coles.com.au/wcsstore/Coles-CAS/images/3/7/6/3767462-th.jpg",
    "categories": ["healthy-living"],
    "tags": ["organic", "baby-organic"],
    "locations": {
      "vic": {
        "price": 1.7,
        "promoText": " ",
        "packageSize": "12g",
        "packagePrice": "$14.17 per 100G"
      }
    }
  },
  {
    "id": "little-quacker-organic-rice-puffs-mixed-veg",
    "brand": "Little Quacker",
    "name": "Organic Mixed Vegetables Sprouted Brown Rice Puffs 2 Sachet",
    "imageUrl": "https://shop.coles.com.au/wcsstore/Coles-CAS/images/3/4/9/3499320-th.jpg",
    "categories": ["healthy-living"],
    "tags": ["organic", "baby-organic"],
    "locations": {
      "vic": {
        "price": 2.2,
        "promoText": " ",
        "packageSize": "20g",
        "packagePrice": "$11.00 per 100G"
      }
    }
  },
  {
    "id": "bubs-organic-little-fingers-tomato",
    "brand": "Bubs",
    "name": "Organic Little Fingers Tomato Flavoured Mini Bread Sticks",
    "imageUrl": "https://shop.coles.com.au/wcsstore/Coles-CAS/images/3/2/9/3292842-th.jpg",
    "categories": ["healthy-living"],
    "tags": ["organic", "baby-organic"],
    "locations": {
      "vic": {
        "price": 2,
        "promoText": " ",
        "packageSize": "30g",
        "packagePrice": "$6.67 per 100G"
      }
    }
  },
  {
    "id": "whole-kids-organic-dino-puffs-chs-leek",
    "brand": "Whole Kids",
    "name": "Organic Cheese & Leek Dinosaur Puffs",
    "imageUrl": "https://shop.coles.com.au/wcsstore/Coles-CAS/images/2/8/0/2801780-th.jpg",
    "categories": ["healthy-living"],
    "tags": ["organic", "baby-organic"],
    "locations": {
      "vic": {
        "price": 4,
        "promoText": "$1.00 ",
        "packageSize": "4 pack",
        "packagePrice": "$16.67 per 100G"
      }
    }
  },
  {
    "id": "whole-kids-sweetcorn-carrot-turtle-puffs",
    "brand": "Whole Kids",
    "name": "Organic Sweetcorn & Carrot Wholegrain Turtle Puffs",
    "imageUrl": "https://shop.coles.com.au/wcsstore/Coles-CAS/images/3/0/1/3019253-th.jpg",
    "categories": ["healthy-living"],
    "tags": ["organic", "baby-organic"],
    "locations": {
      "vic": {
        "price": 4,
        "promoText": "$1.00 ",
        "packageSize": "4 pack",
        "packagePrice": "$16.67 per 100G"
      }
    }
  },
  {
    "id": "baby-bellies-organic-lentil-whl-swt-pot-aple",
    "brand": "Baby Bellies",
    "name": "Organic Lentil Wheels Sweet Potato & Apple",
    "imageUrl": "https://shop.coles.com.au/wcsstore/Coles-CAS/images/3/7/6/3767495-th.jpg",
    "categories": ["healthy-living"],
    "tags": ["organic", "baby-organic"],
    "locations": {
      "vic": {
        "price": 1.7,
        "promoText": " ",
        "packageSize": "12g",
        "packagePrice": "$14.17 per 100G"
      }
    }
  },
  {
    "id": "baby-bellies-organic-swt-potato-pick-up-sticks",
    "brand": "Baby Bellies",
    "name": "Organic Sweet Potato Pick-Up Sticks",
    "imageUrl": "https://shop.coles.com.au/wcsstore/Coles-CAS/images/3/7/6/3767473-th.jpg",
    "categories": ["healthy-living"],
    "tags": ["organic", "baby-organic"],
    "locations": {
      "vic": {
        "price": 3.5,
        "promoText": " ",
        "packageSize": "16g",
        "packagePrice": "$21.88 per 100G"
      }
    }
  },
  {
    "id": "bellamys-organic-from-birth-infant-formula-step-1-starter",
    "brand": "Bellamy's",
    "name": "Organic Step 1 Infant Formula 0-6 Months",
    "imageUrl": "https://shop.coles.com.au/wcsstore/Coles-CAS/images/4/7/5/4756916-th.jpg",
    "categories": ["healthy-living"],
    "tags": ["organic", "baby-organic"],
    "locations": {
      "vic": {
        "price": 30,
        "promoText": " ",
        "packageSize": "900g",
        "packagePrice": "$3.33 per 100G"
      }
    }
  },
  {
    "id": "bellamys-organic-baby-rice-pumpkin-w-prebiotic",
    "brand": "Bellamy's Organic",
    "name": "Pumpkin  Baby Rice With Prebiotic GOS 5 + Months",
    "imageUrl": "https://shop.coles.com.au/wcsstore/Coles-CAS/images/3/4/9/3497878-th.jpg",
    "categories": ["healthy-living"],
    "tags": ["organic", "baby-organic"],
    "locations": {
      "vic": {
        "price": 4.2,
        "promoText": " ",
        "packageSize": "125g",
        "packagePrice": "$3.36 per 100G"
      }
    }
  },
  {
    "id": "bubs-organic-little-rollies-coconut",
    "brand": "Bubs",
    "name": "Organic Little Rollies Coconut Quinoa & Millet Snack",
    "imageUrl": "https://shop.coles.com.au/wcsstore/Coles-CAS/images/3/2/9/3292897-th.jpg",
    "categories": ["healthy-living"],
    "tags": ["organic", "baby-organic"],
    "locations": {
      "vic": {
        "price": 2,
        "promoText": " ",
        "packageSize": "25g",
        "packagePrice": "$8.00 per 100G"
      }
    }
  },
  {
    "id": "bubs-organic-tiddly-bites-plum-goji",
    "brand": "Bubs",
    "name": "Organic Plum & Goji Tiddly Bar",
    "imageUrl": "https://shop.coles.com.au/wcsstore/Coles-CAS/images/3/4/9/3496263-th.jpg",
    "categories": ["healthy-living"],
    "tags": ["organic", "baby-organic"],
    "locations": {
      "vic": {
        "price": 2,
        "promoText": " ",
        "packageSize": "14g",
        "packagePrice": "$1.43 per 10G"
      }
    }
  },
  {
    "id": "bubs-organic-little-rollies-hazelnut",
    "brand": "Bubs",
    "name": "Organic Little Rollies Hazelnut & Vanilla Rice Snack",
    "imageUrl": "https://shop.coles.com.au/wcsstore/Coles-CAS/images/3/2/9/3292911-th.jpg",
    "categories": ["healthy-living"],
    "tags": ["organic", "baby-organic"],
    "locations": {
      "vic": {
        "price": 2,
        "promoText": " ",
        "packageSize": "25g",
        "packagePrice": "$8.00 per 100G"
      }
    }
  },
  {
    "id": "bubs-organic-grass-fed-formula-stg-1",
    "brand": "Bubs",
    "name": "Organic Grass Fed Formula Stg 1",
    "imageUrl": "https://shop.coles.com.au/wcsstore/Coles-CAS/images/3/7/8/3785930-th.jpg",
    "categories": ["healthy-living"],
    "tags": ["organic", "baby-organic"],
    "locations": {
      "vic": {
        "price": 30,
        "promoText": " ",
        "packageSize": "800g",
        "packagePrice": "$3.75 per 100G"
      }
    }
  },
  {
    "id": "bubs-organic-smiley-sq-mango-purple-carrot",
    "brand": "Bubs Organic",
    "name": "Smiley Squares Mango & Purple Carrot Rice & Quinoa Wafers",
    "imageUrl": "https://shop.coles.com.au/wcsstore/Coles-CAS/images/3/4/9/3496230-th.jpg",
    "categories": ["healthy-living"],
    "tags": ["organic", "baby-organic"],
    "locations": {
      "vic": {
        "price": 2,
        "promoText": " ",
        "packageSize": "14g",
        "packagePrice": "$1.43 per 10G"
      }
    }
  },
  {
    "id": "cub-organic-baby-corn-puffs-betrot-7m-",
    "brand": "Cub Organic",
    "name": "Baby Corn Puffs Beetroot 7m+",
    "imageUrl": "https://shop.coles.com.au/wcsstore/Coles-CAS/images/3/7/5/3757630-th.jpg",
    "categories": ["healthy-living"],
    "tags": ["organic", "baby-organic"],
    "locations": {
      "vic": {
        "price": 1.5,
        "promoText": " ",
        "packageSize": "12g",
        "packagePrice": "$12.50 per 100G"
      }
    }
  },
  {
    "id": "cub-organic-baby-corn-puffs-banana-7m-",
    "brand": "Cub Organic",
    "name": "Baby Corn & Banana Puffs 7m+",
    "imageUrl": "https://shop.coles.com.au/wcsstore/Coles-CAS/images/3/7/5/3757629-th.jpg",
    "categories": ["healthy-living"],
    "tags": ["organic", "baby-organic"],
    "locations": {
      "vic": {
        "price": 1.5,
        "promoText": " ",
        "packageSize": "12g",
        "packagePrice": "$12.50 per 100G"
      }
    }
  },
  {
    "id": "little-quacker-organic-rice-rings-blueberry",
    "brand": "Little Quacker",
    "name": "Organic Blueberry Rice Rings",
    "imageUrl": "https://shop.coles.com.au/wcsstore/Coles-CAS/images/3/7/6/3769785-th.jpg",
    "categories": ["healthy-living"],
    "tags": ["organic", "baby-organic"],
    "locations": {
      "vic": {
        "price": 1.8,
        "promoText": " ",
        "packageSize": "12g",
        "packagePrice": "$15.00 per 100G"
      }
    }
  },
  {
    "id": "little-quacker-organic-rice-rings-pumpkin-carrot",
    "brand": "Little Quacker",
    "name": "Organic Pumpkin Carrot Rice Rings",
    "imageUrl": "https://shop.coles.com.au/wcsstore/Coles-CAS/images/3/7/6/3769719-th.jpg",
    "categories": ["healthy-living"],
    "tags": ["organic", "baby-organic"],
    "locations": {
      "vic": {
        "price": 1.8,
        "promoText": " ",
        "packageSize": "12g",
        "packagePrice": "$15.00 per 100G"
      }
    }
  },
  {
    "id": "only-organic-6-month-baby-food-pasta-bolognese",
    "brand": "Only Organic",
    "name": "Bolognese Pasta 8 + Months",
    "imageUrl": "https://shop.coles.com.au/wcsstore/Coles-CAS/images/6/4/3/6438172-th.jpg",
    "categories": ["healthy-living"],
    "tags": ["organic", "baby-organic"],
    "locations": {
      "vic": {
        "price": 2.9,
        "promoText": "Any 3 $6",
        "packageSize": "170g",
        "packagePrice": "$1.71 per 100G"
      }
    }
  },
  {
    "id": "little-munchkins-organic-abc-apple-corn-puffs",
    "brand": "Whole Kids",
    "name": "Organic Apple Rice & Corn Puffs",
    "imageUrl": "https://shop.coles.com.au/wcsstore/Coles-CAS/images/1/8/4/1848304-th.jpg",
    "categories": ["healthy-living"],
    "tags": ["organic", "baby-organic"],
    "locations": {
      "vic": {
        "price": 4,
        "promoText": "$1.00 ",
        "packageSize": "4 pack",
        "packagePrice": "$13.33 per 100G"
      }
    }
  },
  {
    "id": "coles-tomatoes-diced-organic",
    "brand": "Coles",
    "name": "Organic Diced Tomatoes",
    "imageUrl": "https://shop.coles.com.au/wcsstore/Coles-CAS/images/9/3/8/9388660-th.jpg",
    "categories": ["healthy-living"],
    "tags": ["organic", "pantry-organic"],
    "locations": {
      "vic": {
        "price": 1.1,
        "promoText": " ",
        "packageSize": "400g",
        "packagePrice": "$2.75 per 1Kg"
      }
    }
  },
  {
    "id": "coles-chickpeas-organic",
    "brand": "Coles",
    "name": "Organic Chickpeas",
    "imageUrl": "https://shop.coles.com.au/wcsstore/Coles-CAS/images/9/7/7/9776251-th.jpg",
    "categories": ["healthy-living"],
    "tags": ["organic", "pantry-organic"],
    "locations": {
      "vic": {
        "price": 1.3,
        "promoText": " ",
        "packageSize": "400g",
        "packagePrice": "$0.33 per 100G"
      }
    }
  },
  {
    "id": "red-tractor-organic-rolled-oats",
    "brand": "Red Tractor",
    "name": "Organic Rolled Oats",
    "imageUrl": "https://shop.coles.com.au/wcsstore/Coles-CAS/images/3/1/8/3185296-th.jpg",
    "categories": ["healthy-living"],
    "tags": ["organic", "pantry-organic"],
    "locations": {
      "vic": {
        "price": 6.5,
        "promoText": " ",
        "packageSize": "1kg",
        "packagePrice": "$0.65 per 100G"
      }
    }
  },
  {
    "id": "coles-tomatoes-whole-peeled-organic",
    "brand": "Coles",
    "name": "Organic Whole Peeled Italian Tomatoes",
    "imageUrl": "https://shop.coles.com.au/wcsstore/Coles-CAS/images/9/3/8/9388650-th.jpg",
    "categories": ["healthy-living"],
    "tags": ["organic", "pantry-organic"],
    "locations": {
      "vic": {
        "price": 1.1,
        "promoText": " ",
        "packageSize": "400g",
        "packagePrice": "$2.75 per 1Kg"
      }
    }
  },
  {
    "id": "coles-pasta-penne-organic",
    "brand": "Coles",
    "name": "Organic Penne Rigate Pasta",
    "imageUrl": "https://shop.coles.com.au/wcsstore/Coles-CAS/images/9/4/7/9477432-th.jpg",
    "categories": ["healthy-living"],
    "tags": ["organic", "pantry-organic"],
    "locations": {
      "vic": {
        "price": 1.65,
        "promoText": " ",
        "packageSize": "500g",
        "packagePrice": "$0.33 per 100G"
      }
    }
  },
  {
    "id": "coles-beans-kidney-red-organic",
    "brand": "Coles",
    "name": "Organic Red Kidney Beans",
    "imageUrl": "https://shop.coles.com.au/wcsstore/Coles-CAS/images/9/7/7/9776182-th.jpg",
    "categories": ["healthy-living"],
    "tags": ["organic", "pantry-organic"],
    "locations": {
      "vic": {
        "price": 1.3,
        "promoText": " ",
        "packageSize": "400g",
        "packagePrice": "$0.33 per 100G"
      }
    }
  },
  {
    "id": "bio-nature-lentils-organic",
    "brand": "Bio Nature",
    "name": "Organic Lentils",
    "imageUrl": "https://shop.coles.com.au/wcsstore/Coles-CAS/images/8/5/1/8515605-th.jpg",
    "categories": ["healthy-living"],
    "tags": ["organic", "pantry-organic"],
    "locations": {
      "vic": {
        "price": 1.6,
        "promoText": "Was $1.79 on Feb 2016 ",
        "packageSize": "400g",
        "packagePrice": "$4.00 per 1Kg"
      }
    }
  },
  {
    "id": "coles-beans-4-bean-mix-organic",
    "brand": "Coles",
    "name": "Organic Four Bean Mix",
    "imageUrl": "https://shop.coles.com.au/wcsstore/Coles-CAS/images/9/7/7/9776230-th.jpg",
    "categories": ["healthy-living"],
    "tags": ["organic", "pantry-organic"],
    "locations": {
      "vic": {
        "price": 1.3,
        "promoText": " ",
        "packageSize": "400g",
        "packagePrice": "$0.33 per 100G"
      }
    }
  },
  {
    "id": "capilano-manuka-mgo30-active-honey",
    "brand": "Capilano",
    "name": "Manuka Active Honey",
    "imageUrl": "https://shop.coles.com.au/wcsstore/Coles-CAS/images/2/8/9/2898986-th.jpg",
    "categories": ["healthy-living"],
    "tags": ["organic", "pantry-organic"],
    "locations": {
      "vic": {
        "price": 10,
        "promoText": " ",
        "packageSize": "340g",
        "packagePrice": "$2.94 per 100G"
      }
    }
  },
  {
    "id": "coles-oil-olive-extra-virgin-organic",
    "brand": "Coles",
    "name": "Organic Extra Virgin Olive Oil",
    "imageUrl": "https://shop.coles.com.au/wcsstore/Coles-CAS/images/6/1/0/6108531-th.jpg",
    "categories": ["healthy-living"],
    "tags": ["organic", "pantry-organic"],
    "locations": {
      "vic": {
        "price": 5,
        "promoText": " ",
        "packageSize": "500mL",
        "packagePrice": "$1.00 per 100mL"
      }
    }
  },
  {
    "id": "coles-beans-butter-organic",
    "brand": "Coles",
    "name": "Organic Butter Beans",
    "imageUrl": "https://shop.coles.com.au/wcsstore/Coles-CAS/images/9/7/7/9776310-th.jpg",
    "categories": ["healthy-living"],
    "tags": ["organic", "pantry-organic"],
    "locations": {
      "vic": {
        "price": 1.3,
        "promoText": " ",
        "packageSize": "400g",
        "packagePrice": "$0.33 per 100G"
      }
    }
  },
  {
    "id": "coles-flour-plain-organic",
    "brand": "Coles",
    "name": "Organic Plain Flour",
    "imageUrl": "https://shop.coles.com.au/wcsstore/Coles-CAS/images/9/6/5/9651019-th.jpg",
    "categories": ["healthy-living"],
    "tags": ["organic", "pantry-organic"],
    "locations": {
      "vic": {
        "price": 4.5,
        "promoText": " ",
        "packageSize": "1kg",
        "packagePrice": "$4.50 per 1Kg"
      }
    }
  },
  {
    "id": "sanitarium-cereal-weet-bix-organic",
    "brand": "Sanitarium",
    "name": "Weet-Bix Organic Breakfast Cereal",
    "imageUrl": "https://shop.coles.com.au/wcsstore/Coles-CAS/images/4/9/7/4975895-th.jpg",
    "categories": ["healthy-living"],
    "tags": ["organic", "pantry-organic"],
    "locations": {
      "vic": {
        "price": 5.65,
        "promoText": " ",
        "packageSize": "750g",
        "packagePrice": "$0.75 per 100G"
      }
    }
  },
  {
    "id": "coles-sugar-raw-organic",
    "brand": "Coles",
    "name": "Organic Raw Sugar",
    "imageUrl": "https://shop.coles.com.au/wcsstore/Coles-CAS/images/9/5/0/9501876-th.jpg",
    "categories": ["healthy-living"],
    "tags": ["organic", "pantry-organic"],
    "locations": {
      "vic": {
        "price": 2.85,
        "promoText": " ",
        "packageSize": "1kg",
        "packagePrice": "$2.85 per 1Kg"
      }
    }
  },
  {
    "id": "coles-pasta-spaghetti-organic",
    "brand": "Coles",
    "name": "Organic Spaghetti",
    "imageUrl": "https://shop.coles.com.au/wcsstore/Coles-CAS/images/9/4/7/9478865-th.jpg",
    "categories": ["healthy-living"],
    "tags": ["organic", "pantry-organic"],
    "locations": {
      "vic": {
        "price": 1.65,
        "promoText": " ",
        "packageSize": "500g",
        "packagePrice": "$0.33 per 100G"
      }
    }
  },
  {
    "id": "coles-flour-self-raising-organic",
    "brand": "Coles",
    "name": "Organic Self Raising Flour",
    "imageUrl": "https://shop.coles.com.au/wcsstore/Coles-CAS/images/9/6/5/9651030-th.jpg",
    "categories": ["healthy-living"],
    "tags": ["organic", "pantry-organic"],
    "locations": {
      "vic": {
        "price": 4.5,
        "promoText": " ",
        "packageSize": "1kg",
        "packagePrice": "$4.50 per 1Kg"
      }
    }
  },
  {
    "id": "coles-organic-wholemeal-spaghetti",
    "brand": "Coles",
    "name": "Organic Wholemeal Spaghetti",
    "imageUrl": "https://shop.coles.com.au/wcsstore/Coles-CAS/images/3/3/8/3380305-th.jpg",
    "categories": ["healthy-living"],
    "tags": ["organic", "pantry-organic"],
    "locations": {
      "vic": {
        "price": 1.65,
        "promoText": " ",
        "packageSize": "500g",
        "packagePrice": "$0.33 per 100G"
      }
    }
  },
  {
    "id": "pureharvest-muesli-organic-natural",
    "brand": "Pureharvest",
    "name": "Organic Natural Muesli",
    "imageUrl": "https://shop.coles.com.au/wcsstore/Coles-CAS/images/7/0/0/7002037-th.jpg",
    "categories": ["healthy-living"],
    "tags": ["organic", "pantry-organic"],
    "locations": {
      "vic": {
        "price": 6.5,
        "promoText": " ",
        "packageSize": "750g",
        "packagePrice": "$0.87 per 100G"
      }
    }
  },
  {
    "id": "pureharvest-raw-organic-honey",
    "brand": "Pureharvest",
    "name": "Raw Organic Honey",
    "imageUrl": "https://shop.coles.com.au/wcsstore/Coles-CAS/images/9/6/5/9657300-th.jpg",
    "categories": ["healthy-living"],
    "tags": ["organic", "pantry-organic"],
    "locations": {
      "vic": {
        "price": 9,
        "promoText": " ",
        "packageSize": "500g",
        "packagePrice": "$1.80 per 100G"
      }
    }
  },
  {
    "id": "coles-sultanas-organic-snack-6-pack",
    "brand": "Coles",
    "name": "Organic Australian Sultanas 6 Pack",
    "imageUrl": "https://shop.coles.com.au/wcsstore/Coles-CAS/images/8/5/6/8561238-th.jpg",
    "categories": ["healthy-living"],
    "tags": ["organic", "pantry-organic"],
    "locations": {
      "vic": {
        "price": 3.5,
        "promoText": " ",
        "packageSize": "210g",
        "packagePrice": "$16.67 per 1Kg"
      }
    }
  },
  {
    "id": "coles-organic-lasagne-sheets",
    "brand": "Coles",
    "name": "Organic Lasagne Sheets",
    "imageUrl": "https://shop.coles.com.au/wcsstore/Coles-CAS/images/3/3/8/3380338-th.jpg",
    "categories": ["healthy-living"],
    "tags": ["organic", "pantry-organic"],
    "locations": {
      "vic": {
        "price": 2,
        "promoText": " ",
        "packageSize": "250g",
        "packagePrice": "$0.80 per 100G"
      }
    }
  },
  {
    "id": "murray-river-organic-macadamia-cranberry",
    "brand": "Murray River Organics",
    "name": "Macadamia & Cranberry",
    "imageUrl": "https://shop.coles.com.au/wcsstore/Coles-CAS/images/3/7/9/3791015-th.jpg",
    "categories": ["healthy-living"],
    "tags": ["organic", "pantry-organic"],
    "locations": {
      "vic": {
        "price": 7.5,
        "promoText": " ",
        "packageSize": "400g",
        "packagePrice": "$1.88 per 100G"
      }
    }
  },
  {
    "id": "mutti-organic-passata",
    "brand": "Mutti",
    "name": "Organic Passata",
    "imageUrl": "https://shop.coles.com.au/wcsstore/Coles-CAS/images/3/5/9/3591130-th.jpg",
    "categories": ["healthy-living"],
    "tags": ["organic", "pantry-organic"],
    "locations": {
      "vic": {
        "price": 3.5,
        "promoText": " ",
        "packageSize": "560g",
        "packagePrice": "$0.63 per 100G"
      }
    }
  },
  {
    "id": "bio-nature-beans-cannellini-organic",
    "brand": "Bio Nature",
    "name": "Organic Cannellini Beans",
    "imageUrl": "https://shop.coles.com.au/wcsstore/Coles-CAS/images/8/5/1/8515456-th.jpg",
    "categories": ["healthy-living"],
    "tags": ["organic", "pantry-organic"],
    "locations": {
      "vic": {
        "price": 1.6,
        "promoText": "Was $1.79 on Feb 2016 ",
        "packageSize": "400g",
        "packagePrice": "$4.00 per 1Kg"
      }
    }
  },
  {
    "id": "coles-organic-pasta-wholemeal-spirals",
    "brand": "Coles",
    "name": "Organic Wholemeal Spiral Pasta",
    "imageUrl": "https://shop.coles.com.au/wcsstore/Coles-CAS/images/3/3/8/3380316-th.jpg",
    "categories": ["healthy-living"],
    "tags": ["organic", "pantry-organic"],
    "locations": {
      "vic": {
        "price": 1.65,
        "promoText": " ",
        "packageSize": "500g",
        "packagePrice": "$0.33 per 100G"
      }
    }
  },
  {
    "id": "coles-organic-basil-pasta-sauce",
    "brand": "Coles",
    "name": "Organic Basil Pasta Sauce",
    "imageUrl": "https://shop.coles.com.au/wcsstore/Coles-CAS/images/3/6/6/3664845-th.jpg",
    "categories": ["healthy-living"],
    "tags": ["organic", "pantry-organic"],
    "locations": {
      "vic": {
        "price": 2.6,
        "promoText": " ",
        "packageSize": "500g",
        "packagePrice": "$0.52 per 100G"
      }
    }
  },
  {
    "id": "murray-river-organics-tropical-muesli",
    "brand": "Murray River Organics",
    "name": "Tropical Muesli",
    "imageUrl": "https://shop.coles.com.au/wcsstore/Coles-CAS/images/3/7/9/3791059-th.jpg",
    "categories": ["healthy-living"],
    "tags": ["organic", "pantry-organic"],
    "locations": {
      "vic": {
        "price": 7.5,
        "promoText": " ",
        "packageSize": "300g",
        "packagePrice": "$2.50 per 100G"
      }
    }
  },
  {
    "id": "murray-river-organics-tropical-muesli-400g",
    "brand": "Murray River Organics",
    "name": "Tropical Muesli",
    "imageUrl": "https://shop.coles.com.au/wcsstore/Coles-CAS/images/3/7/9/3791004-th.jpg",
    "categories": ["healthy-living"],
    "tags": ["organic", "pantry-organic"],
    "locations": {
      "vic": {
        "price": 7.5,
        "promoText": " ",
        "packageSize": "400g",
        "packagePrice": "$1.88 per 100G"
      }
    }
  },
  {
    "id": "murray-river-organics-berry-banana-muesli-400g",
    "brand": "Murray River Organics",
    "name": "Berry Banana Muesli",
    "imageUrl": "https://shop.coles.com.au/wcsstore/Coles-CAS/images/3/7/9/3790996-th.jpg",
    "categories": ["healthy-living"],
    "tags": ["organic", "pantry-organic"],
    "locations": {
      "vic": {
        "price": 7.5,
        "promoText": " ",
        "packageSize": "400g",
        "packagePrice": "$1.88 per 100G"
      }
    }
  },
  {
    "id": "murray-river-organics-apple-cinamon-muesli-400g",
    "brand": "Murray River Organics",
    "name": "Apple Cinnamon Muesli",
    "imageUrl": "https://shop.coles.com.au/wcsstore/Coles-CAS/images/3/7/9/3790985-th.jpg",
    "categories": ["healthy-living"],
    "tags": ["organic", "pantry-organic"],
    "locations": {
      "vic": {
        "price": 7.5,
        "promoText": " ",
        "packageSize": "400g",
        "packagePrice": "$1.88 per 100G"
      }
    }
  },
  {
    "id": "murray-river-organic-berry-banana-muesli-5pk",
    "brand": "Murray River Organics",
    "name": "Berry Banana Muesli 5 Pack",
    "imageUrl": "https://shop.coles.com.au/wcsstore/Coles-CAS/images/3/7/9/3791048-th.jpg",
    "categories": ["healthy-living"],
    "tags": ["organic", "pantry-organic"],
    "locations": {
      "vic": {
        "price": 7.5,
        "promoText": " ",
        "packageSize": "300g",
        "packagePrice": "$2.50 per 100G"
      }
    }
  },
  {
    "id": "murray-river-organics-apple-cinamon-muesli-5pk",
    "brand": "Murray River Organics",
    "name": "Apple Cinnamon Muesli 5 Pack",
    "imageUrl": "https://shop.coles.com.au/wcsstore/Coles-CAS/images/3/7/9/3791026-th.jpg",
    "categories": ["healthy-living"],
    "tags": ["organic", "pantry-organic"],
    "locations": {
      "vic": {
        "price": 7.5,
        "promoText": " ",
        "packageSize": "300g",
        "packagePrice": "$2.50 per 100G"
      }
    }
  },
  {
    "id": "murray-river-organic-coffe-fruit-muesli-400g",
    "brand": "Murray River Organics",
    "name": "Coffee Fruit Muesli",
    "imageUrl": "https://shop.coles.com.au/wcsstore/Coles-CAS/images/3/7/9/3790974-th.jpg",
    "categories": ["healthy-living"],
    "tags": ["organic", "pantry-organic"],
    "locations": {
      "vic": {
        "price": 7.5,
        "promoText": " ",
        "packageSize": "400g",
        "packagePrice": "$1.88 per 100G"
      }
    }
  },
  {
    "id": "organic-care-normal-balance-conditioner",
    "brand": "Organic Care",
    "name": "Normal Balance Conditioner",
    "imageUrl": "https://shop.coles.com.au/wcsstore/Coles-CAS/images/6/8/4/6849122-th.jpg",
    "categories": ["healthy-living"],
    "tags": ["organic", "health-beauty-organic"],
    "locations": {
      "vic": {
        "price": 3.5,
        "promoText": " ",
        "packageSize": "400mL",
        "packagePrice": "$0.88 per 100mL"
      }
    }
  },
  {
    "id": "organic-care-normal-balance-shampoo",
    "brand": "Organic Care",
    "name": "Normal Balance Shampoo",
    "imageUrl": "https://shop.coles.com.au/wcsstore/Coles-CAS/images/6/8/4/6849100-th.jpg",
    "categories": ["healthy-living"],
    "tags": ["organic", "health-beauty-organic"],
    "locations": {
      "vic": {
        "price": 3.5,
        "promoText": " ",
        "packageSize": "400mL",
        "packagePrice": "$0.88 per 100mL"
      }
    }
  },
  {
    "id": "tom-organic-tamons-regula",
    "brand": "TOM Organic",
    "name": "Regular Tampons",
    "imageUrl": "https://shop.coles.com.au/wcsstore/Coles-CAS/images/1/1/7/1176716-th.jpg",
    "categories": ["healthy-living"],
    "tags": ["organic", "health-beauty-organic"],
    "locations": {
      "vic": {
        "price": 5.45,
        "promoText": " ",
        "packageSize": "16 pack",
        "packagePrice": "$0.34 per 1Ea"
      }
    }
  },
  {
    "id": "tom-organic-pads-night",
    "brand": "TOM Organic",
    "name": "Super Pads",
    "imageUrl": "https://shop.coles.com.au/wcsstore/Coles-CAS/images/1/1/7/1176807-th.jpg",
    "categories": ["healthy-living"],
    "tags": ["organic", "health-beauty-organic"],
    "locations": {
      "vic": {
        "price": 5.45,
        "promoText": " ",
        "packageSize": "10 pack",
        "packagePrice": "$0.55 per 1Ea"
      }
    }
  },
  {
    "id": "tom-organic-pads-day",
    "brand": "TOM Organic",
    "name": "Regular Pads",
    "imageUrl": "https://shop.coles.com.au/wcsstore/Coles-CAS/images/1/1/7/1176818-th.jpg",
    "categories": ["healthy-living"],
    "tags": ["organic", "health-beauty-organic"],
    "locations": {
      "vic": {
        "price": 5.45,
        "promoText": " ",
        "packageSize": "10 pack",
        "packagePrice": "$0.55 per 1Ea"
      }
    }
  },
  {
    "id": "tom-organic-tampons-super-cotton",
    "brand": "TOM Organic",
    "name": "Super Tampons",
    "imageUrl": "https://shop.coles.com.au/wcsstore/Coles-CAS/images/1/1/7/1176738-th.jpg",
    "categories": ["healthy-living"],
    "tags": ["organic", "health-beauty-organic"],
    "locations": {
      "vic": {
        "price": 5.45,
        "promoText": " ",
        "packageSize": "16 pack",
        "packagePrice": "$0.34 per 1Ea"
      }
    }
  },
  {
    "id": "the-goods-vegan-mayonnaise-3516225p",
    "brand": "The Goods",
    "name": "Vegan Mayonnaise",
    "imageUrl": "https://shop.coles.com.au/wcsstore/Coles-CAS/images/3/5/1/3516225-th.jpg",
    "categories": ["healthy-living"],
    "tags": ["healthier-choices", "chilled-healthfods"],
    "locations": {
      "vic": {
        "price": 5,
        "promoText": "Was $6.00 on Mar 2020 ",
        "packageSize": "475g",
        "packagePrice": "$1.05 per 100G"
      }
    }
  },
  {
    "id": "keep-it-cleaner-fermented-vegetables-kimchi",
    "brand": "Keep It Cleaner",
    "name": "Fermented Vegetables Kimchi",
    "imageUrl": "https://shop.coles.com.au/wcsstore/Coles-CAS/images/3/0/7/3077282-th.jpg",
    "categories": ["healthy-living"],
    "tags": ["healthier-choices", "chilled-healthfods"],
    "locations": {
      "vic": {
        "price": 10,
        "promoText": " ",
        "packageSize": "400g",
        "packagePrice": "$25.00 per 1Kg"
      }
    }
  },
  {
    "id": "keep-it-cleaner-bliss-balls-lemon-coconut-3515652p",
    "brand": "Keep It Cleaner",
    "name": "Lemon Lime And Coconut Bliss Balls 3 Pack",
    "imageUrl": "https://shop.coles.com.au/wcsstore/Coles-CAS/images/3/5/1/3515652-th.jpg",
    "categories": ["healthy-living"],
    "tags": ["healthier-choices", "chilled-healthfods"],
    "locations": {
      "vic": {
        "price": 7.5,
        "promoText": " ",
        "packageSize": "120g",
        "packagePrice": "$6.25 per 100G"
      }
    }
  },
  {
    "id": "vegie-delights-bolognese-sauce",
    "brand": "Vegie Delights",
    "name": "Bolognese Sauce",
    "imageUrl": "https://shop.coles.com.au/wcsstore/Coles-CAS/images/3/7/8/3780369-th.jpg",
    "categories": ["healthy-living"],
    "tags": ["healthier-choices", "chilled-healthfods"],
    "locations": {
      "vic": {
        "price": 5,
        "promoText": " ",
        "packageSize": "300g",
        "packagePrice": "$1.67 per 100G"
      }
    }
  },
  {
    "id": "coles-yellow-curry-tempeh-3512224p",
    "brand": "Coles",
    "name": "Nature's Kitchen Yellow Curry Tempeh",
    "imageUrl": "https://shop.coles.com.au/wcsstore/Coles-CAS/images/3/5/1/3512224-th.jpg",
    "categories": ["healthy-living"],
    "tags": ["healthier-choices", "chilled-healthfods"],
    "locations": {
      "vic": {
        "price": 5.35,
        "promoText": " ",
        "packageSize": "200g",
        "packagePrice": "$2.68 per 100G"
      }
    }
  },
  {
    "id": "connect-fods-kombucha-shot-lemon-ginger",
    "brand": "Connect Foods",
    "name": "Kombucha Shot Lemon Ginger",
    "imageUrl": "https://shop.coles.com.au/wcsstore/Coles-CAS/images/3/7/6/3764249-th.jpg",
    "categories": ["healthy-living"],
    "tags": ["healthier-choices", "chilled-healthfods"],
    "locations": {
      "vic": {
        "price": 6.79,
        "promoText": "$1.21 ",
        "packageSize": "30mL",
        "packagePrice": "$226.41 per 100mL"
      }
    }
  },
  {
    "id": "keep-it-cleaner-protein-bar-crunchy-nut-butter",
    "brand": "Keep It Cleaner",
    "name": "Probiotic Crunchy Mixed Nut Protein Bar",
    "imageUrl": "https://shop.coles.com.au/wcsstore/Coles-CAS/images/3/4/6/3465044-th.jpg",
    "categories": ["healthy-living"],
    "tags": ["healthier-choices", "chilled-healthfods"],
    "locations": {
      "vic": {
        "price": 3,
        "promoText": " ",
        "packageSize": "40g",
        "packagePrice": "$7.50 per 100G"
      }
    }
  },
  {
    "id": "kep-it-cleaner-gren-goddess-dressing",
    "brand": "Keep It Cleaner",
    "name": "Green Goddess Dressing",
    "imageUrl": "https://shop.coles.com.au/wcsstore/Coles-CAS/images/3/7/6/3765412-th.jpg",
    "categories": ["healthy-living"],
    "tags": ["healthier-choices", "chilled-healthfods"],
    "locations": {
      "vic": {
        "price": 6.5,
        "promoText": " ",
        "packageSize": "250mL",
        "packagePrice": "$2.60 per 100mL"
      }
    }
  },
  {
    "id": "freedom-foods-active-balance-multigrain-cranberry",
    "brand": "Freedom Foods",
    "name": "Active Balance Multigrain & Cranberry",
    "imageUrl": "https://shop.coles.com.au/wcsstore/Coles-CAS/images/1/8/3/1838537-th.jpg",
    "categories": ["healthy-living"],
    "tags": ["healthier-choices", "healthier-breakfast"],
    "locations": {
      "vic": {
        "price": 3,
        "promoText": "$3.00 ",
        "packageSize": "350g",
        "packagePrice": "$0.86 per 100G"
      }
    }
  },
  {
    "id": "freedom-foods-cereal-rice-puffs--gluten-free",
    "brand": "Freedom Foods",
    "name": "Cereal Rice Puffs",
    "imageUrl": "https://shop.coles.com.au/wcsstore/Coles-CAS/images/4/6/0/4604703-th.jpg",
    "categories": ["healthy-living"],
    "tags": ["healthier-choices", "healthier-breakfast"],
    "locations": {
      "vic": {
        "price": 2,
        "promoText": "$2.00 ",
        "packageSize": "250g",
        "packagePrice": "$0.80 per 100G"
      }
    }
  },
  {
    "id": "melrose-naturals-spread-gluten-free-almond",
    "brand": "Melrose",
    "name": "Almond Naturals Gluten Free Spread",
    "imageUrl": "https://shop.coles.com.au/wcsstore/Coles-CAS/images/5/3/6/5367625-th.jpg",
    "categories": ["healthy-living"],
    "tags": ["healthier-choices", "healthier-breakfast"],
    "locations": {
      "vic": {
        "price": 8.95,
        "promoText": " ",
        "packageSize": "250g",
        "packagePrice": "$3.58 per 100G"
      }
    }
  },
  {
    "id": "freedom-foods-active-balance-buckwheat-quinoa-cereal",
    "brand": "Freedom Foods",
    "name": "Active Balance Buckwheat & Quinoa Cereal",
    "imageUrl": "https://shop.coles.com.au/wcsstore/Coles-CAS/images/1/8/3/1838548-th.jpg",
    "categories": ["healthy-living"],
    "tags": ["healthier-choices", "healthier-breakfast"],
    "locations": {
      "vic": {
        "price": 3,
        "promoText": "$3.00 ",
        "packageSize": "350g",
        "packagePrice": "$0.86 per 100G"
      }
    }
  },
  {
    "id": "coles-organic-psyllium-husk",
    "brand": "Coles",
    "name": "Organic Psyllium Husk",
    "imageUrl": "https://shop.coles.com.au/wcsstore/Coles-CAS/images/3/1/3/3131107-th.jpg",
    "categories": ["healthy-living"],
    "tags": ["healthier-choices", "healthier-breakfast"],
    "locations": {
      "vic": {
        "price": 6,
        "promoText": " ",
        "packageSize": "250g",
        "packagePrice": "$2.40 per 100G"
      }
    }
  },
  {
    "id": "freedom-foods-xo-crunch",
    "brand": "Freedom Foods",
    "name": "XO Crunch",
    "imageUrl": "https://shop.coles.com.au/wcsstore/Coles-CAS/images/1/9/9/1992606-th.jpg",
    "categories": ["healthy-living"],
    "tags": ["healthier-choices", "healthier-breakfast"],
    "locations": {
      "vic": {
        "price": 2,
        "promoText": "$2.00 ",
        "packageSize": "285g",
        "packagePrice": "$0.70 per 100G"
      }
    }
  },
  {
    "id": "freedom-foods-corn-flakes",
    "brand": "Freedom Foods",
    "name": "Corn Flakes",
    "imageUrl": "https://shop.coles.com.au/wcsstore/Coles-CAS/images/2/4/7/2471391-th.jpg",
    "categories": ["healthy-living"],
    "tags": ["healthier-choices", "healthier-breakfast"],
    "locations": {
      "vic": {
        "price": 2,
        "promoText": "$2.00 ",
        "packageSize": "260g",
        "packagePrice": "$0.77 per 100G"
      }
    }
  },
  {
    "id": "pureharvest-rice-syrup-natural",
    "brand": "Pureharvest",
    "name": "Natural Rice Malt Syrup",
    "imageUrl": "https://shop.coles.com.au/wcsstore/Coles-CAS/images/5/3/5/5356119-th.jpg",
    "categories": ["healthy-living"],
    "tags": ["healthier-choices", "healthier-breakfast"],
    "locations": {
      "vic": {
        "price": 3.8,
        "promoText": " ",
        "packageSize": "500g",
        "packagePrice": "$0.76 per 100G"
      }
    }
  },
  {
    "id": "coles-simply-gluten-free-cereal-corn-flakes",
    "brand": "Coles",
    "name": "I'M Free From Corn Flakes",
    "imageUrl": "https://shop.coles.com.au/wcsstore/Coles-CAS/images/1/2/5/1250466-th.jpg",
    "categories": ["healthy-living"],
    "tags": ["healthier-choices", "healthier-breakfast"],
    "locations": {
      "vic": {
        "price": 3,
        "promoText": " ",
        "packageSize": "375g",
        "packagePrice": "$0.80 per 100G"
      }
    }
  },
  {
    "id": "wellness-road-organic-hulled-tahini",
    "brand": "Wellness Road",
    "name": "Organic Hulled Tahini",
    "imageUrl": "https://shop.coles.com.au/wcsstore/Coles-CAS/images/3/6/2/3624603-th.jpg",
    "categories": ["healthy-living"],
    "tags": ["healthier-choices", "healthier-breakfast"],
    "locations": {
      "vic": {
        "price": 5,
        "promoText": " ",
        "packageSize": "375g",
        "packagePrice": "$1.33 per 100G"
      }
    }
  },
  {
    "id": "bounce-apricot-almond-brekkie-bar",
    "brand": "Bounce",
    "name": "Apricot Almond Brekkie Bar 3 Pack",
    "imageUrl": "https://shop.coles.com.au/wcsstore/Coles-CAS/images/3/6/8/3681844-th.jpg",
    "categories": ["healthy-living"],
    "tags": ["healthier-choices", "healthier-breakfast"],
    "locations": {
      "vic": {
        "price": 6,
        "promoText": " ",
        "packageSize": "150g",
        "packagePrice": "$4.00 per 100G"
      }
    }
  },
  {
    "id": "freedom-foods-cereal-ultra-rice-maple-crunch-gluten-free",
    "brand": "Freedom Foods",
    "name": "Ultra Rice Maple Crunch Gluten Free",
    "imageUrl": "https://shop.coles.com.au/wcsstore/Coles-CAS/images/9/5/5/9552367-th.jpg",
    "categories": ["healthy-living"],
    "tags": ["healthier-choices", "healthier-breakfast"],
    "locations": {
      "vic": {
        "price": 2.5,
        "promoText": "$2.50 ",
        "packageSize": "300g",
        "packagePrice": "$0.83 per 100G"
      }
    }
  },
  {
    "id": "messy-monkey-choc-crunch-cereal",
    "brand": "Freedom Foods",
    "name": "Messy Monkeys Gluten Free Choc Crunch Cereal",
    "imageUrl": "https://shop.coles.com.au/wcsstore/Coles-CAS/images/3/4/6/3464530-th.jpg",
    "categories": ["healthy-living"],
    "tags": ["healthier-choices", "healthier-breakfast"],
    "locations": {
      "vic": {
        "price": 4,
        "promoText": " ",
        "packageSize": "240g",
        "packagePrice": "$1.67 per 100G"
      }
    }
  },
  {
    "id": "food-for-health-cereal-cluster-fruit-free",
    "brand": "Food For Health",
    "name": "Fruit Free Clusters with Chai & Cinnamon",
    "imageUrl": "https://shop.coles.com.au/wcsstore/Coles-CAS/images/7/5/9/7595493-th.jpg",
    "categories": ["healthy-living"],
    "tags": ["healthier-choices", "healthier-breakfast"],
    "locations": {
      "vic": {
        "price": 8,
        "promoText": " ",
        "packageSize": "425g",
        "packagePrice": "$1.88 per 100G"
      }
    }
  },
  {
    "id": "freedom-foods-cereal-fructose-free-ancient-grain-muesli",
    "brand": "Freedom Foods",
    "name": "Fructose Free Ancient Grain Muesli",
    "imageUrl": "https://shop.coles.com.au/wcsstore/Coles-CAS/images/1/2/6/1263694-th.jpg",
    "categories": ["healthy-living"],
    "tags": ["healthier-choices", "healthier-breakfast"],
    "locations": {
      "vic": {
        "price": 3.25,
        "promoText": "$3.25 ",
        "packageSize": "300g",
        "packagePrice": "$1.08 per 100G"
      }
    }
  },
  {
    "id": "abundant-earth-puffed-rice-cereal",
    "brand": "Abundant Earth",
    "name": "Puffed Rice Cereal",
    "imageUrl": "https://shop.coles.com.au/wcsstore/Coles-CAS/images/5/4/0/5405291-th.jpg",
    "categories": ["healthy-living"],
    "tags": ["healthier-choices", "healthier-breakfast"],
    "locations": {
      "vic": {
        "price": 3.5,
        "promoText": " ",
        "packageSize": "170g",
        "packagePrice": "$2.06 per 100G"
      }
    }
  },
  {
    "id": "bonvit-tea-bags-dandelion",
    "brand": "Bonvit",
    "name": "Dandelion Tea Bags",
    "imageUrl": "https://shop.coles.com.au/wcsstore/Coles-CAS/images/7/0/3/7032628-th.jpg",
    "categories": ["healthy-living"],
    "tags": ["healthier-choices", "healthier-breakfast"],
    "locations": {
      "vic": {
        "price": 8,
        "promoText": " ",
        "packageSize": "32 pack",
        "packagePrice": "$8.89 per 100G"
      }
    }
  },
  {
    "id": "bounce-coconut-goji-brekkie-bar",
    "brand": "Bounce",
    "name": "Coconut Goji Brekkie Bar 3 Pack",
    "imageUrl": "https://shop.coles.com.au/wcsstore/Coles-CAS/images/3/6/8/3681877-th.jpg",
    "categories": ["healthy-living"],
    "tags": ["healthier-choices", "healthier-breakfast"],
    "locations": {
      "vic": {
        "price": 6,
        "promoText": " ",
        "packageSize": "150g",
        "packagePrice": "$4.00 per 100G"
      }
    }
  },
  {
    "id": "keep-it-cleaner-gluten-free-pridge-schts-originl",
    "brand": "Keep It Cleaner",
    "name": "Gluten Free Porridge Original",
    "imageUrl": "https://shop.coles.com.au/wcsstore/Coles-CAS/images/3/1/3/3134739-th.jpg",
    "categories": ["healthy-living"],
    "tags": ["healthier-choices", "healthier-breakfast"],
    "locations": {
      "vic": {
        "price": 8,
        "promoText": " ",
        "packageSize": "200g",
        "packagePrice": "$4.00 per 100G"
      }
    }
  },
  {
    "id": "mayvers-health-time-tahini-spread-gluten-free",
    "brand": "Mayvers",
    "name": "Health Time Gluten Free Tahini Spread",
    "imageUrl": "https://shop.coles.com.au/wcsstore/Coles-CAS/images/5/0/2/5022180-th.jpg",
    "categories": ["healthy-living"],
    "tags": ["healthier-choices", "healthier-breakfast"],
    "locations": {
      "vic": {
        "price": 5.29,
        "promoText": " ",
        "packageSize": "385g",
        "packagePrice": "$1.37 per 100G"
      }
    }
  },
  {
    "id": "tom-luke-snackballs-dark-choc-mint",
    "brand": "Tom & Luke",
    "name": "Snackaballs Dark Choc Mint",
    "imageUrl": "https://shop.coles.com.au/wcsstore/Coles-CAS/images/3/7/5/3758064-th.jpg",
    "categories": ["healthy-living"],
    "tags": ["healthier-choices", "healthier-breakfast"],
    "locations": {
      "vic": {
        "price": 5,
        "promoText": " ",
        "packageSize": "132g",
        "packagePrice": "$3.79 per 100G"
      }
    }
  },
  {
    "id": "black-natural-sugar-free-energy-drink-with-acai",
    "brand": "28 Black",
    "name": "Sugar Free Natural Energy Drink Can",
    "imageUrl": "https://shop.coles.com.au/wcsstore/Coles-CAS/images/1/4/7/1478362-th.jpg",
    "categories": ["healthy-living"],
    "tags": ["healthier-choices", "healthier-breakfast"],
    "locations": {
      "vic": {
        "price": 2,
        "promoText": "$0.70 ",
        "packageSize": "250mL",
        "packagePrice": "$8.00 per 1L"
      }
    }
  },
  {
    "id": "bounce-banana-pecan-brekkie-bar",
    "brand": "Bounce",
    "name": "Banana Pecan Brekkie Bar 3 Pack",
    "imageUrl": "https://shop.coles.com.au/wcsstore/Coles-CAS/images/3/6/8/3681866-th.jpg",
    "categories": ["healthy-living"],
    "tags": ["healthier-choices", "healthier-breakfast"],
    "locations": {
      "vic": {
        "price": 6,
        "promoText": " ",
        "packageSize": "150g",
        "packagePrice": "$4.00 per 100G"
      }
    }
  },
  {
    "id": "freedom-foods-cereal-muesli-gluten-free",
    "brand": "Freedom Foods",
    "name": "Gluten Free Muesli",
    "imageUrl": "https://shop.coles.com.au/wcsstore/Coles-CAS/images/5/7/4/5748152-th.jpg",
    "categories": ["healthy-living"],
    "tags": ["healthier-choices", "healthier-breakfast"],
    "locations": {
      "vic": {
        "price": 3.25,
        "promoText": "$3.25 ",
        "packageSize": "500g",
        "packagePrice": "$0.65 per 100G"
      }
    }
  },
  {
    "id": "freedom-foods-xo-crunch-berry-flavour",
    "brand": "Freedom Foods",
    "name": "Xo Crunch Berry Flavour",
    "imageUrl": "https://shop.coles.com.au/wcsstore/Coles-CAS/images/3/6/2/3624636-th.jpg",
    "categories": ["healthy-living"],
    "tags": ["healthier-choices", "healthier-breakfast"],
    "locations": {
      "vic": {
        "price": 2,
        "promoText": "$2.00 ",
        "packageSize": "245g",
        "packagePrice": "$0.82 per 100G"
      }
    }
  },
  {
    "id": "fredom-fods-vanilla-maple-almond-cereal",
    "brand": "Freedom Foods",
    "name": "Vanilla Maple Almond Clusters",
    "imageUrl": "https://shop.coles.com.au/wcsstore/Coles-CAS/images/3/7/7/3773590-th.jpg",
    "categories": ["healthy-living"],
    "tags": ["healthier-choices", "healthier-breakfast"],
    "locations": {
      "vic": {
        "price": 3,
        "promoText": "$3.00 ",
        "packageSize": "360g",
        "packagePrice": "$0.83 per 100G"
      }
    }
  },
  {
    "id": "fredom-fods-berry-coconut-clusters",
    "brand": "Freedom Foods",
    "name": "Berry Coconut Clusters",
    "imageUrl": "https://shop.coles.com.au/wcsstore/Coles-CAS/images/3/7/7/3773603-th.jpg",
    "categories": ["healthy-living"],
    "tags": ["healthier-choices", "healthier-breakfast"],
    "locations": {
      "vic": {
        "price": 3,
        "promoText": "$3.00 ",
        "packageSize": "360g",
        "packagePrice": "$0.83 per 100G"
      }
    }
  },
  {
    "id": "melrose-naturals-cashew-spread",
    "brand": "Melrose",
    "name": "Naturals Cashew Spread",
    "imageUrl": "https://shop.coles.com.au/wcsstore/Coles-CAS/images/5/3/6/5367636-th.jpg",
    "categories": ["healthy-living"],
    "tags": ["healthier-choices", "healthier-breakfast"],
    "locations": {
      "vic": {
        "price": 8.95,
        "promoText": " ",
        "packageSize": "250g",
        "packagePrice": "$3.58 per 100G"
      }
    }
  },
  {
    "id": "natures-way-super-foods-spirulina",
    "brand": "Nature's Way",
    "name": "Super Foods Spirulina",
    "imageUrl": "https://shop.coles.com.au/wcsstore/Coles-CAS/images/1/4/6/1466217-th.jpg",
    "categories": ["healthy-living"],
    "tags": ["healthier-choices", "healthier-breakfast"],
    "locations": {
      "vic": {
        "price": 13,
        "promoText": " ",
        "packageSize": "100g",
        "packagePrice": "$13.00 per 100G"
      }
    }
  },
  {
    "id": "natures-way-super-food-raw-organic-cacao-powder",
    "brand": "Nature's Way",
    "name": "Super Foods Raw Organic Cacao Powder",
    "imageUrl": "https://shop.coles.com.au/wcsstore/Coles-CAS/images/1/4/8/1484401-th.jpg",
    "categories": ["healthy-living"],
    "tags": ["healthier-choices", "healthier-breakfast"],
    "locations": {
      "vic": {
        "price": 8,
        "promoText": " ",
        "packageSize": "125g",
        "packagePrice": "$6.40 per 100G"
      }
    }
  },
  {
    "id": "red-tractor-steel-cut-oats",
    "brand": "Red Tractor",
    "name": "Steel Cut Oats",
    "imageUrl": "https://shop.coles.com.au/wcsstore/Coles-CAS/images/1/7/4/1745800-th.jpg",
    "categories": ["healthy-living"],
    "tags": ["healthier-choices", "healthier-breakfast"],
    "locations": {
      "vic": {
        "price": 7,
        "promoText": " ",
        "packageSize": "850g",
        "packagePrice": "$0.82 per 100G"
      }
    }
  },
  {
    "id": "red-tractor-honey-nut-crumble-granola",
    "brand": "Red Tractor",
    "name": "Fruit Free Honey Nut Crumble Granola",
    "imageUrl": "https://shop.coles.com.au/wcsstore/Coles-CAS/images/1/7/4/1745710-th.jpg",
    "categories": ["healthy-living"],
    "tags": ["healthier-choices", "healthier-breakfast"],
    "locations": {
      "vic": {
        "price": 8.8,
        "promoText": " ",
        "packageSize": "400g",
        "packagePrice": "$2.20 per 100G"
      }
    }
  },
  {
    "id": "table-of-plenty-muesli-probiotics-plus",
    "brand": "Table Of Plenty",
    "name": "Muesli Probiotics + Healthy Gut",
    "imageUrl": "https://shop.coles.com.au/wcsstore/Coles-CAS/images/3/6/0/3609814-th.jpg",
    "categories": ["healthy-living"],
    "tags": ["healthier-choices", "healthier-breakfast"],
    "locations": {
      "vic": {
        "price": 7.2,
        "promoText": " ",
        "packageSize": "400g",
        "packagePrice": "$1.80 per 100G"
      }
    }
  },
  {
    "id": "coles-gluten-free-almond--brazil-cashew-spread",
    "brand": "Wellness Road",
    "name": "ABC Spread",
    "imageUrl": "https://shop.coles.com.au/wcsstore/Coles-CAS/images/3/1/3/3134309-th.jpg",
    "categories": ["healthy-living"],
    "tags": ["healthier-choices", "healthier-breakfast"],
    "locations": {
      "vic": {
        "price": 8,
        "promoText": "Was $8.50 on Aug 2019 ",
        "packageSize": "250g",
        "packagePrice": "$3.20 per 100G"
      }
    }
  },
  {
    "id": "abundant-earth-puffed-corn-cereal",
    "brand": "Abundant Earth",
    "name": "Puffed Corn Cereal",
    "imageUrl": "https://shop.coles.com.au/wcsstore/Coles-CAS/images/5/4/1/5419161-th.jpg",
    "categories": ["healthy-living"],
    "tags": ["healthier-choices", "healthier-breakfast"],
    "locations": {
      "vic": {
        "price": 3.5,
        "promoText": " ",
        "packageSize": "170g",
        "packagePrice": "$2.06 per 100G"
      }
    }
  },
  {
    "id": "coles-organic-rolled-oats-creamy-style",
    "brand": "Coles",
    "name": "Traditional Rolled Oats",
    "imageUrl": "https://shop.coles.com.au/wcsstore/Coles-CAS/images/8/6/6/8667895-th.jpg",
    "categories": ["healthy-living"],
    "tags": ["healthier-choices", "healthier-breakfast"],
    "locations": {
      "vic": {
        "price": 3.5,
        "promoText": "Was $3.75 on Sep 2018 ",
        "packageSize": "500g",
        "packagePrice": "$0.70 per 100G"
      }
    }
  },
  {
    "id": "food-for-health-fruit-free-cacao-coffee-gf",
    "brand": "Food For Health",
    "name": "Coffee & Cacao Fruit Free Clusters",
    "imageUrl": "https://shop.coles.com.au/wcsstore/Coles-CAS/images/2/8/9/2899264-th.jpg",
    "categories": ["healthy-living"],
    "tags": ["healthier-choices", "healthier-breakfast"],
    "locations": {
      "vic": {
        "price": 8,
        "promoText": " ",
        "packageSize": "425g",
        "packagePrice": "$1.88 per 100G"
      }
    }
  },
  {
    "id": "messy-monkey-banana-blast-cereal",
    "brand": "Freedom Foods",
    "name": "Messy Monkeys Gluten Free Banana Flavour Cereal",
    "imageUrl": "https://shop.coles.com.au/wcsstore/Coles-CAS/images/3/4/6/3464518-th.jpg",
    "categories": ["healthy-living"],
    "tags": ["healthier-choices", "healthier-breakfast"],
    "locations": {
      "vic": {
        "price": 4,
        "promoText": " ",
        "packageSize": "220g",
        "packagePrice": "$1.82 per 100G"
      }
    }
  },
  {
    "id": "messy-monkey-berry-shake-cereal",
    "brand": "Freedom Foods",
    "name": "Messy Monkeys Gluten Free Berry Shake Flavour Cereal",
    "imageUrl": "https://shop.coles.com.au/wcsstore/Coles-CAS/images/3/4/6/3464529-th.jpg",
    "categories": ["healthy-living"],
    "tags": ["healthier-choices", "healthier-breakfast"],
    "locations": {
      "vic": {
        "price": 4,
        "promoText": " ",
        "packageSize": "240g",
        "packagePrice": "$1.67 per 100G"
      }
    }
  },
  {
    "id": "mayvers-health-time-tahini-spread-gluten-free-unhulled",
    "brand": "Mayvers",
    "name": "Gluten Free Health Time Unhulled Tahini Spread",
    "imageUrl": "https://shop.coles.com.au/wcsstore/Coles-CAS/images/8/0/8/8082020-th.jpg",
    "categories": ["healthy-living"],
    "tags": ["healthier-choices", "healthier-breakfast"],
    "locations": {
      "vic": {
        "price": 5.29,
        "promoText": " ",
        "packageSize": "385g",
        "packagePrice": "$1.37 per 100G"
      }
    }
  },
  {
    "id": "mayvers-org-peanut-spread-coconut",
    "brand": "Mayvers",
    "name": "Organic Coconut Peanut Spread",
    "imageUrl": "https://shop.coles.com.au/wcsstore/Coles-CAS/images/1/4/6/1464153-th.jpg",
    "categories": ["healthy-living"],
    "tags": ["healthier-choices", "healthier-breakfast"],
    "locations": {
      "vic": {
        "price": 6,
        "promoText": " ",
        "packageSize": "375g",
        "packagePrice": "$1.60 per 100G"
      }
    }
  },
  {
    "id": "natures-way-superfoods-turmeric-powder",
    "brand": "Natures Way Superfoods",
    "name": "Turmeric Powder",
    "imageUrl": "https://shop.coles.com.au/wcsstore/Coles-CAS/images/2/8/7/2874966-th.jpg",
    "categories": ["healthy-living"],
    "tags": ["healthier-choices", "healthier-breakfast"],
    "locations": {
      "vic": {
        "price": 13,
        "promoText": " ",
        "packageSize": "100g",
        "packagePrice": "$13.00 per 100G"
      }
    }
  },
  {
    "id": "simple-foods-organic-smoothie-green",
    "brand": "Simple Foods",
    "name": "Organic Vegan & Gluten Free Super Greens Smoothie",
    "imageUrl": "https://shop.coles.com.au/wcsstore/Coles-CAS/images/3/1/3/3131490-th.jpg",
    "categories": ["healthy-living"],
    "tags": ["healthier-choices", "healthier-breakfast"],
    "locations": {
      "vic": {
        "price": 4.8,
        "promoText": "$1.20 ",
        "packageSize": "100g",
        "packagePrice": "$4.80 per 100G"
      }
    }
  },
  {
    "id": "table-of-plenty-porridge-rpotein-strong-muscles",
    "brand": "Table Of Plenty",
    "name": "Porridge Protein + Strong Muscles",
    "imageUrl": "https://shop.coles.com.au/wcsstore/Coles-CAS/images/3/6/0/3609825-th.jpg",
    "categories": ["healthy-living"],
    "tags": ["healthier-choices", "healthier-breakfast"],
    "locations": {
      "vic": {
        "price": 7.2,
        "promoText": " ",
        "packageSize": "400g",
        "packagePrice": "$1.80 per 100G"
      }
    }
  },
  {
    "id": "coles-almond-butter",
    "brand": "Wellness Road",
    "name": "Almond Spread",
    "imageUrl": "https://shop.coles.com.au/wcsstore/Coles-CAS/images/2/9/1/2915542-th.jpg",
    "categories": ["healthy-living"],
    "tags": ["healthier-choices", "healthier-breakfast"],
    "locations": {
      "vic": {
        "price": 8,
        "promoText": " ",
        "packageSize": "250g",
        "packagePrice": "$3.20 per 100G"
      }
    }
  },
  {
    "id": "wellness-road-skin-on-peanut-butter",
    "brand": "Wellness Road",
    "name": "Skin On Peanut Butter",
    "imageUrl": "https://shop.coles.com.au/wcsstore/Coles-CAS/images/3/6/1/3611543-th.jpg",
    "categories": ["healthy-living"],
    "tags": ["healthier-choices", "healthier-breakfast"],
    "locations": {
      "vic": {
        "price": 4,
        "promoText": " ",
        "packageSize": "280g",
        "packagePrice": "$1.43 per 100G"
      }
    }
  },
  {
    "id": "aloe-vera-of-australia-juice-plain-natural",
    "brand": "Aloe Vera of Australia",
    "name": "Plain Natural Juice",
    "imageUrl": "https://shop.coles.com.au/wcsstore/Coles-CAS/images/5/5/8/5585579-th.jpg",
    "categories": ["healthy-living"],
    "tags": ["healthier-choices", "healthier-breakfast"],
    "locations": {
      "vic": {
        "price": 12.4,
        "promoText": " ",
        "packageSize": "1L",
        "packagePrice": "$12.40 per 1L"
      }
    }
  },
  {
    "id": "blue-label-molasses",
    "brand": "Blue Label",
    "name": "Molasses",
    "imageUrl": "https://shop.coles.com.au/wcsstore/Coles-CAS/images/9/0/5/9054676-th.jpg",
    "categories": ["healthy-living"],
    "tags": ["healthier-choices", "healthier-breakfast"],
    "locations": {
      "vic": {
        "price": 4,
        "promoText": " ",
        "packageSize": "550g",
        "packagePrice": "$0.73 per 100G"
      }
    }
  },
  {
    "id": "coles-organic-rolled-oats-instant",
    "brand": "Coles",
    "name": "Instant Rolled Oats",
    "imageUrl": "https://shop.coles.com.au/wcsstore/Coles-CAS/images/8/6/6/8668049-th.jpg",
    "categories": ["healthy-living"],
    "tags": ["healthier-choices", "healthier-breakfast"],
    "locations": {
      "vic": {
        "price": 3.5,
        "promoText": "Was $3.75 on Sep 2018 ",
        "packageSize": "500g",
        "packagePrice": "$0.70 per 100G"
      }
    }
  },
  {
    "id": "coles-organic-gluten-free-turmeric-powder",
    "brand": "Coles",
    "name": "Organic Turmeric Powder",
    "imageUrl": "https://shop.coles.com.au/wcsstore/Coles-CAS/images/3/1/3/3131231-th.jpg",
    "categories": ["healthy-living"],
    "tags": ["healthier-choices", "healthier-breakfast"],
    "locations": {
      "vic": {
        "price": 5.5,
        "promoText": " ",
        "packageSize": "150g",
        "packagePrice": "$3.67 per 100G"
      }
    }
  },
  {
    "id": "coles-organic-maca",
    "brand": "Coles",
    "name": "Organic Maca Powder",
    "imageUrl": "https://shop.coles.com.au/wcsstore/Coles-CAS/images/3/1/3/3131071-th.jpg",
    "categories": ["healthy-living"],
    "tags": ["healthier-choices", "healthier-breakfast"],
    "locations": {
      "vic": {
        "price": 5.5,
        "promoText": " ",
        "packageSize": "150g",
        "packagePrice": "$3.67 per 100G"
      }
    }
  },
  {
    "id": "farmer-jo-salted-maple-baked-muesli",
    "brand": "Farmer Jo",
    "name": "Salted Maple Baked Muesli",
    "imageUrl": "https://shop.coles.com.au/wcsstore/Coles-CAS/images/3/7/5/3758053-th.jpg",
    "categories": ["healthy-living"],
    "tags": ["healthier-choices", "healthier-breakfast"],
    "locations": {
      "vic": {
        "price": 8,
        "promoText": " ",
        "packageSize": "400g",
        "packagePrice": "$2.00 per 100G"
      }
    }
  },
  {
    "id": "farmer-jo-cranberry-fig-baked-muesli",
    "brand": "Farmer Jo",
    "name": "Cranberry & Fig Baked Muesli",
    "imageUrl": "https://shop.coles.com.au/wcsstore/Coles-CAS/images/3/7/5/3758020-th.jpg",
    "categories": ["healthy-living"],
    "tags": ["healthier-choices", "healthier-breakfast"],
    "locations": {
      "vic": {
        "price": 8,
        "promoText": " ",
        "packageSize": "400g",
        "packagePrice": "$2.00 per 100G"
      }
    }
  },
  {
    "id": "farmer-jo-gluten-fre-paleo-granola",
    "brand": "Farmer Jo",
    "name": "Gluten Free Paleo Granola",
    "imageUrl": "https://shop.coles.com.au/wcsstore/Coles-CAS/images/3/7/5/3758042-th.jpg",
    "categories": ["healthy-living"],
    "tags": ["healthier-choices", "healthier-breakfast"],
    "locations": {
      "vic": {
        "price": 10,
        "promoText": " ",
        "packageSize": "300g",
        "packagePrice": "$3.33 per 100G"
      }
    }
  },
  {
    "id": "farmer-jo-cacao-hemp-granola",
    "brand": "Farmer Jo",
    "name": "Cacao & Hemp Granola",
    "imageUrl": "https://shop.coles.com.au/wcsstore/Coles-CAS/images/3/7/5/3758031-th.jpg",
    "categories": ["healthy-living"],
    "tags": ["healthier-choices", "healthier-breakfast"],
    "locations": {
      "vic": {
        "price": 8,
        "promoText": " ",
        "packageSize": "350g",
        "packagePrice": "$2.29 per 100G"
      }
    }
  },
  {
    "id": "food-for-health-muesli-gluten-free",
    "brand": "Food For Health",
    "name": "Gluten Free Muesli",
    "imageUrl": "https://shop.coles.com.au/wcsstore/Coles-CAS/images/6/4/2/6428441-th.jpg",
    "categories": ["healthy-living"],
    "tags": ["healthier-choices", "healthier-breakfast"],
    "locations": {
      "vic": {
        "price": 8,
        "promoText": " ",
        "packageSize": "425g",
        "packagePrice": "$1.68 per 100G"
      }
    }
  },
  {
    "id": "food-for-heatlh-simply-fibre-muesli",
    "brand": "Food For Health",
    "name": "Simply Fibre Muesli",
    "imageUrl": "https://shop.coles.com.au/wcsstore/Coles-CAS/images/2/8/9/2899286-th.jpg",
    "categories": ["healthy-living"],
    "tags": ["healthier-choices", "healthier-breakfast"],
    "locations": {
      "vic": {
        "price": 8,
        "promoText": " ",
        "packageSize": "475g",
        "packagePrice": "$1.68 per 100G"
      }
    }
  },
  {
    "id": "food-for-health-fruit-free-clstr-simply-nuty-gf",
    "brand": "Food For Health",
    "name": "Nutty Almond Fruit Free Clusters",
    "imageUrl": "https://shop.coles.com.au/wcsstore/Coles-CAS/images/2/8/9/2899275-th.jpg",
    "categories": ["healthy-living"],
    "tags": ["healthier-choices", "healthier-breakfast"],
    "locations": {
      "vic": {
        "price": 8,
        "promoText": " ",
        "packageSize": "425g",
        "packagePrice": "$1.88 per 100G"
      }
    }
  },
  {
    "id": "messy-monkeys-honey-buzz-cereal",
    "brand": "Freedom Foods",
    "name": "Messy Monkeys Gluten Free Honey Buzz Flavour Cereal",
    "imageUrl": "https://shop.coles.com.au/wcsstore/Coles-CAS/images/3/6/2/3624647-th.jpg",
    "categories": ["healthy-living"],
    "tags": ["healthier-choices", "healthier-breakfast"],
    "locations": {
      "vic": {
        "price": 4,
        "promoText": " ",
        "packageSize": "250g",
        "packagePrice": "$1.60 per 100G"
      }
    }
  },
  {
    "id": "kapai-puku-gluten-free-gut-health",
    "brand": "Kapai Puku",
    "name": "Gluten Free Stomach Health",
    "imageUrl": "https://shop.coles.com.au/wcsstore/ColesResponsiveStorefrontAssetStore/dist/ccfc54aed6e361b650bcf0582f7b576b/img/img_product-placeholder.png",
    "categories": ["healthy-living"],
    "tags": ["healthier-choices", "healthier-breakfast"],
    "locations": {
      "vic": {
        "price": 13.5,
        "promoText": " ",
        "packageSize": "450g",
        "packagePrice": "$3.00 per 100G"
      }
    }
  },
  {
    "id": "kapai-puku-health-liver",
    "brand": "Kapai Puku",
    "name": "Health Liver",
    "imageUrl": "https://shop.coles.com.au/wcsstore/Coles-CAS/images/3/1/3/3134207-th.jpg",
    "categories": ["healthy-living"],
    "tags": ["healthier-choices", "healthier-breakfast"],
    "locations": {
      "vic": {
        "price": 13.5,
        "promoText": " ",
        "packageSize": "450g",
        "packagePrice": "$3.00 per 100G"
      }
    }
  },
  {
    "id": "kapai-puku-health-skin",
    "brand": "Kapai Puku",
    "name": "Gluten Free Health Skin Purify",
    "imageUrl": "https://shop.coles.com.au/wcsstore/ColesResponsiveStorefrontAssetStore/dist/ccfc54aed6e361b650bcf0582f7b576b/img/img_product-placeholder.png",
    "categories": ["healthy-living"],
    "tags": ["healthier-choices", "healthier-breakfast"],
    "locations": {
      "vic": {
        "price": 13.5,
        "promoText": " ",
        "packageSize": "450g",
        "packagePrice": "$3.00 per 100G"
      }
    }
  },
  {
    "id": "lowan-rice-porridge-orchard-fruit",
    "brand": "Lowan",
    "name": "Gluten Free Rice Porridge With Orchard Fruits",
    "imageUrl": "https://shop.coles.com.au/wcsstore/Coles-CAS/images/8/7/3/8730380-th.jpg",
    "categories": ["healthy-living"],
    "tags": ["healthier-choices", "healthier-breakfast"],
    "locations": {
      "vic": {
        "price": 0,
        "promoText": " ",
        "packageSize": "500g",
        "packagePrice": ""
      }
    }
  },
  {
    "id": "manuka-health-mgo100-manuka-honey",
    "brand": "Manuka Health",
    "name": "Mgo100+ Manuka Honey",
    "imageUrl": "https://shop.coles.com.au/wcsstore/Coles-CAS/images/3/1/2/3129150-th.jpg",
    "categories": ["healthy-living"],
    "tags": ["healthier-choices", "healthier-breakfast"],
    "locations": {
      "vic": {
        "price": 20,
        "promoText": " ",
        "packageSize": "250g",
        "packagePrice": "$8.00 per 100G"
      }
    }
  },
  {
    "id": "monster-muesli-muesli-berry",
    "brand": "Monster Muesli",
    "name": "Berry Muesli",
    "imageUrl": "https://shop.coles.com.au/wcsstore/Coles-CAS/images/1/4/6/1469850-th.jpg",
    "categories": ["healthy-living"],
    "tags": ["healthier-choices", "healthier-breakfast"],
    "locations": {
      "vic": {
        "price": 7.2,
        "promoText": " ",
        "packageSize": "600g",
        "packagePrice": "$1.20 per 100G"
      }
    }
  },
  {
    "id": "natures-way-super-foods-acai",
    "brand": "Nature's Way",
    "name": "Super Foods Acai",
    "imageUrl": "https://shop.coles.com.au/wcsstore/Coles-CAS/images/1/4/6/1466272-th.jpg",
    "categories": ["healthy-living"],
    "tags": ["healthier-choices", "healthier-breakfast"],
    "locations": {
      "vic": {
        "price": 18.45,
        "promoText": " ",
        "packageSize": "50g",
        "packagePrice": "$36.90 per 100G"
      }
    }
  },
  {
    "id": "natures-way-super-foods-maca-powder",
    "brand": "Nature's Way",
    "name": "Super Foods Maca Powder",
    "imageUrl": "https://shop.coles.com.au/wcsstore/Coles-CAS/images/1/4/7/1477574-th.jpg",
    "categories": ["healthy-living"],
    "tags": ["healthier-choices", "healthier-breakfast"],
    "locations": {
      "vic": {
        "price": 8,
        "promoText": " ",
        "packageSize": "100g",
        "packagePrice": "$8.00 per 100G"
      }
    }
  },
  {
    "id": "natures-way-super-greens-boost",
    "brand": "Nature's Way",
    "name": "Super Greens Boost",
    "imageUrl": "https://shop.coles.com.au/wcsstore/Coles-CAS/images/1/9/9/1996094-th.jpg",
    "categories": ["healthy-living"],
    "tags": ["healthier-choices", "healthier-breakfast"],
    "locations": {
      "vic": {
        "price": 20,
        "promoText": " ",
        "packageSize": "100g",
        "packagePrice": "$20.00 per 100G"
      }
    }
  },
  {
    "id": "natures-way-superfoods-cacao-nibs",
    "brand": "Nature's Way",
    "name": "Superfoods Cacao Nibs",
    "imageUrl": "https://shop.coles.com.au/wcsstore/Coles-CAS/images/2/4/8/2481351-th.jpg",
    "categories": ["healthy-living"],
    "tags": ["healthier-choices", "healthier-breakfast"],
    "locations": {
      "vic": {
        "price": 12,
        "promoText": " ",
        "packageSize": "100g",
        "packagePrice": "$12.00 per 100G"
      }
    }
  },
  {
    "id": "natures-way-superfood--turmeric-fusion",
    "brand": "Nature's Way",
    "name": "Organic RawTurmeric Fusion",
    "imageUrl": "https://shop.coles.com.au/wcsstore/Coles-CAS/images/2/8/7/2875073-th.jpg",
    "categories": ["healthy-living"],
    "tags": ["healthier-choices", "healthier-breakfast"],
    "locations": {
      "vic": {
        "price": 4,
        "promoText": " ",
        "packageSize": "330mL",
        "packagePrice": "$1.21 per 100mL"
      }
    }
  },
  {
    "id": "natures-way-kombucha-pomegranate-apple-drink",
    "brand": "Nature's Way",
    "name": "Organic Kombucha Pomegranate & Apple Raw Drink",
    "imageUrl": "https://shop.coles.com.au/wcsstore/Coles-CAS/images/2/4/9/2498004-th.jpg",
    "categories": ["healthy-living"],
    "tags": ["healthier-choices", "healthier-breakfast"],
    "locations": {
      "vic": {
        "price": 4,
        "promoText": " ",
        "packageSize": "330mL",
        "packagePrice": "$1.21 per 100mL"
      }
    }
  },
  {
    "id": "natures-way-kombucha-lime-ginger-drink",
    "brand": "Nature's Way",
    "name": "Kombucha Lime & Ginger Organic Raw Drink",
    "imageUrl": "https://shop.coles.com.au/wcsstore/Coles-CAS/images/2/4/9/2497996-th.jpg",
    "categories": ["healthy-living"],
    "tags": ["healthier-choices", "healthier-breakfast"],
    "locations": {
      "vic": {
        "price": 4,
        "promoText": " ",
        "packageSize": "330mL",
        "packagePrice": "$1.21 per 100mL"
      }
    }
  },
  {
    "id": "natures-way-super-food-collagen-bone-broth-gf",
    "brand": "Nature's Way",
    "name": "Super Foods Collagen Bone Broth",
    "imageUrl": "https://shop.coles.com.au/wcsstore/Coles-CAS/images/3/1/3/3133270-th.jpg",
    "categories": ["healthy-living"],
    "tags": ["healthier-choices", "healthier-breakfast"],
    "locations": {
      "vic": {
        "price": 20,
        "promoText": " ",
        "packageSize": "120g",
        "packagePrice": "$16.67 per 100G"
      }
    }
  },
  {
    "id": "natures-way-super-food-beauty-smoothie-gf",
    "brand": "Nature's Way",
    "name": "Collagen Beauty Smoothie",
    "imageUrl": "https://shop.coles.com.au/wcsstore/Coles-CAS/images/3/1/3/3132176-th.jpg",
    "categories": ["healthy-living"],
    "tags": ["healthier-choices", "healthier-breakfast"],
    "locations": {
      "vic": {
        "price": 15,
        "promoText": " ",
        "packageSize": "120g",
        "packagePrice": "$12.50 per 100G"
      }
    }
  },
  {
    "id": "natures-way-probiotic-water-coconut-lime",
    "brand": "Nature's Way",
    "name": "Organic Probiotic Sparkling Water Coconut And Lime Flavour",
    "imageUrl": "https://shop.coles.com.au/wcsstore/Coles-CAS/images/2/9/0/2900590-th.jpg",
    "categories": ["healthy-living"],
    "tags": ["healthier-choices", "healthier-breakfast"],
    "locations": {
      "vic": {
        "price": 4.2,
        "promoText": " ",
        "packageSize": "330mL",
        "packagePrice": "$1.27 per 100mL"
      }
    }
  },
  {
    "id": "natures-way-match-green-tea-powder",
    "brand": "Natures Way",
    "name": "Match Green Tea Powder",
    "imageUrl": "https://shop.coles.com.au/wcsstore/Coles-CAS/images/2/4/8/2481464-th.jpg",
    "categories": ["healthy-living"],
    "tags": ["healthier-choices", "healthier-breakfast"],
    "locations": {
      "vic": {
        "price": 13,
        "promoText": " ",
        "packageSize": "50g",
        "packagePrice": "$26.00 per 100G"
      }
    }
  },
  {
    "id": "sugar-fre-matcha-coconut-flavoured-cereal",
    "brand": "Orgran",
    "name": "Sugar Free Matcha & Coconut Flavoured Cereal",
    "imageUrl": "https://shop.coles.com.au/wcsstore/Coles-CAS/images/3/6/2/3624068-th.jpg",
    "categories": ["healthy-living"],
    "tags": ["healthier-choices", "healthier-breakfast"],
    "locations": {
      "vic": {
        "price": 5.7,
        "promoText": " ",
        "packageSize": "200g",
        "packagePrice": "$2.85 per 100G"
      }
    }
  },
  {
    "id": "sugar-fre-acai-coconut-flavoured-cereal",
    "brand": "Orgran",
    "name": "Sugar Free Acai & Coconut Flavoured Cereal",
    "imageUrl": "https://shop.coles.com.au/wcsstore/Coles-CAS/images/3/6/2/3624057-th.jpg",
    "categories": ["healthy-living"],
    "tags": ["healthier-choices", "healthier-breakfast"],
    "locations": {
      "vic": {
        "price": 5.7,
        "promoText": " ",
        "packageSize": "200g",
        "packagePrice": "$2.85 per 100G"
      }
    }
  },
  {
    "id": "pureharvest-abc-hemp",
    "brand": "Pureharvest",
    "name": "Abc Hemp Spread",
    "imageUrl": "https://shop.coles.com.au/wcsstore/Coles-CAS/images/3/1/3/3134331-th.jpg",
    "categories": ["healthy-living"],
    "tags": ["healthier-choices", "healthier-breakfast"],
    "locations": {
      "vic": {
        "price": 9,
        "promoText": " ",
        "packageSize": "250g",
        "packagePrice": "$3.60 per 100G"
      }
    }
  },
  {
    "id": "red-tractor-omega-3-instant-oats",
    "brand": "Red Tractor",
    "name": "Protein Oats",
    "imageUrl": "https://shop.coles.com.au/wcsstore/Coles-CAS/images/2/2/7/2276534-th.jpg",
    "categories": ["healthy-living"],
    "tags": ["healthier-choices", "healthier-breakfast"],
    "locations": {
      "vic": {
        "price": 6.5,
        "promoText": " ",
        "packageSize": "400g",
        "packagePrice": "$1.63 per 100G"
      }
    }
  },
  {
    "id": "flax-farms-paleo-protein-mix",
    "brand": "Red Tractor",
    "name": "Paleo Protein Mix",
    "imageUrl": "https://shop.coles.com.au/wcsstore/Coles-CAS/images/2/2/7/2276501-th.jpg",
    "categories": ["healthy-living"],
    "tags": ["healthier-choices", "healthier-breakfast"],
    "locations": {
      "vic": {
        "price": 7.4,
        "promoText": " ",
        "packageSize": "300g",
        "packagePrice": "$2.47 per 100G"
      }
    }
  },
  {
    "id": "red-tractor--paleo-cereal-nut-crunch",
    "brand": "Red Tractor",
    "name": "Paleo Nut Crunch Cereal",
    "imageUrl": "https://shop.coles.com.au/wcsstore/Coles-CAS/images/2/6/1/2618263-th.jpg",
    "categories": ["healthy-living"],
    "tags": ["healthier-choices", "healthier-breakfast"],
    "locations": {
      "vic": {
        "price": 10,
        "promoText": " ",
        "packageSize": "300g",
        "packagePrice": "$3.33 per 100G"
      }
    }
  },
  {
    "id": "red-tractor-fhc-flax-hemp-chia-meal",
    "brand": "Red Tractor",
    "name": "Flax Hemp Chia Meal",
    "imageUrl": "https://shop.coles.com.au/wcsstore/Coles-CAS/images/3/6/2/3624035-th.jpg",
    "categories": ["healthy-living"],
    "tags": ["healthier-choices", "healthier-breakfast"],
    "locations": {
      "vic": {
        "price": 8,
        "promoText": " ",
        "packageSize": "350g",
        "packagePrice": "$2.29 per 100G"
      }
    }
  },
  {
    "id": "simple-foods-latte-organic-turmeric",
    "brand": "Simple Tribe",
    "name": "Gluten Free And Organic Vegan Golden Turmeric Latte",
    "imageUrl": "https://shop.coles.com.au/wcsstore/Coles-CAS/images/3/1/3/3131388-th.jpg",
    "categories": ["healthy-living"],
    "tags": ["healthier-choices", "healthier-breakfast"],
    "locations": {
      "vic": {
        "price": 4.8,
        "promoText": "$1.20 ",
        "packageSize": "100g",
        "packagePrice": "$4.80 per 100G"
      }
    }
  },
  {
    "id": "simple-foods-organic-smoothie-cacao",
    "brand": "Simple Tribe",
    "name": "Gluten Free Dark Cacao Smoothie",
    "imageUrl": "https://shop.coles.com.au/wcsstore/Coles-CAS/images/3/1/3/3131504-th.jpg",
    "categories": ["healthy-living"],
    "tags": ["healthier-choices", "healthier-breakfast"],
    "locations": {
      "vic": {
        "price": 4.8,
        "promoText": "$1.20 ",
        "packageSize": "100g",
        "packagePrice": "$4.80 per 100G"
      }
    }
  },
  {
    "id": "table-of-plenty-immunity-porridge",
    "brand": "Table Of Plenty",
    "name": "Immunity Porridge",
    "imageUrl": "https://shop.coles.com.au/wcsstore/Coles-CAS/images/3/6/0/3609836-th.jpg",
    "categories": ["healthy-living"],
    "tags": ["healthier-choices", "healthier-breakfast"],
    "locations": {
      "vic": {
        "price": 7.2,
        "promoText": " ",
        "packageSize": "400g",
        "packagePrice": "$1.80 per 100G"
      }
    }
  },
  {
    "id": "table-of-plenty-balance-muesli-digestive-care",
    "brand": "Table Of Plenty",
    "name": "Balance Plus Muesli Digestive Care",
    "imageUrl": "https://shop.coles.com.au/wcsstore/Coles-CAS/images/3/7/5/3757990-th.jpg",
    "categories": ["healthy-living"],
    "tags": ["healthier-choices", "healthier-breakfast"],
    "locations": {
      "vic": {
        "price": 7.2,
        "promoText": " ",
        "packageSize": "400g",
        "packagePrice": "$1.80 per 100G"
      }
    }
  },
  {
    "id": "coles-psyllium-husk",
    "brand": "Wellness Road",
    "name": "Psyllium Husk Powder",
    "imageUrl": "https://shop.coles.com.au/wcsstore/Coles-CAS/images/1/4/3/1437219-th.jpg",
    "categories": ["healthy-living"],
    "tags": ["healthier-choices", "healthier-breakfast"],
    "locations": {
      "vic": {
        "price": 8,
        "promoText": " ",
        "packageSize": "450g",
        "packagePrice": "$1.78 per 100G"
      }
    }
  },
  {
    "id": "buontempo-rice-pasta-spirals-gluten-free",
    "brand": "Buontempo",
    "name": "Gluten Free Spirals Pasta",
    "imageUrl": "https://shop.coles.com.au/wcsstore/Coles-CAS/images/7/2/4/7248944-th.jpg",
    "categories": ["healthy-living"],
    "tags": ["healthier-choices", "healthier-coking"],
    "locations": {
      "vic": {
        "price": 3.4,
        "promoText": " ",
        "packageSize": "500g",
        "packagePrice": "$0.68 per 100G"
      }
    }
  },
  {
    "id": "pureharvest-tamari-salt-reduced",
    "brand": "Pureharvest",
    "name": "Organic Tamari Soy Sauce Wheat Free Salt Reduced",
    "imageUrl": "https://shop.coles.com.au/wcsstore/Coles-CAS/images/5/3/5/5355932-th.jpg",
    "categories": ["healthy-living"],
    "tags": ["healthier-choices", "healthier-coking"],
    "locations": {
      "vic": {
        "price": 4,
        "promoText": " ",
        "packageSize": "250mL",
        "packagePrice": "$1.60 per 100mL"
      }
    }
  },
  {
    "id": "buontempo-rice-pasta-penne-gluten-free",
    "brand": "Buontempo",
    "name": "Gluten Free Penne Pasta",
    "imageUrl": "https://shop.coles.com.au/wcsstore/Coles-CAS/images/7/2/4/7248955-th.jpg",
    "categories": ["healthy-living"],
    "tags": ["healthier-choices", "healthier-coking"],
    "locations": {
      "vic": {
        "price": 3.4,
        "promoText": " ",
        "packageSize": "500g",
        "packagePrice": "$0.68 per 100G"
      }
    }
  },
  {
    "id": "slendier-slim-rice-konjac",
    "brand": "Slendier",
    "name": "Rice Style Konjac",
    "imageUrl": "https://shop.coles.com.au/wcsstore/Coles-CAS/images/1/4/6/1463194-th.jpg",
    "categories": ["healthy-living"],
    "tags": ["healthier-choices", "healthier-coking"],
    "locations": {
      "vic": {
        "price": 3.9,
        "promoText": " ",
        "packageSize": "400g",
        "packagePrice": "$0.98 per 100G"
      }
    }
  },
  {
    "id": "coles-chia-seeds-black",
    "brand": "Wellness Road",
    "name": "Black Chia Seeds",
    "imageUrl": "https://shop.coles.com.au/wcsstore/Coles-CAS/images/1/4/3/1436271-th.jpg",
    "categories": ["healthy-living"],
    "tags": ["healthier-choices", "healthier-coking"],
    "locations": {
      "vic": {
        "price": 5.5,
        "promoText": "Was $8.00 on Sep 2018 ",
        "packageSize": "300g",
        "packagePrice": "$1.83 per 100G"
      }
    }
  },
  {
    "id": "coles-chia-seeds-white",
    "brand": "Wellness Road",
    "name": "White Chia Seeds",
    "imageUrl": "https://shop.coles.com.au/wcsstore/Coles-CAS/images/1/4/3/1436282-th.jpg",
    "categories": ["healthy-living"],
    "tags": ["healthier-choices", "healthier-coking"],
    "locations": {
      "vic": {
        "price": 5.5,
        "promoText": "Was $8.00 on Sep 2018 ",
        "packageSize": "300g",
        "packagePrice": "$1.83 per 100G"
      }
    }
  },
  {
    "id": "coles-simply-gluten-free-banana-bread-mix",
    "brand": "Coles",
    "name": "Banana Bread Mix",
    "imageUrl": "https://shop.coles.com.au/wcsstore/Coles-CAS/images/1/2/5/1252166-th.jpg",
    "categories": ["healthy-living"],
    "tags": ["healthier-choices", "healthier-coking"],
    "locations": {
      "vic": {
        "price": 3.4,
        "promoText": " ",
        "packageSize": "400g",
        "packagePrice": "$0.85 per 100G"
      }
    }
  },
  {
    "id": "fodmapped-gluten-free-lamb-vegetable-soup",
    "brand": "Fodmapped",
    "name": "Gluten Free Lamb & Vegetable Soup",
    "imageUrl": "https://shop.coles.com.au/wcsstore/Coles-CAS/images/1/7/5/1755611-th.jpg",
    "categories": ["healthy-living"],
    "tags": ["healthier-choices", "healthier-coking"],
    "locations": {
      "vic": {
        "price": 8,
        "promoText": " ",
        "packageSize": "500g",
        "packagePrice": "$1.60 per 100G"
      }
    }
  },
  {
    "id": "orgran-flour-self-raising-gluten-wheat-free",
    "brand": "Orgran",
    "name": "Gluten Free Self Raising Flour",
    "imageUrl": "https://shop.coles.com.au/wcsstore/Coles-CAS/images/8/9/0/8907252-th.jpg",
    "categories": ["healthy-living"],
    "tags": ["healthier-choices", "healthier-coking"],
    "locations": {
      "vic": {
        "price": 3.4,
        "promoText": " ",
        "packageSize": "500g",
        "packagePrice": "$6.80 per 1Kg"
      }
    }
  },
  {
    "id": "coles-simply-gluten-free-plain-flour",
    "brand": "I'm Free From",
    "name": "Plain Flour Gluten Free",
    "imageUrl": "https://shop.coles.com.au/wcsstore/Coles-CAS/images/2/4/7/2478197-th.jpg",
    "categories": ["healthy-living"],
    "tags": ["healthier-choices", "healthier-coking"],
    "locations": {
      "vic": {
        "price": 2.7,
        "promoText": " ",
        "packageSize": "500g",
        "packagePrice": "$5.40 per 1Kg"
      }
    }
  },
  {
    "id": "red-tractor-organic-gluten-free-organic-cacao-powder",
    "brand": "Red Tractor",
    "name": "Organic Cacao Powder",
    "imageUrl": "https://shop.coles.com.au/wcsstore/Coles-CAS/images/2/8/9/2898567-th.jpg",
    "categories": ["healthy-living"],
    "tags": ["healthier-choices", "healthier-coking"],
    "locations": {
      "vic": {
        "price": 8,
        "promoText": "$2.00 ",
        "packageSize": "300g",
        "packagePrice": "$26.67 per 1Kg"
      }
    }
  },
  {
    "id": "the-chia-co-chia-seed",
    "brand": "The Chia Co",
    "name": "Black Chia Seeds",
    "imageUrl": "https://shop.coles.com.au/wcsstore/Coles-CAS/images/1/4/6/1466170-th.jpg",
    "categories": ["healthy-living"],
    "tags": ["healthier-choices", "healthier-coking"],
    "locations": {
      "vic": {
        "price": 11,
        "promoText": " ",
        "packageSize": "500g",
        "packagePrice": "$2.20 per 100G"
      }
    }
  },
  {
    "id": "coles-polenta-gluten-free",
    "brand": "Wellness Road",
    "name": "Australian Polenta",
    "imageUrl": "https://shop.coles.com.au/wcsstore/Coles-CAS/images/8/6/6/8667636-th.jpg",
    "categories": ["healthy-living"],
    "tags": ["healthier-choices", "healthier-coking"],
    "locations": {
      "vic": {
        "price": 2.8,
        "promoText": " ",
        "packageSize": "500g",
        "packagePrice": "$0.56 per 100G"
      }
    }
  },
  {
    "id": "coles-premium-lsa-meal",
    "brand": "Wellness Road",
    "name": "Premium Lsa Meal",
    "imageUrl": "https://shop.coles.com.au/wcsstore/Coles-CAS/images/2/4/8/2483426-th.jpg",
    "categories": ["healthy-living"],
    "tags": ["healthier-choices", "healthier-coking"],
    "locations": {
      "vic": {
        "price": 5,
        "promoText": " ",
        "packageSize": "350g",
        "packagePrice": "$1.43 per 100G"
      }
    }
  },
  {
    "id": "coles-sunflower-kernals-premium",
    "brand": "Wellness Road",
    "name": "Sunflower Kernels",
    "imageUrl": "https://shop.coles.com.au/wcsstore/Coles-CAS/images/8/6/6/8669642-th.jpg",
    "categories": ["healthy-living"],
    "tags": ["healthier-choices", "healthier-coking"],
    "locations": {
      "vic": {
        "price": 3.5,
        "promoText": " ",
        "packageSize": "500g",
        "packagePrice": "$0.70 per 100G"
      }
    }
  },
  {
    "id": "coles-gluten-free-bread-crumbs",
    "brand": "Coles",
    "name": "Gluten Free Crunchy Crumb",
    "imageUrl": "https://shop.coles.com.au/wcsstore/Coles-CAS/images/3/1/3/3133044-th.jpg",
    "categories": ["healthy-living"],
    "tags": ["healthier-choices", "healthier-coking"],
    "locations": {
      "vic": {
        "price": 3.4,
        "promoText": "Was $4.00 on Sep 2018 ",
        "packageSize": "300g",
        "packagePrice": "$1.13 per 100G"
      }
    }
  },
  {
    "id": "keep-it-cleaner-gf-chickpea-penne-pasta",
    "brand": "Keep It Cleaner",
    "name": "Chickpea Penne Pasta",
    "imageUrl": "https://shop.coles.com.au/wcsstore/Coles-CAS/images/3/4/0/3406205-th.jpg",
    "categories": ["healthy-living"],
    "tags": ["healthier-choices", "healthier-coking"],
    "locations": {
      "vic": {
        "price": 4,
        "promoText": " ",
        "packageSize": "250g",
        "packagePrice": "$1.60 per 100G"
      }
    }
  },
  {
    "id": "flax-farms-australian-brown-flax-seeds",
    "brand": "Red Tractor",
    "name": "Flax Brown Seeds",
    "imageUrl": "https://shop.coles.com.au/wcsstore/Coles-CAS/images/2/1/3/2136229-th.jpg",
    "categories": ["healthy-living"],
    "tags": ["healthier-choices", "healthier-coking"],
    "locations": {
      "vic": {
        "price": 5,
        "promoText": " ",
        "packageSize": "500g",
        "packagePrice": "$1.00 per 100G"
      }
    }
  },
  {
    "id": "red-tractor-organic-hulled-hemp-seed",
    "brand": "Red Tractor",
    "name": "Gluten Free Organic Hemp Hulled Seeds",
    "imageUrl": "https://shop.coles.com.au/wcsstore/Coles-CAS/images/3/1/4/3145123-th.jpg",
    "categories": ["healthy-living"],
    "tags": ["healthier-choices", "healthier-coking"],
    "locations": {
      "vic": {
        "price": 10,
        "promoText": " ",
        "packageSize": "200g",
        "packagePrice": "$5.00 per 100G"
      }
    }
  },
  {
    "id": "slendier-slim-pasta-spaghetti",
    "brand": "Slendier",
    "name": "Spaghetti Style Pasta",
    "imageUrl": "https://shop.coles.com.au/wcsstore/Coles-CAS/images/9/9/0/9900816-th.jpg",
    "categories": ["healthy-living"],
    "tags": ["healthier-choices", "healthier-coking"],
    "locations": {
      "vic": {
        "price": 3.9,
        "promoText": " ",
        "packageSize": "400g",
        "packagePrice": "$0.98 per 100G"
      }
    }
  },
  {
    "id": "slendier-edamame-bean-organic-spaghetti",
    "brand": "Slendier",
    "name": "Gluten Free Edamame Bean Organic Spaghetti",
    "imageUrl": "https://shop.coles.com.au/wcsstore/Coles-CAS/images/3/4/0/3405257-th.jpg",
    "categories": ["healthy-living"],
    "tags": ["healthier-choices", "healthier-coking"],
    "locations": {
      "vic": {
        "price": 5.2,
        "promoText": " ",
        "packageSize": "200g",
        "packagePrice": "$2.60 per 100G"
      }
    }
  },
  {
    "id": "the-chia-co-chia-seed-white-pouch",
    "brand": "The Chia Co",
    "name": "White Chia Seed Pouch",
    "imageUrl": "https://shop.coles.com.au/wcsstore/Coles-CAS/images/1/4/6/1466181-th.jpg",
    "categories": ["healthy-living"],
    "tags": ["healthier-choices", "healthier-coking"],
    "locations": {
      "vic": {
        "price": 11,
        "promoText": " ",
        "packageSize": "500g",
        "packagePrice": "$2.20 per 100G"
      }
    }
  },
  {
    "id": "coles-gluten-free-pumpkin-kernels",
    "brand": "Wellness Road",
    "name": "Pumpkin Kernels",
    "imageUrl": "https://shop.coles.com.au/wcsstore/Coles-CAS/images/3/1/1/3117988-th.jpg",
    "categories": ["healthy-living"],
    "tags": ["healthier-choices", "healthier-coking"],
    "locations": {
      "vic": {
        "price": 4.8,
        "promoText": " ",
        "packageSize": "300g",
        "packagePrice": "$1.60 per 100G"
      }
    }
  },
  {
    "id": "celebrate-health-organic-pumpkin-sweet-potato-soup",
    "brand": "Celebrate Health",
    "name": "Organic Pumpkin & Sweet Potato Soup",
    "imageUrl": "https://shop.coles.com.au/wcsstore/Coles-CAS/images/2/5/0/2509756-th.jpg",
    "categories": ["healthy-living"],
    "tags": ["healthier-choices", "healthier-coking"],
    "locations": {
      "vic": {
        "price": 4,
        "promoText": "$1.00 ",
        "packageSize": "400g",
        "packagePrice": "$1.00 per 100G"
      }
    }
  },
  {
    "id": "celebrate-health-vegan-mayo-no-add-sgr-gf",
    "brand": "Celebrate Health",
    "name": "Gluten Free Vegan Mayo",
    "imageUrl": "https://shop.coles.com.au/wcsstore/Coles-CAS/images/3/1/2/3128237-th.jpg",
    "categories": ["healthy-living"],
    "tags": ["healthier-choices", "healthier-coking"],
    "locations": {
      "vic": {
        "price": 4,
        "promoText": "$1.00 ",
        "packageSize": "430mL",
        "packagePrice": "$0.93 per 100mL"
      }
    }
  },
  {
    "id": "celebrate-health-org-soup-cauliflower-coco-tur",
    "brand": "Celebrate Health",
    "name": "Organic Cauliflower Coconut & Turmeric Soup",
    "imageUrl": "https://shop.coles.com.au/wcsstore/Coles-CAS/images/3/4/0/3406533-th.jpg",
    "categories": ["healthy-living"],
    "tags": ["healthier-choices", "healthier-coking"],
    "locations": {
      "vic": {
        "price": 4,
        "promoText": "$1.00 ",
        "packageSize": "400g",
        "packagePrice": "$1.00 per 100G"
      }
    }
  },
  {
    "id": "coles-organic-apple-cider-vinegar",
    "brand": "Coles",
    "name": "Organic Apple Cider Vinegar",
    "imageUrl": "https://shop.coles.com.au/wcsstore/Coles-CAS/images/2/9/2/2927064-th.jpg",
    "categories": ["healthy-living"],
    "tags": ["healthier-choices", "healthier-coking"],
    "locations": {
      "vic": {
        "price": 3.5,
        "promoText": " ",
        "packageSize": "500mL",
        "packagePrice": "$0.70 per 100mL"
      }
    }
  },
  {
    "id": "sue-shepherd-gluten-free-red-wine-italian-herbs-tomato-pasta-sauce",
    "brand": "Fodmapped",
    "name": "Gluten Free Red Wine & Tomato Pasta Sauce",
    "imageUrl": "https://shop.coles.com.au/wcsstore/Coles-CAS/images/1/7/5/1755713-th.jpg",
    "categories": ["healthy-living"],
    "tags": ["healthier-choices", "healthier-coking"],
    "locations": {
      "vic": {
        "price": 5.5,
        "promoText": " ",
        "packageSize": "375g",
        "packagePrice": "$1.47 per 100G"
      }
    }
  },
  {
    "id": "sue-shepherd-gluten-free-sweet-chilli-lemongrass-basil-stir-fry-sauce",
    "brand": "Fodmapped",
    "name": "Gluten Free Sweet Chilli Lemongrass & Basil Stir Fry Sauce",
    "imageUrl": "https://shop.coles.com.au/wcsstore/Coles-CAS/images/1/7/5/1755780-th.jpg",
    "categories": ["healthy-living"],
    "tags": ["healthier-choices", "healthier-coking"],
    "locations": {
      "vic": {
        "price": 5,
        "promoText": " ",
        "packageSize": "200g",
        "packagePrice": "$2.50 per 100G"
      }
    }
  },
  {
    "id": "fodmapped-for-you-soup-minestrone-gluten-free",
    "brand": "Fodmapped",
    "name": "Gluten Free Minestrone Soup",
    "imageUrl": "https://shop.coles.com.au/wcsstore/Coles-CAS/images/2/9/0/2903918-th.jpg",
    "categories": ["healthy-living"],
    "tags": ["healthier-choices", "healthier-coking"],
    "locations": {
      "vic": {
        "price": 8,
        "promoText": " ",
        "packageSize": "500g",
        "packagePrice": "$1.60 per 100G"
      }
    }
  },
  {
    "id": "keep-it-cleaner-gf-green-pea-penne-pasta",
    "brand": "Keep It Cleaner",
    "name": "Gluten Free Green Pea Penne Pasta",
    "imageUrl": "https://shop.coles.com.au/wcsstore/Coles-CAS/images/3/4/0/3406191-th.jpg",
    "categories": ["healthy-living"],
    "tags": ["healthier-choices", "healthier-coking"],
    "locations": {
      "vic": {
        "price": 4,
        "promoText": " ",
        "packageSize": "250g",
        "packagePrice": "$1.60 per 100G"
      }
    }
  },
  {
    "id": "orgran-flour-plain-gluten-wheat-free",
    "brand": "Orgran",
    "name": "Gluten Free All Purpose Plain Flour",
    "imageUrl": "https://shop.coles.com.au/wcsstore/Coles-CAS/images/8/9/0/8907220-th.jpg",
    "categories": ["healthy-living"],
    "tags": ["healthier-choices", "healthier-coking"],
    "locations": {
      "vic": {
        "price": 3.4,
        "promoText": " ",
        "packageSize": "500g",
        "packagePrice": "$6.80 per 1Kg"
      }
    }
  },
  {
    "id": "orgran-buckwheat-pancake-mix",
    "brand": "Orgran",
    "name": "Buckwheat Pancake Mix",
    "imageUrl": "https://shop.coles.com.au/wcsstore/Coles-CAS/images/5/9/2/5927956-th.jpg",
    "categories": ["healthy-living"],
    "tags": ["healthier-choices", "healthier-coking"],
    "locations": {
      "vic": {
        "price": 3.8,
        "promoText": " ",
        "packageSize": "375g",
        "packagePrice": "$1.01 per 100G"
      }
    }
  },
  {
    "id": "orgran-pasta-buckwheat",
    "brand": "Orgran",
    "name": "Buckwheat Pasta",
    "imageUrl": "https://shop.coles.com.au/wcsstore/Coles-CAS/images/5/3/7/5373027-th.jpg",
    "categories": ["healthy-living"],
    "tags": ["healthier-choices", "healthier-coking"],
    "locations": {
      "vic": {
        "price": 4,
        "promoText": " ",
        "packageSize": "250g",
        "packagePrice": "$1.60 per 100G"
      }
    }
  },
  {
    "id": "red-tractor-organic-coconut-flour",
    "brand": "Red Tractor",
    "name": "Organic Coconut Flour",
    "imageUrl": "https://shop.coles.com.au/wcsstore/Coles-CAS/images/2/8/9/2898534-th.jpg",
    "categories": ["healthy-living"],
    "tags": ["healthier-choices", "healthier-coking"],
    "locations": {
      "vic": {
        "price": 8,
        "promoText": "$2.00 ",
        "packageSize": "1kg",
        "packagePrice": "$8.00 per 1Kg"
      }
    }
  },
  {
    "id": "simply-wize-gluten-free-gnocchi",
    "brand": "Simply Wize",
    "name": "Gluten Free Gnocchi",
    "imageUrl": "https://shop.coles.com.au/wcsstore/Coles-CAS/images/7/5/7/7572986-th.jpg",
    "categories": ["healthy-living"],
    "tags": ["healthier-choices", "healthier-coking"],
    "locations": {
      "vic": {
        "price": 5.5,
        "promoText": " ",
        "packageSize": "500g",
        "packagePrice": "$1.10 per 100G"
      }
    }
  },
  {
    "id": "coles-premium-seasame-seeds-chemical-free",
    "brand": "Wellness Road",
    "name": "Sesame Seeds",
    "imageUrl": "https://shop.coles.com.au/wcsstore/Coles-CAS/images/8/6/6/8669609-th.jpg",
    "categories": ["healthy-living"],
    "tags": ["healthier-choices", "healthier-coking"],
    "locations": {
      "vic": {
        "price": 4,
        "promoText": " ",
        "packageSize": "250g",
        "packagePrice": "$1.60 per 100G"
      }
    }
  },
  {
    "id": "coles-australian-white-quinoa",
    "brand": "Wellness Road",
    "name": "Australian Quinoa White",
    "imageUrl": "https://shop.coles.com.au/wcsstore/Coles-CAS/images/2/7/2/2726379-th.jpg",
    "categories": ["healthy-living"],
    "tags": ["healthier-choices", "healthier-coking"],
    "locations": {
      "vic": {
        "price": 10,
        "promoText": "Was $14.50 on Dec 2019 ",
        "packageSize": "1kg",
        "packagePrice": "$10.00 per 1Kg"
      }
    }
  },
  {
    "id": "coles-australian-white-quinoa-2726233p",
    "brand": "Wellness Road",
    "name": "Australian White Quinoa",
    "imageUrl": "https://shop.coles.com.au/wcsstore/Coles-CAS/images/2/7/2/2726233-th.jpg",
    "categories": ["healthy-living"],
    "tags": ["healthier-choices", "healthier-coking"],
    "locations": {
      "vic": {
        "price": 5.5,
        "promoText": " ",
        "packageSize": "300g",
        "packagePrice": "$1.83 per 100G"
      }
    }
  },
  {
    "id": "coles-organic-cacao-powder",
    "brand": "Wellness Road",
    "name": "Organic Cacao Powder",
    "imageUrl": "https://shop.coles.com.au/wcsstore/Coles-CAS/images/3/1/1/3118302-th.jpg",
    "categories": ["healthy-living"],
    "tags": ["healthier-choices", "healthier-coking"],
    "locations": {
      "vic": {
        "price": 10,
        "promoText": " ",
        "packageSize": "500g",
        "packagePrice": "$2.00 per 100G"
      }
    }
  },
  {
    "id": "coles-organic-brown-gf-rice-pasta-brown-chia",
    "brand": "Wellness Road",
    "name": "Organic Brown Rice Noodles With Chia Brown Gluten Free",
    "imageUrl": "https://shop.coles.com.au/wcsstore/Coles-CAS/images/3/1/1/3113262-th.jpg",
    "categories": ["healthy-living"],
    "tags": ["healthier-choices", "healthier-coking"],
    "locations": {
      "vic": {
        "price": 3.75,
        "promoText": " ",
        "packageSize": "225g",
        "packagePrice": "$1.67 per 100G"
      }
    }
  },
  {
    "id": "coles-australian-almond-flour",
    "brand": "Wellness Road",
    "name": "Australian Almond Flour",
    "imageUrl": "https://shop.coles.com.au/wcsstore/Coles-CAS/images/3/1/1/3118164-th.jpg",
    "categories": ["healthy-living"],
    "tags": ["healthier-choices", "healthier-coking"],
    "locations": {
      "vic": {
        "price": 10,
        "promoText": " ",
        "packageSize": "300g",
        "packagePrice": "$33.33 per 1Kg"
      }
    }
  },
  {
    "id": "coles-organic-gluten-free-tri-colour-quinoa",
    "brand": "Wellness Road",
    "name": "Organic Tri Colour Quinoa",
    "imageUrl": "https://shop.coles.com.au/wcsstore/Coles-CAS/images/3/1/1/3117977-th.jpg",
    "categories": ["healthy-living"],
    "tags": ["healthier-choices", "healthier-coking"],
    "locations": {
      "vic": {
        "price": 7,
        "promoText": " ",
        "packageSize": "500g",
        "packagePrice": "$1.40 per 100G"
      }
    }
  },
  {
    "id": "bragg-seasoning-nutritional-yeast",
    "brand": "Bragg",
    "name": "Nutritional Yeast Seasoning",
    "imageUrl": "https://shop.coles.com.au/wcsstore/Coles-CAS/images/3/1/3/3139426-th.jpg",
    "categories": ["healthy-living"],
    "tags": ["healthier-choices", "healthier-coking"],
    "locations": {
      "vic": {
        "price": 12,
        "promoText": " ",
        "packageSize": "127g",
        "packagePrice": "$9.45 per 100G"
      }
    }
  },
  {
    "id": "celebrate-health-stock-chicken-organic",
    "brand": "Celebrate Health",
    "name": "Organic Chicken Stock",
    "imageUrl": "https://shop.coles.com.au/wcsstore/Coles-CAS/images/9/9/0/9901207-th.jpg",
    "categories": ["healthy-living"],
    "tags": ["healthier-choices", "healthier-coking"],
    "locations": {
      "vic": {
        "price": 6.4,
        "promoText": "$1.60 ",
        "packageSize": "500mL",
        "packagePrice": "$1.28 per 100mL"
      }
    }
  },
  {
    "id": "coles-simply-gluten-free-self-raising-flour",
    "brand": "Coles",
    "name": "Gluten Free Self Raising Flour",
    "imageUrl": "https://shop.coles.com.au/wcsstore/Coles-CAS/images/2/4/7/2478200-th.jpg",
    "categories": ["healthy-living"],
    "tags": ["healthier-choices", "healthier-coking"],
    "locations": {
      "vic": {
        "price": 2.7,
        "promoText": " ",
        "packageSize": "500g",
        "packagePrice": "$5.40 per 1Kg"
      }
    }
  },
  {
    "id": "coles-organic-unrefined-coconut-oil",
    "brand": "Coles",
    "name": "Unrefined Organic Extra Virgin Coconut Oil",
    "imageUrl": "https://shop.coles.com.au/wcsstore/Coles-CAS/images/2/8/9/2896142-th.jpg",
    "categories": ["healthy-living"],
    "tags": ["healthier-choices", "healthier-coking"],
    "locations": {
      "vic": {
        "price": 4,
        "promoText": " ",
        "packageSize": "250g",
        "packagePrice": "$1.60 per 100G"
      }
    }
  },
  {
    "id": "annex-foods-gluten-free-organic-coconut-sugar",
    "brand": "Coles",
    "name": "Organic Coconut Sugar",
    "imageUrl": "https://shop.coles.com.au/wcsstore/Coles-CAS/images/3/1/4/3140120-th.jpg",
    "categories": ["healthy-living"],
    "tags": ["healthier-choices", "healthier-coking"],
    "locations": {
      "vic": {
        "price": 7.5,
        "promoText": " ",
        "packageSize": "500g",
        "packagePrice": "$1.50 per 100G"
      }
    }
  },
  {
    "id": "coles-organic-tapioca-flour-500g",
    "brand": "Coles",
    "name": "Organic Tapioca Flour",
    "imageUrl": "https://shop.coles.com.au/wcsstore/Coles-CAS/images/3/4/0/3405701-th.jpg",
    "categories": ["healthy-living"],
    "tags": ["healthier-choices", "healthier-coking"],
    "locations": {
      "vic": {
        "price": 5,
        "promoText": " ",
        "packageSize": "500g",
        "packagePrice": "$1.00 per 100G"
      }
    }
  },
  {
    "id": "fodmapped-gluten-free-simmer-sauce-teriyaki",
    "brand": "Fodmapped",
    "name": "Teriyaki Stir Fry Simmer Sauce",
    "imageUrl": "https://shop.coles.com.au/wcsstore/Coles-CAS/images/2/4/7/2474924-th.jpg",
    "categories": ["healthy-living"],
    "tags": ["healthier-choices", "healthier-coking"],
    "locations": {
      "vic": {
        "price": 5,
        "promoText": " ",
        "packageSize": "200g",
        "packagePrice": "$2.50 per 100G"
      }
    }
  },
  {
    "id": "keep-it-cleaner-gf-red-lentil-fusilli-pasta",
    "brand": "Keep It Cleaner",
    "name": "Red Lentil Fusilli Pasta",
    "imageUrl": "https://shop.coles.com.au/wcsstore/Coles-CAS/images/3/4/0/3406249-th.jpg",
    "categories": ["healthy-living"],
    "tags": ["healthier-choices", "healthier-coking"],
    "locations": {
      "vic": {
        "price": 4,
        "promoText": " ",
        "packageSize": "250g",
        "packagePrice": "$1.60 per 100G"
      }
    }
  },
  {
    "id": "naturally-good-cake-mix-gluten-free-chocolate-mud",
    "brand": "Naturally Good",
    "name": "Gluten Free Chocolate Mud Cake Mix",
    "imageUrl": "https://shop.coles.com.au/wcsstore/Coles-CAS/images/5/3/6/5362290-th.jpg",
    "categories": ["healthy-living"],
    "tags": ["healthier-choices", "healthier-coking"],
    "locations": {
      "vic": {
        "price": 5.95,
        "promoText": " ",
        "packageSize": "450g",
        "packagePrice": "$1.32 per 100G"
      }
    }
  },
  {
    "id": "norganic-golden-soya-mayonnaise",
    "brand": "Norganic",
    "name": "Golden Soya Mayonnaise",
    "imageUrl": "https://shop.coles.com.au/wcsstore/Coles-CAS/images/2/3/0/230500-th.jpg",
    "categories": ["healthy-living"],
    "tags": ["healthier-choices", "healthier-coking"],
    "locations": {
      "vic": {
        "price": 7,
        "promoText": " ",
        "packageSize": "475mL",
        "packagePrice": "$1.47 per 100mL"
      }
    }
  },
  {
    "id": "red-tractor-chia-seeds",
    "brand": "Red Tractor",
    "name": "Chia Seeds",
    "imageUrl": "https://shop.coles.com.au/wcsstore/Coles-CAS/images/2/4/9/2497635-th.jpg",
    "categories": ["healthy-living"],
    "tags": ["healthier-choices", "healthier-coking"],
    "locations": {
      "vic": {
        "price": 10,
        "promoText": " ",
        "packageSize": "500g",
        "packagePrice": "$2.00 per 100G"
      }
    }
  },
  {
    "id": "slendier-slim-pasta-angel-hair",
    "brand": "Slendier",
    "name": "Angel Hair Style Pasta",
    "imageUrl": "https://shop.coles.com.au/wcsstore/Coles-CAS/images/9/9/0/9900805-th.jpg",
    "categories": ["healthy-living"],
    "tags": ["healthier-choices", "healthier-coking"],
    "locations": {
      "vic": {
        "price": 3.9,
        "promoText": " ",
        "packageSize": "400g",
        "packagePrice": "$0.98 per 100G"
      }
    }
  },
  {
    "id": "slendier-slim-noodle-wok-ready",
    "brand": "Slendier",
    "name": "Wok Ready Noodles",
    "imageUrl": "https://shop.coles.com.au/wcsstore/Coles-CAS/images/9/9/0/9900850-th.jpg",
    "categories": ["healthy-living"],
    "tags": ["healthier-choices", "healthier-coking"],
    "locations": {
      "vic": {
        "price": 3.9,
        "promoText": " ",
        "packageSize": "400g",
        "packagePrice": "$0.98 per 100G"
      }
    }
  },
  {
    "id": "slendier-black-bean-organic-spaghetti",
    "brand": "Slendier",
    "name": "Black Bean Organic Spaghetti",
    "imageUrl": "https://shop.coles.com.au/wcsstore/Coles-CAS/images/3/6/0/3609858-th.jpg",
    "categories": ["healthy-living"],
    "tags": ["healthier-choices", "healthier-coking"],
    "locations": {
      "vic": {
        "price": 5.2,
        "promoText": " ",
        "packageSize": "200g",
        "packagePrice": "$2.60 per 100G"
      }
    }
  },
  {
    "id": "coles-brown-flaxseed-meal",
    "brand": "Wellness Road",
    "name": "Australian Brown Flaxseed Meal",
    "imageUrl": "https://shop.coles.com.au/wcsstore/Coles-CAS/images/2/4/8/2483470-th.jpg",
    "categories": ["healthy-living"],
    "tags": ["healthier-choices", "healthier-coking"],
    "locations": {
      "vic": {
        "price": 4,
        "promoText": " ",
        "packageSize": "500g",
        "packagePrice": "$0.80 per 100G"
      }
    }
  },
  {
    "id": "coles-organic-gluten-free-white-quinoa-grain",
    "brand": "Wellness Road",
    "name": "Organic White Quinoa",
    "imageUrl": "https://shop.coles.com.au/wcsstore/Coles-CAS/images/3/1/3/3139823-th.jpg",
    "categories": ["healthy-living"],
    "tags": ["healthier-choices", "healthier-coking"],
    "locations": {
      "vic": {
        "price": 10,
        "promoText": " ",
        "packageSize": "1kg",
        "packagePrice": "$1.00 per 100G"
      }
    }
  },
  {
    "id": "celebrate-health-recipe-base-teriyaki-chicken-stir-fry",
    "brand": "Celebrate Health",
    "name": "Teriyaki Chicken Stir Fry Recipe Base",
    "imageUrl": "https://shop.coles.com.au/wcsstore/Coles-CAS/images/9/9/0/9901477-th.jpg",
    "categories": ["healthy-living"],
    "tags": ["healthier-choices", "healthier-coking"],
    "locations": {
      "vic": {
        "price": 2.8,
        "promoText": "$0.70 ",
        "packageSize": "175g",
        "packagePrice": "$1.60 per 100G"
      }
    }
  },
  {
    "id": "celebrate-health-organic-chicken-chia-sweetcorn-soup",
    "brand": "Celebrate Health",
    "name": "Organic Chicken Chia & Sweetcorn Soup",
    "imageUrl": "https://shop.coles.com.au/wcsstore/Coles-CAS/images/2/5/0/2509745-th.jpg",
    "categories": ["healthy-living"],
    "tags": ["healthier-choices", "healthier-coking"],
    "locations": {
      "vic": {
        "price": 4,
        "promoText": "$1.00 ",
        "packageSize": "400g",
        "packagePrice": "$1.00 per 100G"
      }
    }
  },
  {
    "id": "celebrate-health-tomato-sauce-no-added-sugar-gf",
    "brand": "Celebrate Health",
    "name": "Gluten Free Tomato Sauce",
    "imageUrl": "https://shop.coles.com.au/wcsstore/Coles-CAS/images/2/8/9/2899220-th.jpg",
    "categories": ["healthy-living"],
    "tags": ["healthier-choices", "healthier-coking"],
    "locations": {
      "vic": {
        "price": 4,
        "promoText": "$1.00 ",
        "packageSize": "430mL",
        "packagePrice": "$0.93 per 100mL"
      }
    }
  },
  {
    "id": "celebrate-health-recipe-tomato-basil-napoli",
    "brand": "Celebrate Health",
    "name": "Tomato & Basil Pasta Sauce",
    "imageUrl": "https://shop.coles.com.au/wcsstore/Coles-CAS/images/3/4/0/3406293-th.jpg",
    "categories": ["healthy-living"],
    "tags": ["healthier-choices", "healthier-coking"],
    "locations": {
      "vic": {
        "price": 2.8,
        "promoText": "$0.70 ",
        "packageSize": "175g",
        "packagePrice": "$1.60 per 100G"
      }
    }
  },
  {
    "id": "coles-organic-cacao-nibs",
    "brand": "Coles",
    "name": "Organic Cacao Nibs",
    "imageUrl": "https://shop.coles.com.au/wcsstore/Coles-CAS/images/3/1/1/3118120-th.jpg",
    "categories": ["healthy-living"],
    "tags": ["healthier-choices", "healthier-coking"],
    "locations": {
      "vic": {
        "price": 4.4,
        "promoText": " ",
        "packageSize": "200g",
        "packagePrice": "$2.20 per 100G"
      }
    }
  },
  {
    "id": "coles-organic-coconut-flakes",
    "brand": "Coles",
    "name": "Organic Coconut Flakes",
    "imageUrl": "https://shop.coles.com.au/wcsstore/Coles-CAS/images/3/4/0/3406114-th.jpg",
    "categories": ["healthy-living"],
    "tags": ["healthier-choices", "healthier-coking"],
    "locations": {
      "vic": {
        "price": 4.4,
        "promoText": " ",
        "packageSize": "200g",
        "packagePrice": "$2.20 per 100G"
      }
    }
  },
  {
    "id": "ecovinal-organic-raw-raspberry-vinegar",
    "brand": "Ecovinal",
    "name": "Organic Unfiltered Raspberry Vinegar",
    "imageUrl": "https://shop.coles.com.au/wcsstore/Coles-CAS/images/3/4/1/3412401-th.jpg",
    "categories": ["healthy-living"],
    "tags": ["healthier-choices", "healthier-coking"],
    "locations": {
      "vic": {
        "price": 3.8,
        "promoText": "$3.80 ",
        "packageSize": "500mL",
        "packagePrice": "$0.76 per 100mL"
      }
    }
  },
  {
    "id": "sue-shepherd-gluten-free-slow-roasted-vegetable-tomato-pasta-sauce",
    "brand": "Fodmapped",
    "name": "Gluten Free Slow Roasted Vegetable Pasta Sauce",
    "imageUrl": "https://shop.coles.com.au/wcsstore/Coles-CAS/images/1/7/5/1755633-th.jpg",
    "categories": ["healthy-living"],
    "tags": ["healthier-choices", "healthier-coking"],
    "locations": {
      "vic": {
        "price": 5.5,
        "promoText": " ",
        "packageSize": "375g",
        "packagePrice": "$1.47 per 100G"
      }
    }
  },
  {
    "id": "sue-shepherd-gluten-free-roasted-pumpkin-soup",
    "brand": "Fodmapped",
    "name": "Gluten Free Roasted Pumpkin Soup",
    "imageUrl": "https://shop.coles.com.au/wcsstore/Coles-CAS/images/1/7/5/1755600-th.jpg",
    "categories": ["healthy-living"],
    "tags": ["healthier-choices", "healthier-coking"],
    "locations": {
      "vic": {
        "price": 8,
        "promoText": " ",
        "packageSize": "500g",
        "packagePrice": "$1.60 per 100G"
      }
    }
  },
  {
    "id": "sue-shepherd-green-curry-simmer-sauce",
    "brand": "Fodmapped",
    "name": "Green Curry Simmer Sauce",
    "imageUrl": "https://shop.coles.com.au/wcsstore/Coles-CAS/images/2/4/7/2474913-th.jpg",
    "categories": ["healthy-living"],
    "tags": ["healthier-choices", "healthier-coking"],
    "locations": {
      "vic": {
        "price": 5,
        "promoText": " ",
        "packageSize": "200g",
        "packagePrice": "$2.50 per 100G"
      }
    }
  },
  {
    "id": "keep-it-cleaner-apple-cider-vinegar-ging-tur",
    "brand": "Keep It Cleaner",
    "name": "Organic Apple Cider Vinegar With Ginger & turmeric Chilli",
    "imageUrl": "https://shop.coles.com.au/wcsstore/Coles-CAS/images/3/4/0/3406420-th.jpg",
    "categories": ["healthy-living"],
    "tags": ["healthier-choices", "healthier-coking"],
    "locations": {
      "vic": {
        "price": 6.5,
        "promoText": " ",
        "packageSize": "500mL",
        "packagePrice": "$1.30 per 100mL"
      }
    }
  },
  {
    "id": "kep-it-cleaner-hemp-and-brown-rice-fusilli-pasta",
    "brand": "Keep It Cleaner",
    "name": "Hemp And Brown Rice Fusilli Pasta",
    "imageUrl": "https://shop.coles.com.au/wcsstore/Coles-CAS/images/3/7/9/3792506-th.jpg",
    "categories": ["healthy-living"],
    "tags": ["healthier-choices", "healthier-coking"],
    "locations": {
      "vic": {
        "price": 4,
        "promoText": " ",
        "packageSize": "250g",
        "packagePrice": "$1.60 per 100G"
      }
    }
  },
  {
    "id": "kep-it-cleaner-quinoa-and-brown-rice-spaghetti",
    "brand": "Keep It Cleaner",
    "name": "Quinoa And Brown Rice Spaghetti",
    "imageUrl": "https://shop.coles.com.au/wcsstore/Coles-CAS/images/3/7/9/3792492-th.jpg",
    "categories": ["healthy-living"],
    "tags": ["healthier-choices", "healthier-coking"],
    "locations": {
      "vic": {
        "price": 4,
        "promoText": " ",
        "packageSize": "250g",
        "packagePrice": "$1.60 per 100G"
      }
    }
  },
  {
    "id": "superfood-millet-quinoa-buckwheat-spiral-pasta",
    "brand": "Orgran",
    "name": "Superfood Millet Quinoa Buckwheat Spiral Pasta",
    "imageUrl": "https://shop.coles.com.au/wcsstore/Coles-CAS/images/3/4/1/3412343-th.jpg",
    "categories": ["healthy-living"],
    "tags": ["healthier-choices", "healthier-coking"],
    "locations": {
      "vic": {
        "price": 4,
        "promoText": " ",
        "packageSize": "250g",
        "packagePrice": "$1.60 per 100G"
      }
    }
  },
  {
    "id": "superfood-kale-quinoa-brown-rice-penne-pasta",
    "brand": "Orgran",
    "name": "Superfood Kale Quinoa Brown Rice Penne Pasta",
    "imageUrl": "https://shop.coles.com.au/wcsstore/Coles-CAS/images/3/4/1/3412220-th.jpg",
    "categories": ["healthy-living"],
    "tags": ["healthier-choices", "healthier-coking"],
    "locations": {
      "vic": {
        "price": 4,
        "promoText": " ",
        "packageSize": "250g",
        "packagePrice": "$1.60 per 100G"
      }
    }
  },
  {
    "id": "planet-food-organic-almond-flour",
    "brand": "Planet Food",
    "name": "Organic Almond Flour",
    "imageUrl": "https://shop.coles.com.au/wcsstore/Coles-CAS/images/2/3/5/2352188-th.jpg",
    "categories": ["healthy-living"],
    "tags": ["healthier-choices", "healthier-coking"],
    "locations": {
      "vic": {
        "price": 9.75,
        "promoText": "$2.45 ",
        "packageSize": "275g",
        "packagePrice": "$35.45 per 1Kg"
      }
    }
  },
  {
    "id": "red-tractor-baking-flour-almond-flax",
    "brand": "Red Tractor",
    "name": "Almond Flax Baking Flour",
    "imageUrl": "https://shop.coles.com.au/wcsstore/Coles-CAS/images/3/4/0/3406125-th.jpg",
    "categories": ["healthy-living"],
    "tags": ["healthier-choices", "healthier-coking"],
    "locations": {
      "vic": {
        "price": 7.2,
        "promoText": "$1.80 ",
        "packageSize": "400g",
        "packagePrice": "$1.80 per 100G"
      }
    }
  },
  {
    "id": "three-farmers-australian-golden-quinoa",
    "brand": "Three Farmers",
    "name": "Australian Golden Quinoa",
    "imageUrl": "https://shop.coles.com.au/wcsstore/Coles-CAS/images/2/6/7/2677003-th.jpg",
    "categories": ["healthy-living"],
    "tags": ["healthier-choices", "healthier-coking"],
    "locations": {
      "vic": {
        "price": 7,
        "promoText": " ",
        "packageSize": "400g",
        "packagePrice": "$1.75 per 100G"
      }
    }
  },
  {
    "id": "coles-spelt-organic-wholemeal-flour",
    "brand": "Wellness Road",
    "name": "Organic Spelt Wholemeal Flour",
    "imageUrl": "https://shop.coles.com.au/wcsstore/ColesResponsiveStorefrontAssetStore/dist/ccfc54aed6e361b650bcf0582f7b576b/img/img_product-placeholder.png",
    "categories": ["healthy-living"],
    "tags": ["healthier-choices", "healthier-coking"],
    "locations": {
      "vic": {
        "price": 7.5,
        "promoText": " ",
        "packageSize": "750g",
        "packagePrice": "$10.00 per 1Kg"
      }
    }
  },
  {
    "id": "coles-organic-black-chia-seeds",
    "brand": "Wellness Road",
    "name": "Organic Black Chia Seeds",
    "imageUrl": "https://shop.coles.com.au/wcsstore/Coles-CAS/images/3/1/1/3118110-th.jpg",
    "categories": ["healthy-living"],
    "tags": ["healthier-choices", "healthier-coking"],
    "locations": {
      "vic": {
        "price": 8,
        "promoText": " ",
        "packageSize": "300g",
        "packagePrice": "$2.67 per 100G"
      }
    }
  },
  {
    "id": "wellness-road-organic-flaxseed-oil",
    "brand": "Wellness Road",
    "name": "Organic Flaxseed Oil",
    "imageUrl": "https://shop.coles.com.au/wcsstore/Coles-CAS/images/3/4/0/3405825-th.jpg",
    "categories": ["healthy-living"],
    "tags": ["healthier-choices", "healthier-coking"],
    "locations": {
      "vic": {
        "price": 10,
        "promoText": " ",
        "packageSize": "200mL",
        "packagePrice": "$5.00 per 100mL"
      }
    }
  },
  {
    "id": "wellness-road-organic-buckwheat-kernels",
    "brand": "Wellness Road",
    "name": "Organic Buckwheat Kernels",
    "imageUrl": "https://shop.coles.com.au/wcsstore/Coles-CAS/images/3/4/0/3405803-th.jpg",
    "categories": ["healthy-living"],
    "tags": ["healthier-choices", "healthier-coking"],
    "locations": {
      "vic": {
        "price": 3.5,
        "promoText": " ",
        "packageSize": "500g",
        "packagePrice": "$0.70 per 100G"
      }
    }
  },
  {
    "id": "wellness-road-organic-white-quinoa",
    "brand": "Wellness Road",
    "name": "Organic White Quinoa",
    "imageUrl": "https://shop.coles.com.au/wcsstore/Coles-CAS/images/3/4/0/3405789-th.jpg",
    "categories": ["healthy-living"],
    "tags": ["healthier-choices", "healthier-coking"],
    "locations": {
      "vic": {
        "price": 7,
        "promoText": " ",
        "packageSize": "500g",
        "packagePrice": "$1.40 per 100G"
      }
    }
  },
  {
    "id": "bragg-apple-cider-viinegar-ginger-spice-org",
    "brand": "Bragg",
    "name": "Organic Apple Cider Vinegar Ginger Spice Drink",
    "imageUrl": "https://shop.coles.com.au/wcsstore/Coles-CAS/images/3/1/4/3140039-th.jpg",
    "categories": ["healthy-living"],
    "tags": ["healthier-choices", "healthier-coking"],
    "locations": {
      "vic": {
        "price": 5,
        "promoText": "$1.50 ",
        "packageSize": "473mL",
        "packagePrice": "$1.06 per 100mL"
      }
    }
  },
  {
    "id": "bragg-apple-cider-vinegar-drink-organic",
    "brand": "Bragg",
    "name": "Organic Apple Cider Vinegar & Honey Drink",
    "imageUrl": "https://shop.coles.com.au/wcsstore/Coles-CAS/images/3/1/4/3140040-th.jpg",
    "categories": ["healthy-living"],
    "tags": ["healthier-choices", "healthier-coking"],
    "locations": {
      "vic": {
        "price": 5,
        "promoText": "$1.50 ",
        "packageSize": "473mL",
        "packagePrice": "$1.06 per 100mL"
      }
    }
  },
  {
    "id": "bragg-apple-cider-vinegar-concord-grape",
    "brand": "Bragg",
    "name": "Organic Apple Cider Vinegar Concord Grape Drink",
    "imageUrl": "https://shop.coles.com.au/wcsstore/Coles-CAS/images/3/1/4/3140028-th.jpg",
    "categories": ["healthy-living"],
    "tags": ["healthier-choices", "healthier-coking"],
    "locations": {
      "vic": {
        "price": 5,
        "promoText": "$1.50 ",
        "packageSize": "473mL",
        "packagePrice": "$1.06 per 100mL"
      }
    }
  },
  {
    "id": "celebrate-health-recipe-base-butter-chicken",
    "brand": "Celebrate Health",
    "name": "Butter Chicken Recipe Base",
    "imageUrl": "https://shop.coles.com.au/wcsstore/Coles-CAS/images/9/9/4/9948608-th.jpg",
    "categories": ["healthy-living"],
    "tags": ["healthier-choices", "healthier-coking"],
    "locations": {
      "vic": {
        "price": 2.8,
        "promoText": "$0.70 ",
        "packageSize": "175g",
        "packagePrice": "$1.60 per 100G"
      }
    }
  },
  {
    "id": "celebrate-health-recipe-base-chinese-beef-stir-fry",
    "brand": "Celebrate Health",
    "name": "Chinese Beef Stir Fry Recipe Base",
    "imageUrl": "https://shop.coles.com.au/wcsstore/Coles-CAS/images/9/9/0/9901513-th.jpg",
    "categories": ["healthy-living"],
    "tags": ["healthier-choices", "healthier-coking"],
    "locations": {
      "vic": {
        "price": 2.8,
        "promoText": "$0.70 ",
        "packageSize": "175g",
        "packagePrice": "$1.60 per 100G"
      }
    }
  },
  {
    "id": "celebrate-health-sweet-chili-sauce-no-add-sgr-gf",
    "brand": "Celebrate Health",
    "name": "Gluten Free Sweet Chilli Sauce",
    "imageUrl": "https://shop.coles.com.au/wcsstore/Coles-CAS/images/3/1/2/3128102-th.jpg",
    "categories": ["healthy-living"],
    "tags": ["healthier-choices", "healthier-coking"],
    "locations": {
      "vic": {
        "price": 4,
        "promoText": "$1.00 ",
        "packageSize": "430mL",
        "packagePrice": "$0.93 per 100mL"
      }
    }
  },
  {
    "id": "celebrate-health-pumpkin-tri-colour-risotto",
    "brand": "Celebrate Health",
    "name": "Pumpkin Tri-colour Vegan Risotto",
    "imageUrl": "https://shop.coles.com.au/wcsstore/Coles-CAS/images/3/4/0/3406588-th.jpg",
    "categories": ["healthy-living"],
    "tags": ["healthier-choices", "healthier-coking"],
    "locations": {
      "vic": {
        "price": 4,
        "promoText": "$1.00 ",
        "packageSize": "250g",
        "packagePrice": "$1.60 per 100G"
      }
    }
  },
  {
    "id": "celebrate-health-vegan-gravy",
    "brand": "Celebrate Health",
    "name": "Vegan Gravy",
    "imageUrl": "https://shop.coles.com.au/wcsstore/Coles-CAS/images/3/4/0/3406329-th.jpg",
    "categories": ["healthy-living"],
    "tags": ["healthier-choices", "healthier-coking"],
    "locations": {
      "vic": {
        "price": 3.2,
        "promoText": "$0.80 ",
        "packageSize": "200g",
        "packagePrice": "$1.60 per 100G"
      }
    }
  },
  {
    "id": "celebrate-health-vegan-stock-chicken",
    "brand": "Celebrate Health",
    "name": "Chicken Style Vegan Stock",
    "imageUrl": "https://shop.coles.com.au/wcsstore/Coles-CAS/images/3/4/0/3406602-th.jpg",
    "categories": ["healthy-living"],
    "tags": ["healthier-choices", "healthier-coking"],
    "locations": {
      "vic": {
        "price": 6.4,
        "promoText": "$1.60 ",
        "packageSize": "500mL",
        "packagePrice": "$1.28 per 100mL"
      }
    }
  },
  {
    "id": "celebrate-health-bbq-sauce-no-added-sugar",
    "brand": "Celebrate Health",
    "name": "BBQ Sauce",
    "imageUrl": "https://shop.coles.com.au/wcsstore/Coles-CAS/images/3/4/0/3406577-th.jpg",
    "categories": ["healthy-living"],
    "tags": ["healthier-choices", "healthier-coking"],
    "locations": {
      "vic": {
        "price": 4,
        "promoText": "$1.00 ",
        "packageSize": "430mL",
        "packagePrice": "$0.93 per 100mL"
      }
    }
  },
  {
    "id": "coles-simply-gluten-free-cake-mix-vanilla",
    "brand": "Coles",
    "name": "Vanilla Cake Mix",
    "imageUrl": "https://shop.coles.com.au/wcsstore/Coles-CAS/images/1/2/3/1233220-th.jpg",
    "categories": ["healthy-living"],
    "tags": ["healthier-choices", "healthier-coking"],
    "locations": {
      "vic": {
        "price": 3,
        "promoText": " ",
        "packageSize": "470g",
        "packagePrice": "$0.64 per 100G"
      }
    }
  },
  {
    "id": "coles-simply-gluten-free-baking-mix-pancake",
    "brand": "Coles",
    "name": "Pancake Mix",
    "imageUrl": "https://shop.coles.com.au/wcsstore/Coles-CAS/images/1/2/2/1224422-th.jpg",
    "categories": ["healthy-living"],
    "tags": ["healthier-choices", "healthier-coking"],
    "locations": {
      "vic": {
        "price": 2.9,
        "promoText": " ",
        "packageSize": "375g",
        "packagePrice": "$0.77 per 100G"
      }
    }
  },
  {
    "id": "coles-gluten-free-chocolate-fudge-brownie-mix",
    "brand": "Coles",
    "name": "Gluten Free Chocolate Fudge Brownie Mix",
    "imageUrl": "https://shop.coles.com.au/wcsstore/Coles-CAS/images/2/8/9/2896732-th.jpg",
    "categories": ["healthy-living"],
    "tags": ["healthier-choices", "healthier-coking"],
    "locations": {
      "vic": {
        "price": 4.5,
        "promoText": " ",
        "packageSize": "450g",
        "packagePrice": "$1.00 per 100G"
      }
    }
  },
  {
    "id": "coles-organic-unrefined-extra-virgin-coconut-oil",
    "brand": "Coles",
    "name": "Unrefined Organic Extra Virgin Coconut Oil",
    "imageUrl": "https://shop.coles.com.au/wcsstore/Coles-CAS/images/3/1/3/3131093-th.jpg",
    "categories": ["healthy-living"],
    "tags": ["healthier-choices", "healthier-coking"],
    "locations": {
      "vic": {
        "price": 13.5,
        "promoText": " ",
        "packageSize": "900g",
        "packagePrice": "$1.50 per 100G"
      }
    }
  },
  {
    "id": "coles-xanthan-gum-gluten-free",
    "brand": "Coles",
    "name": "Xanthan Gum",
    "imageUrl": "https://shop.coles.com.au/wcsstore/Coles-CAS/images/3/1/3/3131242-th.jpg",
    "categories": ["healthy-living"],
    "tags": ["healthier-choices", "healthier-coking"],
    "locations": {
      "vic": {
        "price": 5,
        "promoText": " ",
        "packageSize": "100g",
        "packagePrice": "$5.00 per 100G"
      }
    }
  },
  {
    "id": "coles-gluten-free-brown-rice-mi-goreng-noodle",
    "brand": "Coles",
    "name": "Gluten Free Brown Rice Mi Goreng Noodles",
    "imageUrl": "https://shop.coles.com.au/wcsstore/Coles-CAS/images/3/4/1/3410370-th.jpg",
    "categories": ["healthy-living"],
    "tags": ["healthier-choices", "healthier-coking"],
    "locations": {
      "vic": {
        "price": 5,
        "promoText": " ",
        "packageSize": "225g",
        "packagePrice": "$2.22 per 100G"
      }
    }
  },
  {
    "id": "coles-gluten-free-brown-rice-beef-noodle",
    "brand": "Coles",
    "name": "Gluten Free Beef Flavoured Brown Rice Noodle",
    "imageUrl": "https://shop.coles.com.au/wcsstore/Coles-CAS/images/3/4/1/3410348-th.jpg",
    "categories": ["healthy-living"],
    "tags": ["healthier-choices", "healthier-coking"],
    "locations": {
      "vic": {
        "price": 5,
        "promoText": " ",
        "packageSize": "210g",
        "packagePrice": "$2.38 per 100G"
      }
    }
  },
  {
    "id": "coles-gluten-free-brown-rice-chicken-noodle",
    "brand": "Coles",
    "name": "Gluten Free Chicken Flavoured Brown Rice Noodle",
    "imageUrl": "https://shop.coles.com.au/wcsstore/Coles-CAS/images/3/4/1/3410326-th.jpg",
    "categories": ["healthy-living"],
    "tags": ["healthier-choices", "healthier-coking"],
    "locations": {
      "vic": {
        "price": 5,
        "promoText": " ",
        "packageSize": "210g",
        "packagePrice": "$2.38 per 100G"
      }
    }
  },
  {
    "id": "sue-shepherd-gluten-free-butter-chicken-simmer-sauce",
    "brand": "Fodmapped",
    "name": "Gluten Free Butter Chicken Simmer Sauce",
    "imageUrl": "https://shop.coles.com.au/wcsstore/Coles-CAS/images/1/9/9/1994565-th.jpg",
    "categories": ["healthy-living"],
    "tags": ["healthier-choices", "healthier-coking"],
    "locations": {
      "vic": {
        "price": 5,
        "promoText": " ",
        "packageSize": "200g",
        "packagePrice": "$2.50 per 100G"
      }
    }
  },
  {
    "id": "herbamare-seasoning-salt-herb",
    "brand": "Herbamare",
    "name": "Salt & Herb Seasoning",
    "imageUrl": "https://shop.coles.com.au/wcsstore/Coles-CAS/images/5/3/6/5360003-th.jpg",
    "categories": ["healthy-living"],
    "tags": ["healthier-choices", "healthier-coking"],
    "locations": {
      "vic": {
        "price": 7.7,
        "promoText": " ",
        "packageSize": "250g",
        "packagePrice": "$3.08 per 10G"
      }
    }
  },
  {
    "id": "keep-it-cleaner-gf-pasta-sauce-primavera",
    "brand": "Keep It Cleaner",
    "name": "Gluten Free Primavera Pasta Sauce",
    "imageUrl": "https://shop.coles.com.au/wcsstore/Coles-CAS/images/3/4/2/3428015-th.jpg",
    "categories": ["healthy-living"],
    "tags": ["healthier-choices", "healthier-coking"],
    "locations": {
      "vic": {
        "price": 4,
        "promoText": " ",
        "packageSize": "500g",
        "packagePrice": "$0.80 per 100G"
      }
    }
  },
  {
    "id": "keep-it-cleaner-gf-pasta-sauce-tomato-gar-basil",
    "brand": "Keep It Cleaner",
    "name": "Gluten Free Tomato Garlic & Basil Pasta Sauce",
    "imageUrl": "https://shop.coles.com.au/wcsstore/Coles-CAS/images/3/4/0/3406624-th.jpg",
    "categories": ["healthy-living"],
    "tags": ["healthier-choices", "healthier-coking"],
    "locations": {
      "vic": {
        "price": 4,
        "promoText": " ",
        "packageSize": "500g",
        "packagePrice": "$0.80 per 100G"
      }
    }
  },
  {
    "id": "keep-it-cleaner-choc-mud-cake-baking-mix",
    "brand": "Keep It Cleaner",
    "name": "Chocolate Mud Cake Baking Mix",
    "imageUrl": "https://shop.coles.com.au/wcsstore/Coles-CAS/images/3/4/0/3406453-th.jpg",
    "categories": ["healthy-living"],
    "tags": ["healthier-choices", "healthier-coking"],
    "locations": {
      "vic": {
        "price": 7.5,
        "promoText": " ",
        "packageSize": "400g",
        "packagePrice": "$1.88 per 100G"
      }
    }
  },
  {
    "id": "keep-it-cleaner-grass-fed-ghee",
    "brand": "Keep It Cleaner",
    "name": "Grass Fed Ghee",
    "imageUrl": "https://shop.coles.com.au/wcsstore/Coles-CAS/images/3/4/0/3406373-th.jpg",
    "categories": ["healthy-living"],
    "tags": ["healthier-choices", "healthier-coking"],
    "locations": {
      "vic": {
        "price": 10,
        "promoText": " ",
        "packageSize": "250g",
        "packagePrice": "$4.00 per 100G"
      }
    }
  },
  {
    "id": "kept-it-cleaner-potato-and-brown-rice-spaghetti",
    "brand": "Keept It Cleaner",
    "name": "Potato And Brown Rice Spaghetti",
    "imageUrl": "https://shop.coles.com.au/wcsstore/Coles-CAS/images/3/7/9/3792448-th.jpg",
    "categories": ["healthy-living"],
    "tags": ["healthier-choices", "healthier-coking"],
    "locations": {
      "vic": {
        "price": 4,
        "promoText": " ",
        "packageSize": "250g",
        "packagePrice": "$1.60 per 100G"
      }
    }
  },
  {
    "id": "lifestyle-bakery-bread-crumbs-gluten-free",
    "brand": "Lifestyle Bakery",
    "name": "Bread Crumbs Gluten Free",
    "imageUrl": "https://shop.coles.com.au/wcsstore/Coles-CAS/images/7/8/8/7884606-th.jpg",
    "categories": ["healthy-living"],
    "tags": ["healthier-choices", "healthier-coking"],
    "locations": {
      "vic": {
        "price": 4.9,
        "promoText": " ",
        "packageSize": "350g",
        "packagePrice": "$1.40 per 100G"
      }
    }
  },
  {
    "id": "loma-linda-thai-green-curry-meal",
    "brand": "Loma Linda",
    "name": "Gluten Free Thai Green Curry With Chik'N And Rice",
    "imageUrl": "https://shop.coles.com.au/wcsstore/Coles-CAS/images/3/4/1/3411329-th.jpg",
    "categories": ["healthy-living"],
    "tags": ["healthier-choices", "healthier-coking"],
    "locations": {
      "vic": {
        "price": 5,
        "promoText": "Any 2 $5",
        "packageSize": "285g",
        "packagePrice": "$1.75 per 100G"
      }
    }
  },
  {
    "id": "loma-linda-thai-red-curry-meal",
    "brand": "Loma Linda",
    "name": "Thai Red Curry With Coconut & Mock Duk",
    "imageUrl": "https://shop.coles.com.au/wcsstore/Coles-CAS/images/3/4/1/3411351-th.jpg",
    "categories": ["healthy-living"],
    "tags": ["healthier-choices", "healthier-coking"],
    "locations": {
      "vic": {
        "price": 5,
        "promoText": "Any 2 $5",
        "packageSize": "285g",
        "packagePrice": "$1.75 per 100G"
      }
    }
  },
  {
    "id": "loma-linda-mediterranean-tomato-olive-meal",
    "brand": "Loma Linda",
    "name": "Mediterranean Tomato & Olive With Pasta",
    "imageUrl": "https://shop.coles.com.au/wcsstore/Coles-CAS/images/3/4/1/3411330-th.jpg",
    "categories": ["healthy-living"],
    "tags": ["healthier-choices", "healthier-coking"],
    "locations": {
      "vic": {
        "price": 5,
        "promoText": "Any 2 $5",
        "packageSize": "285g",
        "packagePrice": "$1.75 per 100G"
      }
    }
  },
  {
    "id": "loma-linda-chipotle-bowl-meal",
    "brand": "Loma Linda",
    "name": "Gluten Free Chipotle Bowl With Black Beans Meal",
    "imageUrl": "https://shop.coles.com.au/wcsstore/Coles-CAS/images/3/4/1/3411318-th.jpg",
    "categories": ["healthy-living"],
    "tags": ["healthier-choices", "healthier-coking"],
    "locations": {
      "vic": {
        "price": 5,
        "promoText": "Any 2 $5",
        "packageSize": "285g",
        "packagePrice": "$1.75 per 100G"
      }
    }
  },
  {
    "id": "loma-linda-spring-water-tuno",
    "brand": "Loma Linda",
    "name": "Spring Water Tuno",
    "imageUrl": "https://shop.coles.com.au/wcsstore/Coles-CAS/images/3/4/1/3410450-th.jpg",
    "categories": ["healthy-living"],
    "tags": ["healthier-choices", "healthier-coking"],
    "locations": {
      "vic": {
        "price": 2.35,
        "promoText": " ",
        "packageSize": "142g",
        "packagePrice": "$1.65 per 100G"
      }
    }
  },
  {
    "id": "loma-linda-lemon-pepper-tuno",
    "brand": "Loma Linda",
    "name": "Lemon Pepper Tuno",
    "imageUrl": "https://shop.coles.com.au/wcsstore/Coles-CAS/images/3/4/1/3410417-th.jpg",
    "categories": ["healthy-living"],
    "tags": ["healthier-choices", "healthier-coking"],
    "locations": {
      "vic": {
        "price": 2.35,
        "promoText": " ",
        "packageSize": "142g",
        "packagePrice": "$1.65 per 100G"
      }
    }
  },
  {
    "id": "loma-linda-tikka-masala-meal",
    "brand": "Loma Linda",
    "name": "Gluten Free Tikka Masala With Chicken And Rice",
    "imageUrl": "https://shop.coles.com.au/wcsstore/Coles-CAS/images/3/4/1/3411340-th.jpg",
    "categories": ["healthy-living"],
    "tags": ["healthier-choices", "healthier-coking"],
    "locations": {
      "vic": {
        "price": 5,
        "promoText": "Any 2 $5",
        "packageSize": "285g",
        "packagePrice": "$1.75 per 100G"
      }
    }
  },
  {
    "id": "loma-linda-spicy-sriracha-tuno",
    "brand": "Loma Linda",
    "name": "Spicy Tuno With Sriracha",
    "imageUrl": "https://shop.coles.com.au/wcsstore/Coles-CAS/images/3/4/1/3410440-th.jpg",
    "categories": ["healthy-living"],
    "tags": ["healthier-choices", "healthier-coking"],
    "locations": {
      "vic": {
        "price": 2.35,
        "promoText": " ",
        "packageSize": "142g",
        "packagePrice": "$1.65 per 100G"
      }
    }
  },
  {
    "id": "loma-linda-spicy-pad-thai-meal",
    "brand": "Loma Linda",
    "name": "Spicy Pad Thai Meal",
    "imageUrl": "https://shop.coles.com.au/wcsstore/Coles-CAS/images/3/4/1/3411293-th.jpg",
    "categories": ["healthy-living"],
    "tags": ["healthier-choices", "healthier-coking"],
    "locations": {
      "vic": {
        "price": 5,
        "promoText": "Any 2 $5",
        "packageSize": "285g",
        "packagePrice": "$1.75 per 100G"
      }
    }
  },
  {
    "id": "melrose-naturals-apple-cider-vinegar",
    "brand": "Melrose",
    "name": "Apple Cider Vinegar",
    "imageUrl": "https://shop.coles.com.au/wcsstore/Coles-CAS/images/5/8/1/5814519-th.jpg",
    "categories": ["healthy-living"],
    "tags": ["healthier-choices", "healthier-coking"],
    "locations": {
      "vic": {
        "price": 4.4,
        "promoText": " ",
        "packageSize": "500mL",
        "packagePrice": "$0.88 per 100mL"
      }
    }
  },
  {
    "id": "melrose-premium-liquid-coconut-oil-flavour-free",
    "brand": "Melrose",
    "name": "Premium Liquid Coconut Oil Flavour Free",
    "imageUrl": "https://shop.coles.com.au/wcsstore/Coles-CAS/images/3/0/1/3016889-th.jpg",
    "categories": ["healthy-living"],
    "tags": ["healthier-choices", "healthier-coking"],
    "locations": {
      "vic": {
        "price": 8.5,
        "promoText": " ",
        "packageSize": "250mL",
        "packagePrice": "$3.40 per 100mL"
      }
    }
  },
  {
    "id": "orgran-pasta-vegetable-rice",
    "brand": "Orgran",
    "name": "Vegetable Rice Pasta",
    "imageUrl": "https://shop.coles.com.au/wcsstore/Coles-CAS/images/5/2/1/5212582-th.jpg",
    "categories": ["healthy-living"],
    "tags": ["healthier-choices", "healthier-coking"],
    "locations": {
      "vic": {
        "price": 4,
        "promoText": " ",
        "packageSize": "250g",
        "packagePrice": "$1.60 per 100G"
      }
    }
  },
  {
    "id": "planet-food-organic-coconut-flour",
    "brand": "Planet Food",
    "name": "Organic Coconut Flour",
    "imageUrl": "https://shop.coles.com.au/wcsstore/Coles-CAS/images/1/9/8/1987129-th.jpg",
    "categories": ["healthy-living"],
    "tags": ["healthier-choices", "healthier-coking"],
    "locations": {
      "vic": {
        "price": 5.6,
        "promoText": "$1.40 ",
        "packageSize": "400g",
        "packagePrice": "$14.00 per 1Kg"
      }
    }
  },
  {
    "id": "red-tractor--tricolour-quinoa-grain",
    "brand": "Red Tractor",
    "name": "Tricolour Quinoa Grain",
    "imageUrl": "https://shop.coles.com.au/wcsstore/Coles-CAS/images/2/4/9/2497668-th.jpg",
    "categories": ["healthy-living"],
    "tags": ["healthier-choices", "healthier-coking"],
    "locations": {
      "vic": {
        "price": 10,
        "promoText": " ",
        "packageSize": "600g",
        "packagePrice": "$1.67 per 100G"
      }
    }
  },
  {
    "id": "red-tractor--white-quinoa-grain",
    "brand": "Red Tractor",
    "name": "White Quinoa Grain",
    "imageUrl": "https://shop.coles.com.au/wcsstore/Coles-CAS/images/2/4/9/2497657-th.jpg",
    "categories": ["healthy-living"],
    "tags": ["healthier-choices", "healthier-coking"],
    "locations": {
      "vic": {
        "price": 10,
        "promoText": " ",
        "packageSize": "700g",
        "packagePrice": "$1.43 per 100G"
      }
    }
  },
  {
    "id": "red-tractor-australian-flax-hemp-oil",
    "brand": "Red Tractor",
    "name": "Flax Hemp & Honey Oil",
    "imageUrl": "https://shop.coles.com.au/wcsstore/Coles-CAS/images/3/1/4/3145407-th.jpg",
    "categories": ["healthy-living"],
    "tags": ["healthier-choices", "healthier-coking"],
    "locations": {
      "vic": {
        "price": 13,
        "promoText": " ",
        "packageSize": "250mL",
        "packagePrice": "$5.20 per 100mL"
      }
    }
  },
  {
    "id": "red-tractor-australian-protein-powder",
    "brand": "Red Tractor",
    "name": "Gluten Free Australian Hemp Protein Powder",
    "imageUrl": "https://shop.coles.com.au/wcsstore/Coles-CAS/images/3/1/4/3144969-th.jpg",
    "categories": ["healthy-living"],
    "tags": ["healthier-choices", "healthier-coking"],
    "locations": {
      "vic": {
        "price": 13.5,
        "promoText": " ",
        "packageSize": "300g",
        "packagePrice": "$4.50 per 100G"
      }
    }
  },
  {
    "id": "red-tractor-organic-baking-oats",
    "brand": "Red Tractor",
    "name": "Organic Baking Oats",
    "imageUrl": "https://shop.coles.com.au/wcsstore/Coles-CAS/images/3/4/0/3406136-th.jpg",
    "categories": ["healthy-living"],
    "tags": ["healthier-choices", "healthier-coking"],
    "locations": {
      "vic": {
        "price": 4,
        "promoText": "$1.00 ",
        "packageSize": "500g",
        "packagePrice": "$0.80 per 100G"
      }
    }
  },
  {
    "id": "slendier-soy-bean-organic-spaghetti",
    "brand": "Slendier",
    "name": "Gluten Free Soy Bean Organic Spaghetti",
    "imageUrl": "https://shop.coles.com.au/wcsstore/Coles-CAS/images/3/4/0/3405246-th.jpg",
    "categories": ["healthy-living"],
    "tags": ["healthier-choices", "healthier-coking"],
    "locations": {
      "vic": {
        "price": 5.2,
        "promoText": " ",
        "packageSize": "200g",
        "packagePrice": "$2.60 per 100G"
      }
    }
  },
  {
    "id": "slendier-edamame-bean-organic-fettuccine",
    "brand": "Slendier",
    "name": "Edamame Bean Organic Fettuccine",
    "imageUrl": "https://shop.coles.com.au/wcsstore/Coles-CAS/images/3/6/0/3609869-th.jpg",
    "categories": ["healthy-living"],
    "tags": ["healthier-choices", "healthier-coking"],
    "locations": {
      "vic": {
        "price": 5.2,
        "promoText": " ",
        "packageSize": "200g",
        "packagePrice": "$2.60 per 100G"
      }
    }
  },
  {
    "id": "slendier-black-bean-organic-fettuccine-pasta",
    "brand": "Slendier",
    "name": "Black Bean Organic Fettuccine Pasta",
    "imageUrl": "https://shop.coles.com.au/wcsstore/Coles-CAS/images/3/6/0/3609847-th.jpg",
    "categories": ["healthy-living"],
    "tags": ["healthier-choices", "healthier-coking"],
    "locations": {
      "vic": {
        "price": 5.2,
        "promoText": " ",
        "packageSize": "200g",
        "packagePrice": "$2.60 per 100G"
      }
    }
  },
  {
    "id": "slendier-ready-meal-fettuccine-arrabbiata-sau",
    "brand": "Slendier",
    "name": "Vegetable Fettuccine With Arrabbiata Sauce",
    "imageUrl": "https://shop.coles.com.au/wcsstore/Coles-CAS/images/3/6/1/3611816-th.jpg",
    "categories": ["healthy-living"],
    "tags": ["healthier-choices", "healthier-coking"],
    "locations": {
      "vic": {
        "price": 5.9,
        "promoText": " ",
        "packageSize": "310g",
        "packagePrice": "$1.90 per 100G"
      }
    }
  },
  {
    "id": "slendier-soy-bean-organic-fettuccine",
    "brand": "Slendier",
    "name": "Soy Bean Organic Fettuccine",
    "imageUrl": "https://shop.coles.com.au/wcsstore/Coles-CAS/images/3/6/0/3609949-th.jpg",
    "categories": ["healthy-living"],
    "tags": ["healthier-choices", "healthier-coking"],
    "locations": {
      "vic": {
        "price": 5.2,
        "promoText": " ",
        "packageSize": "200g",
        "packagePrice": "$2.60 per 100G"
      }
    }
  },
  {
    "id": "sweet-william-choc-baking-buttons",
    "brand": "Sweet William",
    "name": "Gluten Free Choc Baking Buttons",
    "imageUrl": "https://shop.coles.com.au/wcsstore/Coles-CAS/images/3/1/3/3134706-th.jpg",
    "categories": ["healthy-living"],
    "tags": ["healthier-choices", "healthier-coking"],
    "locations": {
      "vic": {
        "price": 5.7,
        "promoText": " ",
        "packageSize": "300g",
        "packagePrice": "$1.90 per 100G"
      }
    }
  },
  {
    "id": "sanitarium-nutmeat",
    "brand": "Vegie Delights",
    "name": "Nut Meat",
    "imageUrl": "https://shop.coles.com.au/wcsstore/Coles-CAS/images/6/0/5/6059709-th.jpg",
    "categories": ["healthy-living"],
    "tags": ["healthier-choices", "healthier-coking"],
    "locations": {
      "vic": {
        "price": 4.2,
        "promoText": " ",
        "packageSize": "415g",
        "packagePrice": "$1.01 per 100G"
      }
    }
  },
  {
    "id": "sanitarium-nutolene",
    "brand": "Vegie Delights",
    "name": "Gluten Free Nutolene",
    "imageUrl": "https://shop.coles.com.au/wcsstore/Coles-CAS/images/6/0/5/6059356-th.jpg",
    "categories": ["healthy-living"],
    "tags": ["healthier-choices", "healthier-coking"],
    "locations": {
      "vic": {
        "price": 4.2,
        "promoText": " ",
        "packageSize": "415g",
        "packagePrice": "$1.01 per 100G"
      }
    }
  },
  {
    "id": "coles-organic-buckwheat-flour",
    "brand": "Wellness Road",
    "name": "Organic Buckwheat Flour",
    "imageUrl": "https://shop.coles.com.au/wcsstore/Coles-CAS/images/8/6/6/8667807-th.jpg",
    "categories": ["healthy-living"],
    "tags": ["healthier-choices", "healthier-coking"],
    "locations": {
      "vic": {
        "price": 5,
        "promoText": "Was $5.90 on Nov 2018 ",
        "packageSize": "500g",
        "packagePrice": "$10.00 per 1Kg"
      }
    }
  },
  {
    "id": "coles-premium-wheatgerm-stabilised",
    "brand": "Wellness Road",
    "name": "Stabilised Wheatgerm",
    "imageUrl": "https://shop.coles.com.au/wcsstore/Coles-CAS/images/8/6/6/8669631-th.jpg",
    "categories": ["healthy-living"],
    "tags": ["healthier-choices", "healthier-coking"],
    "locations": {
      "vic": {
        "price": 3,
        "promoText": " ",
        "packageSize": "375g",
        "packagePrice": "$0.80 per 100G"
      }
    }
  },
  {
    "id": "coles-organic-black-rice-pasta-chia-gf",
    "brand": "Wellness Road",
    "name": "Organic Black Rice Noodles With Chia",
    "imageUrl": "https://shop.coles.com.au/wcsstore/Coles-CAS/images/3/1/1/3113251-th.jpg",
    "categories": ["healthy-living"],
    "tags": ["healthier-choices", "healthier-coking"],
    "locations": {
      "vic": {
        "price": 3.75,
        "promoText": " ",
        "packageSize": "225g",
        "packagePrice": "$1.67 per 100G"
      }
    }
  },
  {
    "id": "coles-yeast-flakes-nutritional",
    "brand": "Wellness Road",
    "name": "Nutritional Yeast Flakes",
    "imageUrl": "https://shop.coles.com.au/wcsstore/Coles-CAS/images/3/1/3/3131253-th.jpg",
    "categories": ["healthy-living"],
    "tags": ["healthier-choices", "healthier-coking"],
    "locations": {
      "vic": {
        "price": 8,
        "promoText": " ",
        "packageSize": "200g",
        "packagePrice": "$4.00 per 100G"
      }
    }
  },
  {
    "id": "coles-organic-rice-noodles-with-chia",
    "brand": "Wellness Road",
    "name": "Organic Red Rice Noodles With Chia",
    "imageUrl": "https://shop.coles.com.au/wcsstore/Coles-CAS/images/3/4/0/3409123-th.jpg",
    "categories": ["healthy-living"],
    "tags": ["healthier-choices", "healthier-coking"],
    "locations": {
      "vic": {
        "price": 3.75,
        "promoText": " ",
        "packageSize": "225g",
        "packagePrice": "$1.67 per 100G"
      }
    }
  },
  {
    "id": "coles-textured-vegetable-protein",
    "brand": "Wellness Road",
    "name": "Textured Vegetable Protein",
    "imageUrl": "https://shop.coles.com.au/wcsstore/Coles-CAS/images/3/4/0/3405847-th.jpg",
    "categories": ["healthy-living"],
    "tags": ["healthier-choices", "healthier-coking"],
    "locations": {
      "vic": {
        "price": 6,
        "promoText": " ",
        "packageSize": "400g",
        "packagePrice": "$1.50 per 100G"
      }
    }
  },
  {
    "id": "messy-monkeys-quinoa-bites-burger",
    "brand": "Messy Monkeys",
    "name": "Whole Grain Bites Burger Flavour",
    "imageUrl": "https://shop.coles.com.au/wcsstore/Coles-CAS/images/2/8/9/2897815-th.jpg",
    "categories": ["healthy-living"],
    "tags": ["healthier-choices", "healthier-snacking"],
    "locations": {
      "vic": {
        "price": 3.5,
        "promoText": "$3.50 ",
        "packageSize": "160g",
        "packagePrice": "$2.19 per 100G"
      }
    }
  },
  {
    "id": "healtheries-kidscare-rice-wheels-burger-10-pack",
    "brand": "Healtheries",
    "name": "KidsCare Burger Wheels Rice Snacks 10 pack",
    "imageUrl": "https://shop.coles.com.au/wcsstore/Coles-CAS/images/7/2/4/7247894-th.jpg",
    "categories": ["healthy-living"],
    "tags": ["healthier-choices", "healthier-snacking"],
    "locations": {
      "vic": {
        "price": 5.2,
        "promoText": " ",
        "packageSize": "180g",
        "packagePrice": "$2.89 per 100G"
      }
    }
  },
  {
    "id": "kezs-biscuits-gluten-free-melting-moments",
    "brand": "Kez's Kitchen",
    "name": "Gluten Free Melting Moment Biscuits",
    "imageUrl": "https://shop.coles.com.au/wcsstore/Coles-CAS/images/6/9/9/6995383-th.jpg",
    "categories": ["healthy-living"],
    "tags": ["healthier-choices", "healthier-snacking"],
    "locations": {
      "vic": {
        "price": 7,
        "promoText": " ",
        "packageSize": "190g",
        "packagePrice": "$3.68 per 100G"
      }
    }
  },
  {
    "id": "healtheries-kidscare-rice-wheels-chicken",
    "brand": "Healtheries",
    "name": "KidsCare Roast Chicken Wheels Rice Snacks 10 pack",
    "imageUrl": "https://shop.coles.com.au/wcsstore/Coles-CAS/images/5/2/5/5251416-th.jpg",
    "categories": ["healthy-living"],
    "tags": ["healthier-choices", "healthier-snacking"],
    "locations": {
      "vic": {
        "price": 5.2,
        "promoText": " ",
        "packageSize": "180g",
        "packagePrice": "$2.89 per 100G"
      }
    }
  },
  {
    "id": "kezs-free-naked-choc-mud-dessert-bars-5-pack",
    "brand": "Kez's Kitchen",
    "name": "Gluten Free & Naked Choc Mud Bars 5 pack",
    "imageUrl": "https://shop.coles.com.au/wcsstore/Coles-CAS/images/1/9/9/1994827-th.jpg",
    "categories": ["healthy-living"],
    "tags": ["healthier-choices", "healthier-snacking"],
    "locations": {
      "vic": {
        "price": 5.2,
        "promoText": " ",
        "packageSize": "125g",
        "packagePrice": "$4.16 per 100G"
      }
    }
  },
  {
    "id": "kezs-free-gluten-free-biscuits-vienna-eclair",
    "brand": "Kez's Kitchen",
    "name": "Gluten Free Vienna Eclair Biscuits",
    "imageUrl": "https://shop.coles.com.au/wcsstore/Coles-CAS/images/8/6/8/8684850-th.jpg",
    "categories": ["healthy-living"],
    "tags": ["healthier-choices", "healthier-snacking"],
    "locations": {
      "vic": {
        "price": 7,
        "promoText": " ",
        "packageSize": "190g",
        "packagePrice": "$3.68 per 100G"
      }
    }
  },
  {
    "id": "healtheries-kidscare-rice-wheels-cheese",
    "brand": "Healtheries",
    "name": "KidsCare Cheese Wheels Rice Snacks 10 pack",
    "imageUrl": "https://shop.coles.com.au/wcsstore/Coles-CAS/images/9/7/3/9734885-th.jpg",
    "categories": ["healthy-living"],
    "tags": ["healthier-choices", "healthier-snacking"],
    "locations": {
      "vic": {
        "price": 5.2,
        "promoText": " ",
        "packageSize": "180g",
        "packagePrice": "$2.89 per 100G"
      }
    }
  },
  {
    "id": "messy-monkeys-quinoa-cheese-bites",
    "brand": "Messy Monkeys",
    "name": "Whole Grain Bites Cheese Flavour",
    "imageUrl": "https://shop.coles.com.au/wcsstore/Coles-CAS/images/2/8/9/2897826-th.jpg",
    "categories": ["healthy-living"],
    "tags": ["healthier-choices", "healthier-snacking"],
    "locations": {
      "vic": {
        "price": 3.5,
        "promoText": "$3.50 ",
        "packageSize": "160g",
        "packagePrice": "$2.19 per 100G"
      }
    }
  },
  {
    "id": "table-of-plenty-mini-rice-cakes-triple-berry-yoghurt",
    "brand": "Table Of Plenty",
    "name": "Mini Rice Cakes Triple Berry Yoghurt",
    "imageUrl": "https://shop.coles.com.au/wcsstore/Coles-CAS/images/8/2/1/8215791-th.jpg",
    "categories": ["healthy-living"],
    "tags": ["healthier-choices", "healthier-snacking"],
    "locations": {
      "vic": {
        "price": 3.6,
        "promoText": " ",
        "packageSize": "60g",
        "packagePrice": "$6.00 per 100G"
      }
    }
  },
  {
    "id": "table-of-plenty-rice-cakes-mini-milk-chocolate",
    "brand": "Table of Plenty",
    "name": "Mini Milk Chocolate Rice Cakes",
    "imageUrl": "https://shop.coles.com.au/wcsstore/Coles-CAS/images/8/2/1/8215780-th.jpg",
    "categories": ["healthy-living"],
    "tags": ["healthier-choices", "healthier-snacking"],
    "locations": {
      "vic": {
        "price": 3.6,
        "promoText": " ",
        "packageSize": "60g",
        "packagePrice": "$6.00 per 100G"
      }
    }
  },
  {
    "id": "golden-days-apricot-delight-pieces",
    "brand": "Golden Days",
    "name": "Apricot Delight Pieces",
    "imageUrl": "https://shop.coles.com.au/wcsstore/Coles-CAS/images/5/2/1/5219162-th.jpg",
    "categories": ["healthy-living"],
    "tags": ["healthier-choices", "healthier-snacking"],
    "locations": {
      "vic": {
        "price": 2.4,
        "promoText": " ",
        "packageSize": "150g",
        "packagePrice": "$1.60 per 100G"
      }
    }
  },
  {
    "id": "golden-days-sesame-snaps",
    "brand": "Golden Days",
    "name": "Gluten Free Original Sesame Snaps 3 pack",
    "imageUrl": "https://shop.coles.com.au/wcsstore/Coles-CAS/images/8/0/7/8071749-th.jpg",
    "categories": ["healthy-living"],
    "tags": ["healthier-choices", "healthier-snacking"],
    "locations": {
      "vic": {
        "price": 2.5,
        "promoText": " ",
        "packageSize": "120g",
        "packagePrice": "$2.08 per 100G"
      }
    }
  },
  {
    "id": "table-of-plenty-rice-cakes-mini-dark-chocolate",
    "brand": "Table of Plenty",
    "name": "Mini Dark Chocolate Rice Cakes",
    "imageUrl": "https://shop.coles.com.au/wcsstore/Coles-CAS/images/8/2/1/8215770-th.jpg",
    "categories": ["healthy-living"],
    "tags": ["healthier-choices", "healthier-snacking"],
    "locations": {
      "vic": {
        "price": 3.6,
        "promoText": " ",
        "packageSize": "60g",
        "packagePrice": "$6.00 per 100G"
      }
    }
  },
  {
    "id": "gullon-sugar-free-chocolate-chip-cookies",
    "brand": "Gullon",
    "name": "Sugar Free Chocolate Chip Cookies",
    "imageUrl": "https://shop.coles.com.au/wcsstore/Coles-CAS/images/1/4/7/1478544-th.jpg",
    "categories": ["healthy-living"],
    "tags": ["healthier-choices", "healthier-snacking"],
    "locations": {
      "vic": {
        "price": 3,
        "promoText": " ",
        "packageSize": "125g",
        "packagePrice": "$2.40 per 100G"
      }
    }
  },
  {
    "id": "carmans-pepita-poppy-seed-super-seed-grain-crackers",
    "brand": "Carman's",
    "name": "Pepita & Poppy Seed Crackers",
    "imageUrl": "https://shop.coles.com.au/wcsstore/Coles-CAS/images/2/9/0/2903394-th.jpg",
    "categories": ["healthy-living"],
    "tags": ["healthier-choices", "healthier-snacking"],
    "locations": {
      "vic": {
        "price": 3.8,
        "promoText": " ",
        "packageSize": "80g",
        "packagePrice": "$4.75 per 100G"
      }
    }
  },
  {
    "id": "coles-organic-gf-corn-chips",
    "brand": "Coles",
    "name": "I'M Free From Lightly Salted Corn Chips",
    "imageUrl": "https://shop.coles.com.au/wcsstore/Coles-CAS/images/3/1/3/3138900-th.jpg",
    "categories": ["healthy-living"],
    "tags": ["healthier-choices", "healthier-snacking"],
    "locations": {
      "vic": {
        "price": 2.5,
        "promoText": " ",
        "packageSize": "200g",
        "packagePrice": "$1.25 per 100G"
      }
    }
  },
  {
    "id": "marys-gone-original-crackers",
    "brand": "Mary's Gone",
    "name": "Original Crackers",
    "imageUrl": "https://shop.coles.com.au/wcsstore/Coles-CAS/images/1/9/9/1994850-th.jpg",
    "categories": ["healthy-living"],
    "tags": ["healthier-choices", "healthier-snacking"],
    "locations": {
      "vic": {
        "price": 7.9,
        "promoText": " ",
        "packageSize": "184g",
        "packagePrice": "$4.29 per 100G"
      }
    }
  },
  {
    "id": "table-of-plenty-mini-rice-cakes-dark-choclate-snack",
    "brand": "Table Of Plenty",
    "name": "Mini Rice Snack Dark Chocolate Cakes",
    "imageUrl": "https://shop.coles.com.au/wcsstore/Coles-CAS/images/3/5/5/3550369-th.jpg",
    "categories": ["healthy-living"],
    "tags": ["healthier-choices", "healthier-snacking"],
    "locations": {
      "vic": {
        "price": 5.5,
        "promoText": " ",
        "packageSize": "84g",
        "packagePrice": "$6.55 per 100G"
      }
    }
  },
  {
    "id": "thinkfood-munch-pumpkin-seed",
    "brand": "Thinkfood",
    "name": "Munch Pumpkin Seed Snack",
    "imageUrl": "https://shop.coles.com.au/wcsstore/Coles-CAS/images/2/5/0/2508094-th.jpg",
    "categories": ["healthy-living"],
    "tags": ["healthier-choices", "healthier-snacking"],
    "locations": {
      "vic": {
        "price": 4.95,
        "promoText": "$0.55 ",
        "packageSize": "140g",
        "packagePrice": "$3.54 per 100G"
      }
    }
  },
  {
    "id": "vege-chips-multipack-250g",
    "brand": "Vege",
    "name": "Original Multipack Chips 12 Pack",
    "imageUrl": "https://shop.coles.com.au/wcsstore/Coles-CAS/images/8/3/1/8313724-th.jpg",
    "categories": ["healthy-living"],
    "tags": ["healthier-choices", "healthier-snacking"],
    "locations": {
      "vic": {
        "price": 8.8,
        "promoText": " ",
        "packageSize": "250g",
        "packagePrice": "$3.52 per 100G"
      }
    }
  },
  {
    "id": "wallaby-dark-chocolate-orange-almond-coconut-yoghurt-bites",
    "brand": "Wallaby",
    "name": "Bites Gluten Free Dark Chocolate Orange Almond & Coconut Yoghurt",
    "imageUrl": "https://shop.coles.com.au/wcsstore/Coles-CAS/images/1/4/7/1477440-th.jpg",
    "categories": ["healthy-living"],
    "tags": ["healthier-choices", "healthier-snacking"],
    "locations": {
      "vic": {
        "price": 4.5,
        "promoText": "$0.50 ",
        "packageSize": "150g",
        "packagePrice": "$3.00 per 100G"
      }
    }
  },
  {
    "id": "orgran-corn-crispibread",
    "brand": "Orgran",
    "name": "Corn Crispbread",
    "imageUrl": "https://shop.coles.com.au/wcsstore/Coles-CAS/images/7/2/4/7242267-th.jpg",
    "categories": ["healthy-living"],
    "tags": ["healthier-choices", "healthier-snacking"],
    "locations": {
      "vic": {
        "price": 2.4,
        "promoText": "$0.60 ",
        "packageSize": "125g",
        "packagePrice": "$1.92 per 100G"
      }
    }
  },
  {
    "id": "orgran-gluten-free-buckwheat-crispibread",
    "brand": "Orgran",
    "name": "Gluten Free Buckwheat Crispbread",
    "imageUrl": "https://shop.coles.com.au/wcsstore/Coles-CAS/images/1/9/9/1995070-th.jpg",
    "categories": ["healthy-living"],
    "tags": ["healthier-choices", "healthier-snacking"],
    "locations": {
      "vic": {
        "price": 2.25,
        "promoText": "$0.60 ",
        "packageSize": "125g",
        "packagePrice": "$1.80 per 100G"
      }
    }
  },
  {
    "id": "pana-chocolate-strawberry-pistachio",
    "brand": "Pana Organic",
    "name": "Strawberry & Pistachio Chocolate",
    "imageUrl": "https://shop.coles.com.au/wcsstore/Coles-CAS/images/3/0/3/3036183-th.jpg",
    "categories": ["healthy-living"],
    "tags": ["healthier-choices", "healthier-snacking"],
    "locations": {
      "vic": {
        "price": 6,
        "promoText": " ",
        "packageSize": "45g",
        "packagePrice": "$13.33 per 100G"
      }
    }
  },
  {
    "id": "sweet-william-chocolate-bar-rice-crackle-bar-dairy-free",
    "brand": "Sweet William",
    "name": "Chocolate Rice Crackle Bar Dairy Free",
    "imageUrl": "https://shop.coles.com.au/wcsstore/Coles-CAS/images/8/5/0/8507899-th.jpg",
    "categories": ["healthy-living"],
    "tags": ["healthier-choices", "healthier-snacking"],
    "locations": {
      "vic": {
        "price": 2.6,
        "promoText": " ",
        "packageSize": "50g",
        "packagePrice": "$5.20 per 100G"
      }
    }
  },
  {
    "id": "thinkfood-munch-pistachio-cranberry",
    "brand": "Thinkfood",
    "name": "Munch Pistachio Cranberry Snack",
    "imageUrl": "https://shop.coles.com.au/wcsstore/Coles-CAS/images/2/5/0/2508083-th.jpg",
    "categories": ["healthy-living"],
    "tags": ["healthier-choices", "healthier-snacking"],
    "locations": {
      "vic": {
        "price": 4.95,
        "promoText": "$0.55 ",
        "packageSize": "140g",
        "packagePrice": "$3.54 per 100G"
      }
    }
  },
  {
    "id": "wholesome-foods-original-falafel-chips",
    "brand": "Wholesome Food Company",
    "name": "Gluten Free Original Falafel Chips",
    "imageUrl": "https://shop.coles.com.au/wcsstore/Coles-CAS/images/2/5/0/2509654-th.jpg",
    "categories": ["healthy-living"],
    "tags": ["healthier-choices", "healthier-snacking"],
    "locations": {
      "vic": {
        "price": 5,
        "promoText": " ",
        "packageSize": "175g",
        "packagePrice": "$2.86 per 100G"
      }
    }
  },
  {
    "id": "wholesome-foods-hummus-chips",
    "brand": "Wholesome Food Company",
    "name": "Gluten Free Original Hommus Chips",
    "imageUrl": "https://shop.coles.com.au/wcsstore/Coles-CAS/images/2/5/1/2510020-th.jpg",
    "categories": ["healthy-living"],
    "tags": ["healthier-choices", "healthier-snacking"],
    "locations": {
      "vic": {
        "price": 5,
        "promoText": " ",
        "packageSize": "120g",
        "packagePrice": "$4.17 per 100G"
      }
    }
  },
  {
    "id": "ajitas-vege-rice-crackers-vegan-cheese",
    "brand": "Ajitas",
    "name": "Vegan Cheese Vege Rice Crackers",
    "imageUrl": "https://shop.coles.com.au/wcsstore/Coles-CAS/images/3/5/5/3554202-th.jpg",
    "categories": ["healthy-living"],
    "tags": ["healthier-choices", "healthier-snacking"],
    "locations": {
      "vic": {
        "price": 3.8,
        "promoText": " ",
        "packageSize": "75g",
        "packagePrice": "$5.07 per 100G"
      }
    }
  },
  {
    "id": "carmans-rosemary-sea-salt-super-seed-grain-crackers",
    "brand": "Carman's",
    "name": "Rosemary & Sea Salt Super Seed & Grain Crackers",
    "imageUrl": "https://shop.coles.com.au/wcsstore/Coles-CAS/images/2/9/0/2903408-th.jpg",
    "categories": ["healthy-living"],
    "tags": ["healthier-choices", "healthier-snacking"],
    "locations": {
      "vic": {
        "price": 3.8,
        "promoText": " ",
        "packageSize": "80g",
        "packagePrice": "$4.75 per 100G"
      }
    }
  },
  {
    "id": "coles-simply-less-dark-chocolate",
    "brand": "Coles",
    "name": "No Added Sugar Dark Chocolate 5 pack",
    "imageUrl": "https://shop.coles.com.au/wcsstore/Coles-CAS/images/9/9/4/9945643-th.jpg",
    "categories": ["healthy-living"],
    "tags": ["healthier-choices", "healthier-snacking"],
    "locations": {
      "vic": {
        "price": 4,
        "promoText": " ",
        "packageSize": "100g",
        "packagePrice": "$4.00 per 100G"
      }
    }
  },
  {
    "id": "coles-simply-gluten-free-biscuits-chocolate-chip",
    "brand": "Coles",
    "name": "I'M Free From Choc Chip Cookies",
    "imageUrl": "https://shop.coles.com.au/wcsstore/Coles-CAS/images/1/2/2/1224546-th.jpg",
    "categories": ["healthy-living"],
    "tags": ["healthier-choices", "healthier-snacking"],
    "locations": {
      "vic": {
        "price": 2.7,
        "promoText": " ",
        "packageSize": "160g",
        "packagePrice": "$1.69 per 100G"
      }
    }
  },
  {
    "id": "coles-organic-roasted-seaweed-sea-salt-snacks",
    "brand": "Coles",
    "name": "Organic Roasted Seaweed Snacks Sea Salt",
    "imageUrl": "https://shop.coles.com.au/wcsstore/Coles-CAS/images/3/1/3/3138933-th.jpg",
    "categories": ["healthy-living"],
    "tags": ["healthier-choices", "healthier-snacking"],
    "locations": {
      "vic": {
        "price": 1.8,
        "promoText": " ",
        "packageSize": "5g",
        "packagePrice": "$36.00 per 100G"
      }
    }
  },
  {
    "id": "fruit-wise-straps-fruit-variety",
    "brand": "Fruit Wise",
    "name": "Fruit Straps Variety Pack",
    "imageUrl": "https://shop.coles.com.au/wcsstore/Coles-CAS/images/7/8/8/7880401-th.jpg",
    "categories": ["healthy-living"],
    "tags": ["healthier-choices", "healthier-snacking"],
    "locations": {
      "vic": {
        "price": 6.1,
        "promoText": " ",
        "packageSize": "140g",
        "packagePrice": "$4.36 per 100G"
      }
    }
  },
  {
    "id": "healtheries-kidscare-potato-sticks-roast-chicken-8-pack",
    "brand": "Healtheries",
    "name": "KidsCare Potato Stix Chicken 8 pack",
    "imageUrl": "https://shop.coles.com.au/wcsstore/Coles-CAS/images/7/2/4/7241322-th.jpg",
    "categories": ["healthy-living"],
    "tags": ["healthier-choices", "healthier-snacking"],
    "locations": {
      "vic": {
        "price": 5.3,
        "promoText": " ",
        "packageSize": "160g",
        "packagePrice": "$3.31 per 100G"
      }
    }
  },
  {
    "id": "healtheries-kidscare-roasted-potato-sticks",
    "brand": "Healtheries",
    "name": "KidsCare Potato Stix Roast Potato 8 pack",
    "imageUrl": "https://shop.coles.com.au/wcsstore/Coles-CAS/images/6/6/5/6654510-th.jpg",
    "categories": ["healthy-living"],
    "tags": ["healthier-choices", "healthier-snacking"],
    "locations": {
      "vic": {
        "price": 5.3,
        "promoText": " ",
        "packageSize": "160g",
        "packagePrice": "$3.31 per 100G"
      }
    }
  },
  {
    "id": "orgran-gluten-free-multigrain-wafer-crackers",
    "brand": "Orgran",
    "name": "Gluten Free Multigrain Quinoa Wafer Crackers",
    "imageUrl": "https://shop.coles.com.au/wcsstore/Coles-CAS/images/1/9/9/1994907-th.jpg",
    "categories": ["healthy-living"],
    "tags": ["healthier-choices", "healthier-snacking"],
    "locations": {
      "vic": {
        "price": 3.9,
        "promoText": " ",
        "packageSize": "100g",
        "packagePrice": "$3.90 per 100G"
      }
    }
  },
  {
    "id": "simply-7-chips-with-sea-salt",
    "brand": "Simply 7",
    "name": "Lentil Chips With Sea Salt",
    "imageUrl": "https://shop.coles.com.au/wcsstore/Coles-CAS/images/1/4/7/1478260-th.jpg",
    "categories": ["healthy-living"],
    "tags": ["healthier-choices", "healthier-snacking"],
    "locations": {
      "vic": {
        "price": 4.2,
        "promoText": "$1.05 ",
        "packageSize": "113g",
        "packagePrice": "$3.72 per 100G"
      }
    }
  },
  {
    "id": "simply-7-lentil-jalapeno-chips",
    "brand": "Simply 7",
    "name": "Lentil Jalapeno Chips",
    "imageUrl": "https://shop.coles.com.au/wcsstore/Coles-CAS/images/3/1/3/3139801-th.jpg",
    "categories": ["healthy-living"],
    "tags": ["healthier-choices", "healthier-snacking"],
    "locations": {
      "vic": {
        "price": 4.2,
        "promoText": "$1.05 ",
        "packageSize": "113g",
        "packagePrice": "$3.72 per 100G"
      }
    }
  },
  {
    "id": "sun-valley-true-fruit-bars-fruit-salad",
    "brand": "Sun Valley",
    "name": "Fruit Salad True Fruit Bars",
    "imageUrl": "https://shop.coles.com.au/wcsstore/Coles-CAS/images/9/7/3/9737464-th.jpg",
    "categories": ["healthy-living"],
    "tags": ["healthier-choices", "healthier-snacking"],
    "locations": {
      "vic": {
        "price": 4.5,
        "promoText": " ",
        "packageSize": "120g",
        "packagePrice": "$3.75 per 100G"
      }
    }
  },
  {
    "id": "sunrice-salt-vinegar-mini-bites-8-pack",
    "brand": "Sunrice",
    "name": "Mini Bites Salt & Vinegar 8 Pack",
    "imageUrl": "https://shop.coles.com.au/wcsstore/Coles-CAS/images/2/0/0/2007260-th.jpg",
    "categories": ["healthy-living"],
    "tags": ["healthier-choices", "healthier-snacking"],
    "locations": {
      "vic": {
        "price": 4,
        "promoText": "Was $5.00 on Nov 2017 ",
        "packageSize": "160g",
        "packagePrice": "$2.50 per 100G"
      }
    }
  },
  {
    "id": "sunrice-creepy-cheese-mini-bites-8pk",
    "brand": "Sunrice",
    "name": "Creepy Cheese Mini Bites 8pk",
    "imageUrl": "https://shop.coles.com.au/wcsstore/Coles-CAS/images/1/9/9/1994984-th.jpg",
    "categories": ["healthy-living"],
    "tags": ["healthier-choices", "healthier-snacking"],
    "locations": {
      "vic": {
        "price": 4,
        "promoText": "Was $5.00 on Nov 2017 ",
        "packageSize": "160g",
        "packagePrice": "$2.50 per 100G"
      }
    }
  },
  {
    "id": "table-of-plenty-swet-rice-cake-triple-berry",
    "brand": "Table Of Plenty",
    "name": "Mini Rice Cake Triple Berry",
    "imageUrl": "https://shop.coles.com.au/wcsstore/Coles-CAS/images/3/7/5/3757980-th.jpg",
    "categories": ["healthy-living"],
    "tags": ["healthier-choices", "healthier-snacking"],
    "locations": {
      "vic": {
        "price": 5.5,
        "promoText": " ",
        "packageSize": "84g",
        "packagePrice": "$6.55 per 100G"
      }
    }
  },
  {
    "id": "the-bar-counter-high-protein-raspberry-truffle",
    "brand": "The Bar Counter",
    "name": "High Protein Raspberry Truffle",
    "imageUrl": "https://shop.coles.com.au/wcsstore/Coles-CAS/images/1/7/5/1751235-th.jpg",
    "categories": ["healthy-living"],
    "tags": ["healthier-choices", "healthier-snacking"],
    "locations": {
      "vic": {
        "price": 2.5,
        "promoText": "Any 2 $4",
        "packageSize": "",
        "packagePrice": ""
      }
    }
  },
  {
    "id": "chic-nuts-lightly-salted",
    "brand": "The Happy Snack Company",
    "name": "Lightly Salted Crunchy Roasted Chickpeas",
    "imageUrl": "https://shop.coles.com.au/wcsstore/Coles-CAS/images/1/4/6/1469510-th.jpg",
    "categories": ["healthy-living"],
    "tags": ["healthier-choices", "healthier-snacking"],
    "locations": {
      "vic": {
        "price": 5.35,
        "promoText": " ",
        "packageSize": "200g",
        "packagePrice": "$2.68 per 100G"
      }
    }
  },
  {
    "id": "wholesome-foods-straws-wasabi-mayo-chips-gf",
    "brand": "Wholesome Food Company",
    "name": "Gluten Free Quinoa & Chia Straws With Wasabi Chips",
    "imageUrl": "https://shop.coles.com.au/wcsstore/Coles-CAS/images/3/1/4/3145000-th.jpg",
    "categories": ["healthy-living"],
    "tags": ["healthier-choices", "healthier-snacking"],
    "locations": {
      "vic": {
        "price": 5,
        "promoText": " ",
        "packageSize": "120g",
        "packagePrice": "$4.17 per 100G"
      }
    }
  },
  {
    "id": "ajitas-vege-rice-crackers-sour-cream-chives",
    "brand": "Ajitas",
    "name": "Sour Cream & Chives Vege Rice Crackers",
    "imageUrl": "https://shop.coles.com.au/wcsstore/Coles-CAS/images/3/5/5/3554199-th.jpg",
    "categories": ["healthy-living"],
    "tags": ["healthier-choices", "healthier-snacking"],
    "locations": {
      "vic": {
        "price": 3.8,
        "promoText": " ",
        "packageSize": "75g",
        "packagePrice": "$5.07 per 100G"
      }
    }
  },
  {
    "id": "vege-twists-cheeese-max",
    "brand": "Ajitas",
    "name": "Cheeese Max With Potato & Lentils Vege Twists",
    "imageUrl": "https://shop.coles.com.au/wcsstore/Coles-CAS/images/3/5/3/3539093-th.jpg",
    "categories": ["healthy-living"],
    "tags": ["healthier-choices", "healthier-snacking"],
    "locations": {
      "vic": {
        "price": 3.8,
        "promoText": " ",
        "packageSize": "75g",
        "packagePrice": "$5.07 per 100G"
      }
    }
  },
  {
    "id": "coles-simply-gluten-free-biscuits-anzac",
    "brand": "Coles",
    "name": "I'M Free From Anzac Biscuits",
    "imageUrl": "https://shop.coles.com.au/wcsstore/Coles-CAS/images/1/2/2/1224524-th.jpg",
    "categories": ["healthy-living"],
    "tags": ["healthier-choices", "healthier-snacking"],
    "locations": {
      "vic": {
        "price": 3,
        "promoText": " ",
        "packageSize": "160g",
        "packagePrice": "$1.88 per 100G"
      }
    }
  },
  {
    "id": "coles-simply-gluten-free-biscuits-stem-ginger",
    "brand": "Coles",
    "name": "I'M Free From Stem Ginger Cookies",
    "imageUrl": "https://shop.coles.com.au/wcsstore/Coles-CAS/images/1/2/2/1224535-th.jpg",
    "categories": ["healthy-living"],
    "tags": ["healthier-choices", "healthier-snacking"],
    "locations": {
      "vic": {
        "price": 2.75,
        "promoText": "Was $3.00 on Sep 2018 ",
        "packageSize": "160g",
        "packagePrice": "$1.72 per 100G"
      }
    }
  },
  {
    "id": "coles-gluten-free-double-choc-biscuits-3129998p",
    "brand": "Coles",
    "name": "I'M Free From Double Choc Biscuits",
    "imageUrl": "https://shop.coles.com.au/wcsstore/Coles-CAS/images/3/1/2/3129998-th.jpg",
    "categories": ["healthy-living"],
    "tags": ["healthier-choices", "healthier-snacking"],
    "locations": {
      "vic": {
        "price": 3.5,
        "promoText": " ",
        "packageSize": "165g",
        "packagePrice": "$2.12 per 100G"
      }
    }
  },
  {
    "id": "coles-gluten-free-organic-brown-rice-cakes",
    "brand": "Coles",
    "name": "Gluten Free Organic Brown Rice Cakes",
    "imageUrl": "https://shop.coles.com.au/wcsstore/Coles-CAS/images/3/5/6/3568772-th.jpg",
    "categories": ["healthy-living"],
    "tags": ["healthier-choices", "healthier-snacking"],
    "locations": {
      "vic": {
        "price": 2.5,
        "promoText": " ",
        "packageSize": "150g",
        "packagePrice": "$1.67 per 100G"
      }
    }
  },
  {
    "id": "messy-monkeys-chocolate-rice-puff-bars",
    "brand": "Freedom Foods",
    "name": "Messy Monkeys Chocolate Rice Puff Bars 6 pack",
    "imageUrl": "https://shop.coles.com.au/wcsstore/Coles-CAS/images/3/5/6/3569028-th.jpg",
    "categories": ["healthy-living"],
    "tags": ["healthier-choices", "healthier-snacking"],
    "locations": {
      "vic": {
        "price": 5.5,
        "promoText": " ",
        "packageSize": "96g",
        "packagePrice": "$5.73 per 100G"
      }
    }
  },
  {
    "id": "golden-days-citrus-fruit-salad-bites-5-pack",
    "brand": "Golden Days",
    "name": "Citrus Fruit Salad Bites 5 Pack",
    "imageUrl": "https://shop.coles.com.au/wcsstore/Coles-CAS/images/7/2/4/7241184-th.jpg",
    "categories": ["healthy-living"],
    "tags": ["healthier-choices", "healthier-snacking"],
    "locations": {
      "vic": {
        "price": 4,
        "promoText": " ",
        "packageSize": "175g",
        "packagePrice": "$2.29 per 100G"
      }
    }
  },
  {
    "id": "golden-days-dark-chocolate-sesame-snaps-3-pack",
    "brand": "Golden Days",
    "name": "Dark Chocolate Sesame Snaps",
    "imageUrl": "https://shop.coles.com.au/wcsstore/Coles-CAS/images/6/6/3/6638070-th.jpg",
    "categories": ["healthy-living"],
    "tags": ["healthier-choices", "healthier-snacking"],
    "locations": {
      "vic": {
        "price": 3.3,
        "promoText": " ",
        "packageSize": "120g",
        "packagePrice": "$2.75 per 100G"
      }
    }
  },
  {
    "id": "golden-days-bites-apricot-multi",
    "brand": "Golden Days",
    "name": "Bites Apricot Multi",
    "imageUrl": "https://shop.coles.com.au/wcsstore/Coles-CAS/images/9/8/0/9806851-th.jpg",
    "categories": ["healthy-living"],
    "tags": ["healthier-choices", "healthier-snacking"],
    "locations": {
      "vic": {
        "price": 4.5,
        "promoText": " ",
        "packageSize": "200g",
        "packagePrice": "$2.25 per 100G"
      }
    }
  },
  {
    "id": "kezs-free-gf-almond-florentine",
    "brand": "Kez's Kitchen",
    "name": "Gluten Free Almond Florentine Biscuits",
    "imageUrl": "https://shop.coles.com.au/wcsstore/Coles-CAS/images/1/4/6/1464175-th.jpg",
    "categories": ["healthy-living"],
    "tags": ["healthier-choices", "healthier-snacking"],
    "locations": {
      "vic": {
        "price": 7,
        "promoText": " ",
        "packageSize": "180g",
        "packagePrice": "$3.89 per 100G"
      }
    }
  },
  {
    "id": "pana-chocolate-raw-cacao",
    "brand": "Pana Organic",
    "name": "Chocolate",
    "imageUrl": "https://shop.coles.com.au/wcsstore/Coles-CAS/images/3/0/3/3036208-th.jpg",
    "categories": ["healthy-living"],
    "tags": ["healthier-choices", "healthier-snacking"],
    "locations": {
      "vic": {
        "price": 6,
        "promoText": " ",
        "packageSize": "45g",
        "packagePrice": "$13.33 per 100G"
      }
    }
  },
  {
    "id": "pana-chocolate-nut-3036219p",
    "brand": "Pana Organic",
    "name": "Hazelnut Chocolate",
    "imageUrl": "https://shop.coles.com.au/wcsstore/Coles-CAS/images/3/0/3/3036219-th.jpg",
    "categories": ["healthy-living"],
    "tags": ["healthier-choices", "healthier-snacking"],
    "locations": {
      "vic": {
        "price": 6,
        "promoText": " ",
        "packageSize": "45g",
        "packagePrice": "$13.33 per 100G"
      }
    }
  },
  {
    "id": "sunrice-mini-bites-chicken-8-pack",
    "brand": "Sunrice",
    "name": "Mini Bites Chicken 8 pack",
    "imageUrl": "https://shop.coles.com.au/wcsstore/Coles-CAS/images/1/9/9/1994995-th.jpg",
    "categories": ["healthy-living"],
    "tags": ["healthier-choices", "healthier-snacking"],
    "locations": {
      "vic": {
        "price": 4,
        "promoText": "Was $5.00 on Nov 2017 ",
        "packageSize": "160g",
        "packagePrice": "$2.50 per 100G"
      }
    }
  },
  {
    "id": "sunrice-mini-bites-original-8pk",
    "brand": "Sunrice",
    "name": "Mini Bites Original 8pk",
    "imageUrl": "https://shop.coles.com.au/wcsstore/Coles-CAS/images/1/9/9/1999241-th.jpg",
    "categories": ["healthy-living"],
    "tags": ["healthier-choices", "healthier-snacking"],
    "locations": {
      "vic": {
        "price": 4,
        "promoText": "Was $5.00 on Nov 2017 ",
        "packageSize": "160g",
        "packagePrice": "$2.50 per 100G"
      }
    }
  },
  {
    "id": "the-bar-counter-high-protein-chocolate-brownie-crunch",
    "brand": "The Bar Counter",
    "name": "High Protein Chocolate Brownie Crunch",
    "imageUrl": "https://shop.coles.com.au/wcsstore/Coles-CAS/images/1/7/5/1751246-th.jpg",
    "categories": ["healthy-living"],
    "tags": ["healthier-choices", "healthier-snacking"],
    "locations": {
      "vic": {
        "price": 2.5,
        "promoText": "Any 2 $4",
        "packageSize": "",
        "packagePrice": ""
      }
    }
  },
  {
    "id": "happy-snacks-company-chickpeas-chocolate",
    "brand": "The Happy Snacks Company",
    "name": "Chocolate Roasted Chickpeas 5 Pack",
    "imageUrl": "https://shop.coles.com.au/wcsstore/Coles-CAS/images/3/5/5/3554100-th.jpg",
    "categories": ["healthy-living"],
    "tags": ["healthier-choices", "healthier-snacking"],
    "locations": {
      "vic": {
        "price": 5.3,
        "promoText": " ",
        "packageSize": "100g",
        "packagePrice": "$5.30 per 100G"
      }
    }
  },
  {
    "id": "wfc-organic-blue-corn-quinoa-chips",
    "brand": "The Wholesome Food Company",
    "name": "Organic Tortilla Corn & Quinoa Chips",
    "imageUrl": "https://shop.coles.com.au/wcsstore/Coles-CAS/images/3/5/5/3558371-th.jpg",
    "categories": ["healthy-living"],
    "tags": ["healthier-choices", "healthier-snacking"],
    "locations": {
      "vic": {
        "price": 5,
        "promoText": " ",
        "packageSize": "150g",
        "packagePrice": "$3.33 per 100G"
      }
    }
  },
  {
    "id": "vege-chips-sea-salt-malt-vinegar",
    "brand": "Vege",
    "name": "Original Sea Salt & Vinegar Chips",
    "imageUrl": "https://shop.coles.com.au/wcsstore/Coles-CAS/images/6/6/7/6675189-th.jpg",
    "categories": ["healthy-living"],
    "tags": ["healthier-choices", "healthier-snacking"],
    "locations": {
      "vic": {
        "price": 3.8,
        "promoText": " ",
        "packageSize": "100g",
        "packagePrice": "$3.80 per 100G"
      }
    }
  },
  {
    "id": "vege-deli-crisps-yellow-sweet-potato",
    "brand": "Vege Deli Crisps",
    "name": "Yellow Sweet Potato",
    "imageUrl": "https://shop.coles.com.au/wcsstore/Coles-CAS/images/3/1/2/3127926-th.jpg",
    "categories": ["healthy-living"],
    "tags": ["healthier-choices", "healthier-snacking"],
    "locations": {
      "vic": {
        "price": 5.5,
        "promoText": " ",
        "packageSize": "100g",
        "packagePrice": "$5.50 per 100G"
      }
    }
  },
  {
    "id": "bounce-protein-balls-coconut-macadamia",
    "brand": "Bounce",
    "name": "Gluten Free Coconut Macadamia Natural Energy Ball",
    "imageUrl": "https://shop.coles.com.au/wcsstore/Coles-CAS/images/1/4/9/1499602-th.jpg",
    "categories": ["healthy-living"],
    "tags": ["healthier-choices", "healthier-snacking"],
    "locations": {
      "vic": {
        "price": 3,
        "promoText": "Any 2 $4",
        "packageSize": "40g",
        "packagePrice": "$0.75 per 10G"
      }
    }
  },
  {
    "id": "coles-simply-gluten-free-pastry-cheese-twists",
    "brand": "Coles",
    "name": "I'M Free From Cheese Twists",
    "imageUrl": "https://shop.coles.com.au/wcsstore/Coles-CAS/images/1/2/5/1251403-th.jpg",
    "categories": ["healthy-living"],
    "tags": ["healthier-choices", "healthier-snacking"],
    "locations": {
      "vic": {
        "price": 2,
        "promoText": " ",
        "packageSize": "90g",
        "packagePrice": "$2.22 per 100G"
      }
    }
  },
  {
    "id": "coles-sesame-snaps-3-pack",
    "brand": "Coles",
    "name": "Gluten Free Sesame Snaps 3 pack",
    "imageUrl": "https://shop.coles.com.au/wcsstore/Coles-CAS/images/2/1/2/2123089-th.jpg",
    "categories": ["healthy-living"],
    "tags": ["healthier-choices", "healthier-snacking"],
    "locations": {
      "vic": {
        "price": 1.5,
        "promoText": " ",
        "packageSize": "120g",
        "packagePrice": "$1.25 per 100G"
      }
    }
  },
  {
    "id": "coles-organic-brown-rice-crackers-original",
    "brand": "Coles",
    "name": "Gluten Free Original Organic Brown Rice Crackers",
    "imageUrl": "https://shop.coles.com.au/wcsstore/Coles-CAS/images/3/1/1/3114210-th.jpg",
    "categories": ["healthy-living"],
    "tags": ["healthier-choices", "healthier-snacking"],
    "locations": {
      "vic": {
        "price": 2,
        "promoText": "Was $2.50 on Sep 2018 ",
        "packageSize": "100g",
        "packagePrice": "$2.00 per 100G"
      }
    }
  },
  {
    "id": "coles-gluten-free-sugar-free-cookie",
    "brand": "Coles",
    "name": "I'M Free From Sugar Free Chocolate Chip Cookies",
    "imageUrl": "https://shop.coles.com.au/wcsstore/Coles-CAS/images/3/1/2/3129783-th.jpg",
    "categories": ["healthy-living"],
    "tags": ["healthier-choices", "healthier-snacking"],
    "locations": {
      "vic": {
        "price": 3.5,
        "promoText": " ",
        "packageSize": "160g",
        "packagePrice": "$2.19 per 100G"
      }
    }
  },
  {
    "id": "coles-organic-gluten-free-cheese-corn-chips",
    "brand": "Coles",
    "name": "I'M Free From Cheddar Cheese Corn Chips",
    "imageUrl": "https://shop.coles.com.au/wcsstore/Coles-CAS/images/3/1/3/3138911-th.jpg",
    "categories": ["healthy-living"],
    "tags": ["healthier-choices", "healthier-snacking"],
    "locations": {
      "vic": {
        "price": 2.5,
        "promoText": " ",
        "packageSize": "200g",
        "packagePrice": "$1.25 per 100G"
      }
    }
  },
  {
    "id": "coles-gluten-free-kids-cheeky-monkey-choc",
    "brand": "Coles",
    "name": "Gluten Free Kids Cheeky Choc Monkey Biscuits",
    "imageUrl": "https://shop.coles.com.au/wcsstore/Coles-CAS/images/3/1/2/3128532-th.jpg",
    "categories": ["healthy-living"],
    "tags": ["healthier-choices", "healthier-snacking"],
    "locations": {
      "vic": {
        "price": 3.5,
        "promoText": " ",
        "packageSize": "150g",
        "packagePrice": "$2.33 per 100G"
      }
    }
  },
  {
    "id": "coles-gluten-free-choc-mint-creme-biscuits-3130206p",
    "brand": "Coles",
    "name": "I'M Free From Chocmint Creme Biscuits",
    "imageUrl": "https://shop.coles.com.au/wcsstore/Coles-CAS/images/3/1/3/3130206-th.jpg",
    "categories": ["healthy-living"],
    "tags": ["healthier-choices", "healthier-snacking"],
    "locations": {
      "vic": {
        "price": 3.5,
        "promoText": " ",
        "packageSize": "145g",
        "packagePrice": "$2.41 per 100G"
      }
    }
  },
  {
    "id": "eskal-pretzels",
    "brand": "Eskal",
    "name": "Gluten Free Pretzels",
    "imageUrl": "https://shop.coles.com.au/wcsstore/Coles-CAS/images/4/5/9/4599308-th.jpg",
    "categories": ["healthy-living"],
    "tags": ["healthier-choices", "healthier-snacking"],
    "locations": {
      "vic": {
        "price": 2.15,
        "promoText": " ",
        "packageSize": "75g",
        "packagePrice": "$2.87 per 100G"
      }
    }
  },
  {
    "id": "favva-beans-sea-salt-vinegar",
    "brand": "Favva Beans",
    "name": "Sea Salt & Vinegar",
    "imageUrl": "https://shop.coles.com.au/wcsstore/Coles-CAS/images/2/9/0/2903827-th.jpg",
    "categories": ["healthy-living"],
    "tags": ["healthier-choices", "healthier-snacking"],
    "locations": {
      "vic": {
        "price": 5.3,
        "promoText": " ",
        "packageSize": "150g",
        "packagePrice": "$3.53 per 100G"
      }
    }
  },
  {
    "id": "fine-fettle-flats-cauliflower-turmeric",
    "brand": "Fine Fettle",
    "name": "Gluten Free Flats Cauliflower & Turmeric",
    "imageUrl": "https://shop.coles.com.au/wcsstore/Coles-CAS/images/3/1/1/3118550-th.jpg",
    "categories": ["healthy-living"],
    "tags": ["healthier-choices", "healthier-snacking"],
    "locations": {
      "vic": {
        "price": 7,
        "promoText": " ",
        "packageSize": "80g",
        "packagePrice": "$8.75 per 100G"
      }
    }
  },
  {
    "id": "messy-monkeys-chicken-bites",
    "brand": "Freedom Foods",
    "name": "Messy Monkeys Chicken Flavour Whole Grain Bites",
    "imageUrl": "https://shop.coles.com.au/wcsstore/Coles-CAS/images/3/5/6/3568965-th.jpg",
    "categories": ["healthy-living"],
    "tags": ["healthier-choices", "healthier-snacking"],
    "locations": {
      "vic": {
        "price": 3.5,
        "promoText": "$3.50 ",
        "packageSize": "160g",
        "packagePrice": "$2.19 per 100G"
      }
    }
  },
  {
    "id": "golden-days-apricot-coconut-slice",
    "brand": "Golden Days",
    "name": "Apricot & Coconut Slice",
    "imageUrl": "https://shop.coles.com.au/wcsstore/Coles-CAS/images/5/2/1/5219173-th.jpg",
    "categories": ["healthy-living"],
    "tags": ["healthier-choices", "healthier-snacking"],
    "locations": {
      "vic": {
        "price": 2.4,
        "promoText": " ",
        "packageSize": "150g",
        "packagePrice": "$1.60 per 100G"
      }
    }
  },
  {
    "id": "golden-days-sesame-snaps-mini-gluten-free",
    "brand": "Golden Days",
    "name": "Mini Sesame Snaps Gluten Free",
    "imageUrl": "https://shop.coles.com.au/wcsstore/Coles-CAS/images/4/6/0/4603154-th.jpg",
    "categories": ["healthy-living"],
    "tags": ["healthier-choices", "healthier-snacking"],
    "locations": {
      "vic": {
        "price": 5.4,
        "promoText": " ",
        "packageSize": "200g",
        "packagePrice": "$2.70 per 100G"
      }
    }
  },
  {
    "id": "healtheries-kidscare-twirls-pizza",
    "brand": "Healtheries",
    "name": "KidsCare Pizza Flavour Oven Baked Twirls",
    "imageUrl": "https://shop.coles.com.au/wcsstore/Coles-CAS/images/3/5/5/3557404-th.jpg",
    "categories": ["healthy-living"],
    "tags": ["healthier-choices", "healthier-snacking"],
    "locations": {
      "vic": {
        "price": 5.3,
        "promoText": " ",
        "packageSize": "144g",
        "packagePrice": "$3.68 per 100G"
      }
    }
  },
  {
    "id": "healtheries-kidscare-twirls-chick",
    "brand": "Healtheries",
    "name": "KidsCare Chicken Flavour Oven Baked Twirls 8 pack",
    "imageUrl": "https://shop.coles.com.au/wcsstore/Coles-CAS/images/3/5/5/3557380-th.jpg",
    "categories": ["healthy-living"],
    "tags": ["healthier-choices", "healthier-snacking"],
    "locations": {
      "vic": {
        "price": 5.3,
        "promoText": " ",
        "packageSize": "144g",
        "packagePrice": "$3.68 per 100G"
      }
    }
  },
  {
    "id": "kez-s-gf-salted-caramel-pretzel-florentines",
    "brand": "Kez's Kitchen",
    "name": "Gluten Free  Salted Caramel & Pretzel Florentines",
    "imageUrl": "https://shop.coles.com.au/wcsstore/Coles-CAS/images/3/7/5/3757265-th.jpg",
    "categories": ["healthy-living"],
    "tags": ["healthier-choices", "healthier-snacking"],
    "locations": {
      "vic": {
        "price": 7,
        "promoText": " ",
        "packageSize": "150g",
        "packagePrice": "$4.67 per 100G"
      }
    }
  },
  {
    "id": "messy-monkeys-gluten-free-popcorn-lightly-salted",
    "brand": "Messy Monkeys",
    "name": "Popcorn Lightly Salted",
    "imageUrl": "https://shop.coles.com.au/wcsstore/Coles-CAS/images/3/1/2/3125498-th.jpg",
    "categories": ["healthy-living"],
    "tags": ["healthier-choices", "healthier-snacking"],
    "locations": {
      "vic": {
        "price": 5.5,
        "promoText": " ",
        "packageSize": "130g",
        "packagePrice": "$4.23 per 100G"
      }
    }
  },
  {
    "id": "artisse-organic-aribar-chocolate",
    "brand": "Mighty Bellies",
    "name": "Brown Rice Cocoa Flavour Crispy 6 Bars",
    "imageUrl": "https://shop.coles.com.au/wcsstore/Coles-CAS/images/6/4/2/6429353-th.jpg",
    "categories": ["healthy-living"],
    "tags": ["healthier-choices", "healthier-snacking"],
    "locations": {
      "vic": {
        "price": 6,
        "promoText": " ",
        "packageSize": "120g",
        "packagePrice": "$5.00 per 100G"
      }
    }
  },
  {
    "id": "olinas-bakehouse-gluten-free-crackers",
    "brand": "Olina's Bakehouse",
    "name": "Gluten Free Fig & Sunflower Seed Artisan Crackers",
    "imageUrl": "https://shop.coles.com.au/wcsstore/Coles-CAS/images/3/1/1/3119087-th.jpg",
    "categories": ["healthy-living"],
    "tags": ["healthier-choices", "healthier-snacking"],
    "locations": {
      "vic": {
        "price": 5,
        "promoText": " ",
        "packageSize": "100g",
        "packagePrice": "$5.00 per 100G"
      }
    }
  },
  {
    "id": "olinas-bakehouse-seeded-crackers-pepita-seed-gf",
    "brand": "Olina's Bakehouse",
    "name": "No Gluten Pepita Seeded Crackers",
    "imageUrl": "https://shop.coles.com.au/wcsstore/Coles-CAS/images/3/5/5/3553378-th.jpg",
    "categories": ["healthy-living"],
    "tags": ["healthier-choices", "healthier-snacking"],
    "locations": {
      "vic": {
        "price": 5,
        "promoText": " ",
        "packageSize": "100g",
        "packagePrice": "$5.00 per 100G"
      }
    }
  },
  {
    "id": "the-bar-counter-no-added-sugar-dark-chocolate-cherry",
    "brand": "The Bar Counter",
    "name": "Chocolate Brownie Espresso Energy Bar",
    "imageUrl": "https://shop.coles.com.au/wcsstore/Coles-CAS/images/1/7/5/1751392-th.jpg",
    "categories": ["healthy-living"],
    "tags": ["healthier-choices", "healthier-snacking"],
    "locations": {
      "vic": {
        "price": 2.5,
        "promoText": "Any 2 $4",
        "packageSize": "",
        "packagePrice": ""
      }
    }
  },
  {
    "id": "the-bar-counter-high-protein-chocolate-mint-bar",
    "brand": "The Bar Counter",
    "name": "High Protein Chocolate Mint Bar",
    "imageUrl": "https://shop.coles.com.au/wcsstore/Coles-CAS/images/1/9/9/1995229-th.jpg",
    "categories": ["healthy-living"],
    "tags": ["healthier-choices", "healthier-snacking"],
    "locations": {
      "vic": {
        "price": 2.5,
        "promoText": "Any 2 $4",
        "packageSize": "40g",
        "packagePrice": "$6.25 per 100G"
      }
    }
  },
  {
    "id": "favva-beans-lightly-salted",
    "brand": "The Happy Snack Company",
    "name": "Crunchy Roasted Favva Beans Lightly Salted",
    "imageUrl": "https://shop.coles.com.au/wcsstore/Coles-CAS/images/2/9/0/2903838-th.jpg",
    "categories": ["healthy-living"],
    "tags": ["healthier-choices", "healthier-snacking"],
    "locations": {
      "vic": {
        "price": 5.3,
        "promoText": " ",
        "packageSize": "150g",
        "packagePrice": "$3.53 per 100G"
      }
    }
  },
  {
    "id": "tom-lukes-snack-balls-salted-caramel",
    "brand": "Tom & Luke",
    "name": "Salted Caramel Snackaballs",
    "imageUrl": "https://shop.coles.com.au/wcsstore/Coles-CAS/images/3/2/7/3278728-th.jpg",
    "categories": ["healthy-living"],
    "tags": ["healthier-choices", "healthier-snacking"],
    "locations": {
      "vic": {
        "price": 2,
        "promoText": "$1.00 ",
        "packageSize": "70g",
        "packagePrice": "$2.86 per 100G"
      }
    }
  },
  {
    "id": "vege-chips-sweet-sour",
    "brand": "Vege",
    "name": "Original Sweet & Sour Chips",
    "imageUrl": "https://shop.coles.com.au/wcsstore/Coles-CAS/images/6/6/7/6675699-th.jpg",
    "categories": ["healthy-living"],
    "tags": ["healthier-choices", "healthier-snacking"],
    "locations": {
      "vic": {
        "price": 3.8,
        "promoText": " ",
        "packageSize": "100g",
        "packagePrice": "$3.80 per 100G"
      }
    }
  },
  {
    "id": "bounce-protein-balls-almond-hit",
    "brand": "Bounce",
    "name": "Gluten Free Almond Natural Energy Ball",
    "imageUrl": "https://shop.coles.com.au/wcsstore/Coles-CAS/images/1/4/9/1499588-th.jpg",
    "categories": ["healthy-living"],
    "tags": ["healthier-choices", "healthier-snacking"],
    "locations": {
      "vic": {
        "price": 3,
        "promoText": "Any 2 $4",
        "packageSize": "49g",
        "packagePrice": "$0.61 per 10G"
      }
    }
  },
  {
    "id": "bounce-protein-balls-peanut-blast",
    "brand": "Bounce",
    "name": "Gluten Free Peanut Energy Protein Ball",
    "imageUrl": "https://shop.coles.com.au/wcsstore/Coles-CAS/images/1/4/9/1499577-th.jpg",
    "categories": ["healthy-living"],
    "tags": ["healthier-choices", "healthier-snacking"],
    "locations": {
      "vic": {
        "price": 3,
        "promoText": "Any 2 $4",
        "packageSize": "49g",
        "packagePrice": "$0.61 per 10G"
      }
    }
  },
  {
    "id": "bounce-cacao-mint-protein-balls",
    "brand": "Bounce",
    "name": "Gluten Free Cacao Mint Protein Energy Ball",
    "imageUrl": "https://shop.coles.com.au/wcsstore/Coles-CAS/images/1/8/3/1838435-th.jpg",
    "categories": ["healthy-living"],
    "tags": ["healthier-choices", "healthier-snacking"],
    "locations": {
      "vic": {
        "price": 3,
        "promoText": "Any 2 $4",
        "packageSize": "42g",
        "packagePrice": "$0.71 per 10G"
      }
    }
  },
  {
    "id": "plant-power-cashew-peanut",
    "brand": "Bounce",
    "name": "Gluten Free Plant Protein Peanut Butter Cacao Energy Ball",
    "imageUrl": "https://shop.coles.com.au/wcsstore/Coles-CAS/images/3/0/1/3014045-th.jpg",
    "categories": ["healthy-living"],
    "tags": ["healthier-choices", "healthier-snacking"],
    "locations": {
      "vic": {
        "price": 3,
        "promoText": "Any 2 $4",
        "packageSize": "40g",
        "packagePrice": "$0.75 per 10G"
      }
    }
  },
  {
    "id": "butterfingers-biscuits-shortbread",
    "brand": "Butterfingers",
    "name": "Shortbread Biscuits",
    "imageUrl": "https://shop.coles.com.au/wcsstore/Coles-CAS/images/7/8/7/7878170-th.jpg",
    "categories": ["healthy-living"],
    "tags": ["healthier-choices", "healthier-snacking"],
    "locations": {
      "vic": {
        "price": 4.9,
        "promoText": " ",
        "packageSize": "175g",
        "packagePrice": "$2.80 per 100G"
      }
    }
  },
  {
    "id": "coles-organic-roasted-seaweed-snacks-sriracha-flavoured",
    "brand": "Coles",
    "name": "Organic Roasted Seaweed Sriracha Flavoured Snack",
    "imageUrl": "https://shop.coles.com.au/wcsstore/Coles-CAS/images/3/1/3/3138944-th.jpg",
    "categories": ["healthy-living"],
    "tags": ["healthier-choices", "healthier-snacking"],
    "locations": {
      "vic": {
        "price": 1.8,
        "promoText": " ",
        "packageSize": "5g",
        "packagePrice": "$36.00 per 100G"
      }
    }
  },
  {
    "id": "coles-im-free-from-scotch-fingers",
    "brand": "Coles",
    "name": "I'M Free From Scotch Fingers",
    "imageUrl": "https://shop.coles.com.au/wcsstore/Coles-CAS/images/3/5/6/3566121-th.jpg",
    "categories": ["healthy-living"],
    "tags": ["healthier-choices", "healthier-snacking"],
    "locations": {
      "vic": {
        "price": 3,
        "promoText": " ",
        "packageSize": "175g",
        "packagePrice": "$1.71 per 100G"
      }
    }
  },
  {
    "id": "eat-rite-rice-crackers-tamari-brown-seaweed",
    "brand": "Eatrite",
    "name": "Tamari Brown Seaweed Rice Crackers",
    "imageUrl": "https://shop.coles.com.au/wcsstore/Coles-CAS/images/9/7/3/9735684-th.jpg",
    "categories": ["healthy-living"],
    "tags": ["healthier-choices", "healthier-snacking"],
    "locations": {
      "vic": {
        "price": 2.75,
        "promoText": "$0.95 ",
        "packageSize": "100g",
        "packagePrice": "$2.75 per 100G"
      }
    }
  },
  {
    "id": "favva-beans-red-pepper-chilli",
    "brand": "Favva Beans",
    "name": "Red Pepper & Chilli",
    "imageUrl": "https://shop.coles.com.au/wcsstore/Coles-CAS/images/2/9/0/2903816-th.jpg",
    "categories": ["healthy-living"],
    "tags": ["healthier-choices", "healthier-snacking"],
    "locations": {
      "vic": {
        "price": 5.3,
        "promoText": " ",
        "packageSize": "150g",
        "packagePrice": "$3.53 per 100G"
      }
    }
  },
  {
    "id": "fine-fettle-foods-flats-carrot-pepita-flats",
    "brand": "Fine Fettle",
    "name": "Gluten Free Flats Carrot & Pepita",
    "imageUrl": "https://shop.coles.com.au/wcsstore/Coles-CAS/images/3/0/1/3015354-th.jpg",
    "categories": ["healthy-living"],
    "tags": ["healthier-choices", "healthier-snacking"],
    "locations": {
      "vic": {
        "price": 7,
        "promoText": " ",
        "packageSize": "80g",
        "packagePrice": "$8.75 per 100G"
      }
    }
  },
  {
    "id": "food-for-health-bar-fruit-free",
    "brand": "Food for Health",
    "name": "Fruit Free Bar",
    "imageUrl": "https://shop.coles.com.au/wcsstore/Coles-CAS/images/7/8/8/7881700-th.jpg",
    "categories": ["healthy-living"],
    "tags": ["healthier-choices", "healthier-snacking"],
    "locations": {
      "vic": {
        "price": 7,
        "promoText": " ",
        "packageSize": "150g",
        "packagePrice": "$4.67 per 100G"
      }
    }
  },
  {
    "id": "messy-monkeys-tomato-sauce-bites",
    "brand": "Freedom Foods",
    "name": "Messy Monkeys Tomato Sauce Bites",
    "imageUrl": "https://shop.coles.com.au/wcsstore/Coles-CAS/images/3/5/6/3568910-th.jpg",
    "categories": ["healthy-living"],
    "tags": ["healthier-choices", "healthier-snacking"],
    "locations": {
      "vic": {
        "price": 3.5,
        "promoText": "$3.50 ",
        "packageSize": "160g",
        "packagePrice": "$2.19 per 100G"
      }
    }
  },
  {
    "id": "messy-monkeys-cheese-popcorn",
    "brand": "Freedom Foods",
    "name": "Messy Monkeys Cheese Popcorn",
    "imageUrl": "https://shop.coles.com.au/wcsstore/Coles-CAS/images/3/5/6/3569210-th.jpg",
    "categories": ["healthy-living"],
    "tags": ["healthier-choices", "healthier-snacking"],
    "locations": {
      "vic": {
        "price": 5.5,
        "promoText": " ",
        "packageSize": "130g",
        "packagePrice": "$4.23 per 100G"
      }
    }
  },
  {
    "id": "go-natural-bar-macadamia-dream",
    "brand": "Go Natural",
    "name": "Macadamia Dream Bar",
    "imageUrl": "https://shop.coles.com.au/wcsstore/Coles-CAS/images/6/6/3/6636165-th.jpg",
    "categories": ["healthy-living"],
    "tags": ["healthier-choices", "healthier-snacking"],
    "locations": {
      "vic": {
        "price": 2.5,
        "promoText": " ",
        "packageSize": "45g",
        "packagePrice": "$5.56 per 100G"
      }
    }
  },
  {
    "id": "gullon-sugar-free-digestive-biscuits",
    "brand": "Gullon",
    "name": "Sugar Free Digestive Biscuits",
    "imageUrl": "https://shop.coles.com.au/wcsstore/Coles-CAS/images/1/9/9/1992628-th.jpg",
    "categories": ["healthy-living"],
    "tags": ["healthier-choices", "healthier-snacking"],
    "locations": {
      "vic": {
        "price": 4.4,
        "promoText": " ",
        "packageSize": "400g",
        "packagePrice": "$1.10 per 100G"
      }
    }
  },
  {
    "id": "marys-gone-crackers-super-seed-crackers",
    "brand": "Mary's Gone Crackers",
    "name": "Super Seed Crackers",
    "imageUrl": "https://shop.coles.com.au/wcsstore/Coles-CAS/images/1/9/9/1994350-th.jpg",
    "categories": ["healthy-living"],
    "tags": ["healthier-choices", "healthier-snacking"],
    "locations": {
      "vic": {
        "price": 7.9,
        "promoText": " ",
        "packageSize": "155g",
        "packagePrice": "$5.10 per 100G"
      }
    }
  },
  {
    "id": "artisse-organic-aribar-vanilla-blast",
    "brand": "Mighty Bellies",
    "name": "Brown Rice Vanilla Flavour Crispy 6 Bars",
    "imageUrl": "https://shop.coles.com.au/wcsstore/Coles-CAS/images/6/6/4/6642011-th.jpg",
    "categories": ["healthy-living"],
    "tags": ["healthier-choices", "healthier-snacking"],
    "locations": {
      "vic": {
        "price": 6,
        "promoText": " ",
        "packageSize": "120g",
        "packagePrice": "$5.00 per 100G"
      }
    }
  },
  {
    "id": "olinas-bakehouse-gluten-free-crackers-3119076p",
    "brand": "Olina's Bakehouse",
    "name": "Gluten Free Cranberry & Pumpkin Seed Crackers",
    "imageUrl": "https://shop.coles.com.au/wcsstore/Coles-CAS/images/3/1/1/3119076-th.jpg",
    "categories": ["healthy-living"],
    "tags": ["healthier-choices", "healthier-snacking"],
    "locations": {
      "vic": {
        "price": 5,
        "promoText": " ",
        "packageSize": "100g",
        "packagePrice": "$5.00 per 100G"
      }
    }
  },
  {
    "id": "pana-chocolate-sour-cherry-vanilla",
    "brand": "Pana Organic",
    "name": "Sour Cherry & Vanilla Chocolate",
    "imageUrl": "https://shop.coles.com.au/wcsstore/Coles-CAS/images/3/0/3/3036150-th.jpg",
    "categories": ["healthy-living"],
    "tags": ["healthier-choices", "healthier-snacking"],
    "locations": {
      "vic": {
        "price": 6,
        "promoText": " ",
        "packageSize": "45g",
        "packagePrice": "$13.33 per 100G"
      }
    }
  },
  {
    "id": "pana-chocolate-mint",
    "brand": "Pana Organic",
    "name": "Mint Chocolate",
    "imageUrl": "https://shop.coles.com.au/wcsstore/Coles-CAS/images/3/0/3/3036172-th.jpg",
    "categories": ["healthy-living"],
    "tags": ["healthier-choices", "healthier-snacking"],
    "locations": {
      "vic": {
        "price": 6,
        "promoText": " ",
        "packageSize": "45g",
        "packagePrice": "$13.33 per 100G"
      }
    }
  },
  {
    "id": "simply-7-lentil-chips-honey-soy-chicken",
    "brand": "Simply 7",
    "name": "Lentil Chips Honey Soy Chicken",
    "imageUrl": "https://shop.coles.com.au/wcsstore/Coles-CAS/images/3/5/4/3548425-th.jpg",
    "categories": ["healthy-living"],
    "tags": ["healthier-choices", "healthier-snacking"],
    "locations": {
      "vic": {
        "price": 4.2,
        "promoText": "$1.05 ",
        "packageSize": "113g",
        "packagePrice": "$3.72 per 100G"
      }
    }
  },
  {
    "id": "simply-wize-corn-crunch",
    "brand": "Simply Wize",
    "name": "Corn Crunch",
    "imageUrl": "https://shop.coles.com.au/wcsstore/Coles-CAS/images/8/6/8/8682538-th.jpg",
    "categories": ["healthy-living"],
    "tags": ["healthier-choices", "healthier-snacking"],
    "locations": {
      "vic": {
        "price": 4.1,
        "promoText": " ",
        "packageSize": "150g",
        "packagePrice": "$2.73 per 100G"
      }
    }
  },
  {
    "id": "sue-shepherds-party-mix",
    "brand": "Simply Wize",
    "name": "Irresistible Party Mix",
    "imageUrl": "https://shop.coles.com.au/wcsstore/Coles-CAS/images/1/4/6/1466080-th.jpg",
    "categories": ["healthy-living"],
    "tags": ["healthier-choices", "healthier-snacking"],
    "locations": {
      "vic": {
        "price": 2.95,
        "promoText": "$0.75 ",
        "packageSize": "150g",
        "packagePrice": "$1.97 per 100G"
      }
    }
  },
  {
    "id": "sunrice-brown-rice-chips-wild-rice-3779789p",
    "brand": "Sunrice",
    "name": "Brown Rice Chips Wild Rice",
    "imageUrl": "https://shop.coles.com.au/wcsstore/Coles-CAS/images/3/7/7/3779789-th.jpg",
    "categories": ["healthy-living"],
    "tags": ["healthier-choices", "healthier-snacking"],
    "locations": {
      "vic": {
        "price": 5,
        "promoText": " ",
        "packageSize": "150g",
        "packagePrice": "$3.33 per 100G"
      }
    }
  },
  {
    "id": "table-of-plenty-milk-choc-mini-rice-cakes",
    "brand": "Table Of Plenty",
    "name": "Milk Chocolate Mini Rice Cakes",
    "imageUrl": "https://shop.coles.com.au/wcsstore/Coles-CAS/images/3/5/5/3550358-th.jpg",
    "categories": ["healthy-living"],
    "tags": ["healthier-choices", "healthier-snacking"],
    "locations": {
      "vic": {
        "price": 5.5,
        "promoText": " ",
        "packageSize": "84g",
        "packagePrice": "$6.55 per 100G"
      }
    }
  },
  {
    "id": "the-happy-snack-company-kids-roasted-pizza-fav-va-beans-10-pack",
    "brand": "The Happy Snack Company",
    "name": "Kids Roasted Pizza Fav-Va Beans 10 pack",
    "imageUrl": "https://shop.coles.com.au/wcsstore/Coles-CAS/images/2/5/0/2508040-th.jpg",
    "categories": ["healthy-living"],
    "tags": ["healthier-choices", "healthier-snacking"],
    "locations": {
      "vic": {
        "price": 5.3,
        "promoText": " ",
        "packageSize": "150g",
        "packagePrice": "$3.53 per 100G"
      }
    }
  },
  {
    "id": "happy-snacks-chic-peas-lightly-salted",
    "brand": "The Happy Snack Company",
    "name": "Lightly Salted Crunchy Roasted Chickpeas 6 Pack",
    "imageUrl": "https://shop.coles.com.au/wcsstore/Coles-CAS/images/3/0/1/3015296-th.jpg",
    "categories": ["healthy-living"],
    "tags": ["healthier-choices", "healthier-snacking"],
    "locations": {
      "vic": {
        "price": 5.3,
        "promoText": " ",
        "packageSize": "150g",
        "packagePrice": "$3.53 per 100G"
      }
    }
  },
  {
    "id": "well-naturally-chocolate-mint-sugar-free-bar",
    "brand": "Well Naturally",
    "name": "Chocolate Mint Sugar Free Bar",
    "imageUrl": "https://shop.coles.com.au/wcsstore/Coles-CAS/images/6/6/5/6652886-th.jpg",
    "categories": ["healthy-living"],
    "tags": ["healthier-choices", "healthier-snacking"],
    "locations": {
      "vic": {
        "price": 2.85,
        "promoText": " ",
        "packageSize": "45g",
        "packagePrice": "$6.33 per 100G"
      }
    }
  },
  {
    "id": "wholesome-food-veg-corn-cauli-cheese-chips-gf",
    "brand": "Wholesome Food Company",
    "name": "Gluten Free Corn Chips With Veg Cauliflower Linseed & Cheddar Cheese",
    "imageUrl": "https://shop.coles.com.au/wcsstore/Coles-CAS/images/3/1/4/3145010-th.jpg",
    "categories": ["healthy-living"],
    "tags": ["healthier-choices", "healthier-snacking"],
    "locations": {
      "vic": {
        "price": 5,
        "promoText": " ",
        "packageSize": "150g",
        "packagePrice": "$3.33 per 100G"
      }
    }
  },
  {
    "id": "wholesome-foods-lentil-harissa-twists-chips-gf",
    "brand": "Wholesome Food Company",
    "name": "Gluten Free Lentil Harissa Twists Chips",
    "imageUrl": "https://shop.coles.com.au/wcsstore/Coles-CAS/images/3/1/4/3144991-th.jpg",
    "categories": ["healthy-living"],
    "tags": ["healthier-choices", "healthier-snacking"],
    "locations": {
      "vic": {
        "price": 5,
        "promoText": " ",
        "packageSize": "120g",
        "packagePrice": "$4.17 per 100G"
      }
    }
  },
  {
    "id": "vege-chips-chicken-style",
    "brand": "Ajitas",
    "name": "Gluten Free Vege Chicken Style Chips",
    "imageUrl": "https://shop.coles.com.au/wcsstore/Coles-CAS/images/3/1/2/3127937-th.jpg",
    "categories": ["healthy-living"],
    "tags": ["healthier-choices", "healthier-snacking"],
    "locations": {
      "vic": {
        "price": 3.8,
        "promoText": " ",
        "packageSize": "100g",
        "packagePrice": "$3.80 per 100G"
      }
    }
  },
  {
    "id": "beauty-bites-raspberry-white-chocolate",
    "brand": "Beauty Bites",
    "name": "White Choc Raspberry",
    "imageUrl": "https://shop.coles.com.au/wcsstore/Coles-CAS/images/3/7/5/3756455-th.jpg",
    "categories": ["healthy-living"],
    "tags": ["healthier-choices", "healthier-snacking"],
    "locations": {
      "vic": {
        "price": 3,
        "promoText": "$1.00 ",
        "packageSize": "32g",
        "packagePrice": "$9.38 per 100G"
      }
    }
  },
  {
    "id": "blue-dinosaur-protein-bar-peanut-butter-3278976p",
    "brand": "Blue Dinosaur",
    "name": "Protein Bar Peanut Butter",
    "imageUrl": "https://shop.coles.com.au/wcsstore/Coles-CAS/images/3/2/7/3278976-th.jpg",
    "categories": ["healthy-living"],
    "tags": ["healthier-choices", "healthier-snacking"],
    "locations": {
      "vic": {
        "price": 4.5,
        "promoText": " ",
        "packageSize": "60g",
        "packagePrice": "$7.50 per 100G"
      }
    }
  },
  {
    "id": "coles-simply-less-dark-chocolate-peppermint",
    "brand": "Coles",
    "name": "Dark Chocolate with Peppermint",
    "imageUrl": "https://shop.coles.com.au/wcsstore/Coles-CAS/images/9/9/4/9944196-th.jpg",
    "categories": ["healthy-living"],
    "tags": ["healthier-choices", "healthier-snacking"],
    "locations": {
      "vic": {
        "price": 4,
        "promoText": " ",
        "packageSize": "100g",
        "packagePrice": "$4.00 per 100G"
      }
    }
  },
  {
    "id": "coles-simply-gluten-free-lemon-white-chocolate-biscuits",
    "brand": "Coles",
    "name": "I'M Free From Lemon & White Chocolate Cookies",
    "imageUrl": "https://shop.coles.com.au/wcsstore/Coles-CAS/images/2/4/8/2481373-th.jpg",
    "categories": ["healthy-living"],
    "tags": ["healthier-choices", "healthier-snacking"],
    "locations": {
      "vic": {
        "price": 3,
        "promoText": " ",
        "packageSize": "160g",
        "packagePrice": "$1.88 per 100G"
      }
    }
  },
  {
    "id": "coles-gluten-free-cookies-cream-biscuits",
    "brand": "Coles",
    "name": "I'M Free From Cookies & Cream Biscuits",
    "imageUrl": "https://shop.coles.com.au/wcsstore/Coles-CAS/images/3/1/3/3130115-th.jpg",
    "categories": ["healthy-living"],
    "tags": ["healthier-choices", "healthier-snacking"],
    "locations": {
      "vic": {
        "price": 3.5,
        "promoText": " ",
        "packageSize": "120g",
        "packagePrice": "$2.92 per 100G"
      }
    }
  },
  {
    "id": "coles-gluten-free-custard-cream",
    "brand": "Coles",
    "name": "I'M Free From Custard Cream",
    "imageUrl": "https://shop.coles.com.au/wcsstore/Coles-CAS/images/3/1/2/3129820-th.jpg",
    "categories": ["healthy-living"],
    "tags": ["healthier-choices", "healthier-snacking"],
    "locations": {
      "vic": {
        "price": 3.5,
        "promoText": " ",
        "packageSize": "120g",
        "packagePrice": "$2.92 per 100G"
      }
    }
  },
  {
    "id": "coles-puffed-corn-chips-gf-sorghum-quinoa-chia",
    "brand": "Coles",
    "name": "I'M Free From Puffed Corn Chips Quinoa & Chia",
    "imageUrl": "https://shop.coles.com.au/wcsstore/Coles-CAS/images/3/1/3/3133000-th.jpg",
    "categories": ["healthy-living"],
    "tags": ["healthier-choices", "healthier-snacking"],
    "locations": {
      "vic": {
        "price": 3.5,
        "promoText": " ",
        "packageSize": "168g",
        "packagePrice": "$2.08 per 100G"
      }
    }
  },
  {
    "id": "coles-puffed-corn-chips-gf-sorghum-quinoa-chia-3132992p",
    "brand": "Coles",
    "name": "I'M Free From Corn Chips Quinoa & Chia Cheese",
    "imageUrl": "https://shop.coles.com.au/wcsstore/Coles-CAS/images/3/1/3/3132992-th.jpg",
    "categories": ["healthy-living"],
    "tags": ["healthier-choices", "healthier-snacking"],
    "locations": {
      "vic": {
        "price": 3.5,
        "promoText": " ",
        "packageSize": "168g",
        "packagePrice": "$2.08 per 100G"
      }
    }
  },
  {
    "id": "coles-organic-brown-gf-rice-crackers-chia",
    "brand": "Coles",
    "name": "Gluten Free Organic Brown Rice Crackers With Chia",
    "imageUrl": "https://shop.coles.com.au/wcsstore/Coles-CAS/images/3/1/1/3114221-th.jpg",
    "categories": ["healthy-living"],
    "tags": ["healthier-choices", "healthier-snacking"],
    "locations": {
      "vic": {
        "price": 2,
        "promoText": "Was $2.50 on Sep 2018 ",
        "packageSize": "100g",
        "packagePrice": "$2.00 per 100G"
      }
    }
  },
  {
    "id": "coles-im-free-from-sweet-salty-puffed-corn-chips",
    "brand": "Coles",
    "name": "I'M Free From Sweet & Salty Puffed Corn Chips",
    "imageUrl": "https://shop.coles.com.au/wcsstore/Coles-CAS/images/3/5/6/3566493-th.jpg",
    "categories": ["healthy-living"],
    "tags": ["healthier-choices", "healthier-snacking"],
    "locations": {
      "vic": {
        "price": 3,
        "promoText": " ",
        "packageSize": "100g",
        "packagePrice": "$3.00 per 100G"
      }
    }
  },
  {
    "id": "coles-im-free-from-shortbread-cream",
    "brand": "Coles",
    "name": "I'M Free From Shortbread Cream",
    "imageUrl": "https://shop.coles.com.au/wcsstore/Coles-CAS/images/3/5/6/3566030-th.jpg",
    "categories": ["healthy-living"],
    "tags": ["healthier-choices", "healthier-snacking"],
    "locations": {
      "vic": {
        "price": 3.5,
        "promoText": " ",
        "packageSize": "144g",
        "packagePrice": "$2.43 per 100G"
      }
    }
  },
  {
    "id": "coles-gluten-free-organic-brown-rice-cakes-chia",
    "brand": "Coles",
    "name": "Organic Brown Rice Cakes With Chia",
    "imageUrl": "https://shop.coles.com.au/wcsstore/Coles-CAS/images/3/5/6/3568819-th.jpg",
    "categories": ["healthy-living"],
    "tags": ["healthier-choices", "healthier-snacking"],
    "locations": {
      "vic": {
        "price": 2.5,
        "promoText": " ",
        "packageSize": "150g",
        "packagePrice": "$1.67 per 100G"
      }
    }
  },
  {
    "id": "coles-im-free-from-cheese-rings",
    "brand": "Coles",
    "name": "I'M Free From Cheese Rings",
    "imageUrl": "https://shop.coles.com.au/wcsstore/Coles-CAS/images/3/5/6/3566471-th.jpg",
    "categories": ["healthy-living"],
    "tags": ["healthier-choices", "healthier-snacking"],
    "locations": {
      "vic": {
        "price": 2,
        "promoText": " ",
        "packageSize": "90g",
        "packagePrice": "$2.22 per 100G"
      }
    }
  },
  {
    "id": "dr-schar-crackers",
    "brand": "Dr Schar",
    "name": "Crackers",
    "imageUrl": "https://shop.coles.com.au/wcsstore/Coles-CAS/images/1/4/6/1465316-th.jpg",
    "categories": ["healthy-living"],
    "tags": ["healthier-choices", "healthier-snacking"],
    "locations": {
      "vic": {
        "price": 8.15,
        "promoText": " ",
        "packageSize": "210g",
        "packagePrice": "$3.88 per 100G"
      }
    }
  },
  {
    "id": "eatrite-sea-salt-apple-cider-vinegar-crackers-gf",
    "brand": "Eatrite",
    "name": "Gluten Free Sea Salt & Apple Cider Vinegar Crackers",
    "imageUrl": "https://shop.coles.com.au/wcsstore/Coles-CAS/images/3/1/3/3134637-th.jpg",
    "categories": ["healthy-living"],
    "tags": ["healthier-choices", "healthier-snacking"],
    "locations": {
      "vic": {
        "price": 2.75,
        "promoText": "$0.95 ",
        "packageSize": "100g",
        "packagePrice": "$2.75 per 100G"
      }
    }
  },
  {
    "id": "edens-sesame-bar",
    "brand": "Edens",
    "name": "Sesame Bar",
    "imageUrl": "https://shop.coles.com.au/wcsstore/Coles-CAS/images/5/4/6/5469080-th.jpg",
    "categories": ["healthy-living"],
    "tags": ["healthier-choices", "healthier-snacking"],
    "locations": {
      "vic": {
        "price": 0.9,
        "promoText": " ",
        "packageSize": "45g",
        "packagePrice": "$2.00 per 100G"
      }
    }
  },
  {
    "id": "eskal-gluten-free-crackers",
    "brand": "Eskal",
    "name": "Crackers",
    "imageUrl": "https://shop.coles.com.au/wcsstore/Coles-CAS/images/4/4/2/4426004-th.jpg",
    "categories": ["healthy-living"],
    "tags": ["healthier-choices", "healthier-snacking"],
    "locations": {
      "vic": {
        "price": 4.7,
        "promoText": " ",
        "packageSize": "200g",
        "packagePrice": "$2.35 per 100G"
      }
    }
  },
  {
    "id": "fantastic-rice-squares-black-pepper",
    "brand": "Fantastic",
    "name": "Rice Squares Black Pepper",
    "imageUrl": "https://shop.coles.com.au/wcsstore/Coles-CAS/images/3/5/5/3558611-th.jpg",
    "categories": ["healthy-living"],
    "tags": ["healthier-choices", "healthier-snacking"],
    "locations": {
      "vic": {
        "price": 2.5,
        "promoText": " ",
        "packageSize": "100g",
        "packagePrice": "$2.50 per 100G"
      }
    }
  },
  {
    "id": "fantastic-rice-squares-lightly-salted",
    "brand": "Fantastic",
    "name": "Rice Squares Lightly Salted",
    "imageUrl": "https://shop.coles.com.au/wcsstore/Coles-CAS/images/3/5/5/3558305-th.jpg",
    "categories": ["healthy-living"],
    "tags": ["healthier-choices", "healthier-snacking"],
    "locations": {
      "vic": {
        "price": 2.5,
        "promoText": " ",
        "packageSize": "100g",
        "packagePrice": "$2.50 per 100G"
      }
    }
  },
  {
    "id": "fine-fettle-flats-beetroot-hazelnut",
    "brand": "Fine Fettle",
    "name": "Flats Beetroot & Hazelnut",
    "imageUrl": "https://shop.coles.com.au/wcsstore/Coles-CAS/images/3/5/5/3552660-th.jpg",
    "categories": ["healthy-living"],
    "tags": ["healthier-choices", "healthier-snacking"],
    "locations": {
      "vic": {
        "price": 7,
        "promoText": " ",
        "packageSize": "80g",
        "packagePrice": "$8.75 per 100G"
      }
    }
  },
  {
    "id": "food-for-health-bars-cacao-coffee-gf",
    "brand": "Food For Health",
    "name": "Fruit Free Bars With Coffee & Cacao",
    "imageUrl": "https://shop.coles.com.au/wcsstore/Coles-CAS/images/3/1/2/3121362-th.jpg",
    "categories": ["healthy-living"],
    "tags": ["healthier-choices", "healthier-snacking"],
    "locations": {
      "vic": {
        "price": 7,
        "promoText": " ",
        "packageSize": "150g",
        "packagePrice": "$4.67 per 100G"
      }
    }
  },
  {
    "id": "messy-monkeys-gluten-free-popcorn-sweet-salty",
    "brand": "Freedom Foods",
    "name": "Messy Monkeys Lightly Sweet & Salty Popcorn",
    "imageUrl": "https://shop.coles.com.au/wcsstore/Coles-CAS/images/3/1/2/3125487-th.jpg",
    "categories": ["healthy-living"],
    "tags": ["healthier-choices", "healthier-snacking"],
    "locations": {
      "vic": {
        "price": 5.5,
        "promoText": " ",
        "packageSize": "130g",
        "packagePrice": "$4.23 per 100G"
      }
    }
  },
  {
    "id": "go-natural-almond-cashew-bar",
    "brand": "Go Natural",
    "name": "Almond & Cashew Bar",
    "imageUrl": "https://shop.coles.com.au/wcsstore/Coles-CAS/images/8/3/7/8379290-th.jpg",
    "categories": ["healthy-living"],
    "tags": ["healthier-choices", "healthier-snacking"],
    "locations": {
      "vic": {
        "price": 1.95,
        "promoText": " ",
        "packageSize": "45g",
        "packagePrice": "$4.33 per 100G"
      }
    }
  },
  {
    "id": "go-natural-chopped-nut-delight-snack-bars",
    "brand": "Go Natural",
    "name": "Nut Delight Chopped Bars",
    "imageUrl": "https://shop.coles.com.au/wcsstore/Coles-CAS/images/6/6/3/6636132-th.jpg",
    "categories": ["healthy-living"],
    "tags": ["healthier-choices", "healthier-snacking"],
    "locations": {
      "vic": {
        "price": 5.4,
        "promoText": " ",
        "packageSize": "175g",
        "packagePrice": "$3.09 per 100G"
      }
    }
  },
  {
    "id": "go-natural-fruit-nut-yoghurt-bar",
    "brand": "Go Natural",
    "name": "Yoghurt Fruit & Nut Delight Bar",
    "imageUrl": "https://shop.coles.com.au/wcsstore/Coles-CAS/images/5/3/4/5344743-th.jpg",
    "categories": ["healthy-living"],
    "tags": ["healthier-choices", "healthier-snacking"],
    "locations": {
      "vic": {
        "price": 1.95,
        "promoText": " ",
        "packageSize": "50g",
        "packagePrice": "$3.90 per 100G"
      }
    }
  },
  {
    "id": "go-natural-yoghurt-almond-apricot-bar",
    "brand": "Go Natural",
    "name": "Yoghurt Almond & Apricot Bar",
    "imageUrl": "https://shop.coles.com.au/wcsstore/Coles-CAS/images/5/6/0/5604764-th.jpg",
    "categories": ["healthy-living"],
    "tags": ["healthier-choices", "healthier-snacking"],
    "locations": {
      "vic": {
        "price": 1.95,
        "promoText": " ",
        "packageSize": "40g",
        "packagePrice": "$4.88 per 100G"
      }
    }
  },
  {
    "id": "go-natural-fruit-snacks-nut-delight",
    "brand": "Go Natural",
    "name": "Nut Delight Bar",
    "imageUrl": "https://shop.coles.com.au/wcsstore/Coles-CAS/images/5/2/4/5248444-th.jpg",
    "categories": ["healthy-living"],
    "tags": ["healthier-choices", "healthier-snacking"],
    "locations": {
      "vic": {
        "price": 1.95,
        "promoText": " ",
        "packageSize": "40g",
        "packagePrice": "$4.88 per 100G"
      }
    }
  },
  {
    "id": "go-natural-berry-frugos",
    "brand": "Go Natural",
    "name": "Berry Frugos",
    "imageUrl": "https://shop.coles.com.au/wcsstore/Coles-CAS/images/9/2/9/9291004-th.jpg",
    "categories": ["healthy-living"],
    "tags": ["healthier-choices", "healthier-snacking"],
    "locations": {
      "vic": {
        "price": 6,
        "promoText": " ",
        "packageSize": "210g",
        "packagePrice": "$2.86 per 100G"
      }
    }
  },
  {
    "id": "golden-days-sesame-snaps-yoghurt",
    "brand": "Golden Days",
    "name": "Gluten Free Yoghurt Sesame Snaps",
    "imageUrl": "https://shop.coles.com.au/wcsstore/Coles-CAS/images/9/7/9/9799359-th.jpg",
    "categories": ["healthy-living"],
    "tags": ["healthier-choices", "healthier-snacking"],
    "locations": {
      "vic": {
        "price": 1.15,
        "promoText": " ",
        "packageSize": "40g",
        "packagePrice": "$2.88 per 100G"
      }
    }
  },
  {
    "id": "gullon-sugar-free-shortbread",
    "brand": "Gullon",
    "name": "Sugar Free Shortbread",
    "imageUrl": "https://shop.coles.com.au/wcsstore/Coles-CAS/images/1/4/7/1479252-th.jpg",
    "categories": ["healthy-living"],
    "tags": ["healthier-choices", "healthier-snacking"],
    "locations": {
      "vic": {
        "price": 4.4,
        "promoText": " ",
        "packageSize": "330g",
        "packagePrice": "$1.33 per 100G"
      }
    }
  },
  {
    "id": "kez-s-gluten-fre-raspberry-melting-moments",
    "brand": "Kez's",
    "name": "Gluten Free Raspberry Melting Moments",
    "imageUrl": "https://shop.coles.com.au/wcsstore/Coles-CAS/images/3/7/5/3757185-th.jpg",
    "categories": ["healthy-living"],
    "tags": ["healthier-choices", "healthier-snacking"],
    "locations": {
      "vic": {
        "price": 7,
        "promoText": " ",
        "packageSize": "190g",
        "packagePrice": "$3.68 per 100G"
      }
    }
  },
  {
    "id": "kezs-kitchen-flourless-chocolate-brownie-gf",
    "brand": "Kez's Kitchen",
    "name": "Gluten Free Chewy Flourless Chocolate Brownies 6 Pack",
    "imageUrl": "https://shop.coles.com.au/wcsstore/Coles-CAS/images/3/5/5/3550380-th.jpg",
    "categories": ["healthy-living"],
    "tags": ["healthier-choices", "healthier-snacking"],
    "locations": {
      "vic": {
        "price": 7,
        "promoText": " ",
        "packageSize": "210g",
        "packagePrice": "$3.33 per 100G"
      }
    }
  },
  {
    "id": "kez-s-kitchen-gluten-fre-peanut-butter-brownies",
    "brand": "Kez's Kitchen",
    "name": "Gluten Free Peanut Butter Brownies",
    "imageUrl": "https://shop.coles.com.au/wcsstore/Coles-CAS/images/3/7/5/3757152-th.jpg",
    "categories": ["healthy-living"],
    "tags": ["healthier-choices", "healthier-snacking"],
    "locations": {
      "vic": {
        "price": 7,
        "promoText": " ",
        "packageSize": "210g",
        "packagePrice": "$3.33 per 100G"
      }
    }
  },
  {
    "id": "messy-monkeys-salt-vinegar-bites",
    "brand": "Messy Monkeys",
    "name": "Salt & Vinegar Whole Grain Bites 8 Pack",
    "imageUrl": "https://shop.coles.com.au/wcsstore/Coles-CAS/images/3/5/6/3568943-th.jpg",
    "categories": ["healthy-living"],
    "tags": ["healthier-choices", "healthier-snacking"],
    "locations": {
      "vic": {
        "price": 3.5,
        "promoText": "$3.50 ",
        "packageSize": "160g",
        "packagePrice": "$2.19 per 100G"
      }
    }
  },
  {
    "id": "mighty-bellies-lentil-puffs-salt-vinegar",
    "brand": "Mighty Bellies",
    "name": "Salt & Vinegar Lentil Puffs 6 Pack",
    "imageUrl": "https://shop.coles.com.au/wcsstore/Coles-CAS/images/3/5/4/3548470-th.jpg",
    "categories": ["healthy-living"],
    "tags": ["healthier-choices", "healthier-snacking"],
    "locations": {
      "vic": {
        "price": 2,
        "promoText": " ",
        "packageSize": "60g",
        "packagePrice": "$3.33 per 100G"
      }
    }
  },
  {
    "id": "mighty-bellies-lentil-puffs-bbq",
    "brand": "Mighty Bellies",
    "name": "BBQ Lentil Puffs",
    "imageUrl": "https://shop.coles.com.au/wcsstore/Coles-CAS/images/3/5/4/3548469-th.jpg",
    "categories": ["healthy-living"],
    "tags": ["healthier-choices", "healthier-snacking"],
    "locations": {
      "vic": {
        "price": 2,
        "promoText": " ",
        "packageSize": "60g",
        "packagePrice": "$3.33 per 100G"
      }
    }
  },
  {
    "id": "olinas-bakehouse-gf-turmeric-wafer",
    "brand": "Olina's Bakehouse",
    "name": "Gluten Free Turmeric Wafer Crackers",
    "imageUrl": "https://shop.coles.com.au/wcsstore/Coles-CAS/images/3/1/1/3119123-th.jpg",
    "categories": ["healthy-living"],
    "tags": ["healthier-choices", "healthier-snacking"],
    "locations": {
      "vic": {
        "price": 4,
        "promoText": " ",
        "packageSize": "150g",
        "packagePrice": "$2.86 per 100G"
      }
    }
  },
  {
    "id": "orgran-crispbread-multig-with-quinoa",
    "brand": "Orgran",
    "name": "Multigrain With Quinoa Crispbread",
    "imageUrl": "https://shop.coles.com.au/wcsstore/Coles-CAS/images/9/9/0/9901615-th.jpg",
    "categories": ["healthy-living"],
    "tags": ["healthier-choices", "healthier-snacking"],
    "locations": {
      "vic": {
        "price": 2.9,
        "promoText": "$0.75 ",
        "packageSize": "125g",
        "packagePrice": "$2.32 per 100G"
      }
    }
  },
  {
    "id": "orgran-tumeric-beetroot-wafer-crackers",
    "brand": "Orgran",
    "name": "Tumeric & Beetroot Wafer Crackers",
    "imageUrl": "https://shop.coles.com.au/wcsstore/Coles-CAS/images/3/5/5/3558350-th.jpg",
    "categories": ["healthy-living"],
    "tags": ["healthier-choices", "healthier-snacking"],
    "locations": {
      "vic": {
        "price": 3.9,
        "promoText": " ",
        "packageSize": "100g",
        "packagePrice": "$3.90 per 100G"
      }
    }
  },
  {
    "id": "simple-wize-almond-crispbread",
    "brand": "Simple Wize",
    "name": "Almond Crispbread",
    "imageUrl": "https://shop.coles.com.au/wcsstore/Coles-CAS/images/1/9/9/1995025-th.jpg",
    "categories": ["healthy-living"],
    "tags": ["healthier-choices", "healthier-snacking"],
    "locations": {
      "vic": {
        "price": 5,
        "promoText": " ",
        "packageSize": "150g",
        "packagePrice": "$3.33 per 100G"
      }
    }
  },
  {
    "id": "simply-wize-gluten-free-mix-bread-crusty",
    "brand": "Simply Wize",
    "name": "Gluten Free Crusty Bread",
    "imageUrl": "https://shop.coles.com.au/wcsstore/Coles-CAS/images/7/4/8/7482748-th.jpg",
    "categories": ["healthy-living"],
    "tags": ["healthier-choices", "healthier-snacking"],
    "locations": {
      "vic": {
        "price": 6,
        "promoText": " ",
        "packageSize": "330g",
        "packagePrice": "$1.82 per 100G"
      }
    }
  },
  {
    "id": "sunrice-brown-rice-chips-sea-salt-3779767p",
    "brand": "Sunrice",
    "name": "Brown Rice Chips Sea Salt",
    "imageUrl": "https://shop.coles.com.au/wcsstore/Coles-CAS/images/3/7/7/3779767-th.jpg",
    "categories": ["healthy-living"],
    "tags": ["healthier-choices", "healthier-snacking"],
    "locations": {
      "vic": {
        "price": 5,
        "promoText": " ",
        "packageSize": "150g",
        "packagePrice": "$3.33 per 100G"
      }
    }
  },
  {
    "id": "sweet-william-chocolate-bar-original-dairy-free",
    "brand": "Sweet William",
    "name": "Original Dairy Free Chocolate Bar No Added Sugar",
    "imageUrl": "https://shop.coles.com.au/wcsstore/Coles-CAS/images/4/5/9/4598247-th.jpg",
    "categories": ["healthy-living"],
    "tags": ["healthier-choices", "healthier-snacking"],
    "locations": {
      "vic": {
        "price": 3,
        "promoText": " ",
        "packageSize": "50g",
        "packagePrice": "$6.00 per 100G"
      }
    }
  },
  {
    "id": "table-of-plenty-tomato-basil-mini-rice-cakes",
    "brand": "Table Of Plenty",
    "name": "Tomato & Sweet Basil Mini Rice Cakes",
    "imageUrl": "https://shop.coles.com.au/wcsstore/Coles-CAS/images/3/7/5/3757935-th.jpg",
    "categories": ["healthy-living"],
    "tags": ["healthier-choices", "healthier-snacking"],
    "locations": {
      "vic": {
        "price": 3.2,
        "promoText": " ",
        "packageSize": "60g",
        "packagePrice": "$5.33 per 100G"
      }
    }
  },
  {
    "id": "table-of-plenty-rosemary-sea-salt-mini-rice-cakes",
    "brand": "Table Of Plenty",
    "name": "Rosemary & Sea Salt Mini Rice Cakes",
    "imageUrl": "https://shop.coles.com.au/wcsstore/Coles-CAS/images/3/7/5/3757877-th.jpg",
    "categories": ["healthy-living"],
    "tags": ["healthier-choices", "healthier-snacking"],
    "locations": {
      "vic": {
        "price": 3.2,
        "promoText": " ",
        "packageSize": "60g",
        "packagePrice": "$5.33 per 100G"
      }
    }
  },
  {
    "id": "the-bar-counter-high-protein-dark-chocolate-almond",
    "brand": "The Bar Counter",
    "name": "High Protein Dark Chocolate & Almond",
    "imageUrl": "https://shop.coles.com.au/wcsstore/Coles-CAS/images/1/7/5/1751224-th.jpg",
    "categories": ["healthy-living"],
    "tags": ["healthier-choices", "healthier-snacking"],
    "locations": {
      "vic": {
        "price": 2.5,
        "promoText": "Any 2 $4",
        "packageSize": "",
        "packagePrice": ""
      }
    }
  },
  {
    "id": "the-bar-counter-no-added-sugar-blueberry-almond-white-chocolate",
    "brand": "The Bar Counter",
    "name": "Matcha Mint White Chocolate Energy Bar",
    "imageUrl": "https://shop.coles.com.au/wcsstore/Coles-CAS/images/1/7/5/1751381-th.jpg",
    "categories": ["healthy-living"],
    "tags": ["healthier-choices", "healthier-snacking"],
    "locations": {
      "vic": {
        "price": 2.5,
        "promoText": "Any 2 $4",
        "packageSize": "",
        "packagePrice": ""
      }
    }
  },
  {
    "id": "the-bar-counter-no-added-sugar-salted-caramel-banana-bar",
    "brand": "The Bar Counter",
    "name": "No Added Sugar Salted Caramel & Banana Bar",
    "imageUrl": "https://shop.coles.com.au/wcsstore/Coles-CAS/images/1/9/9/1994678-th.jpg",
    "categories": ["healthy-living"],
    "tags": ["healthier-choices", "healthier-snacking"],
    "locations": {
      "vic": {
        "price": 2.5,
        "promoText": "Any 2 $4",
        "packageSize": "40g",
        "packagePrice": "$6.25 per 100G"
      }
    }
  },
  {
    "id": "the-bar-counter-salted-caramel-chocolate-crunch",
    "brand": "The Bar Counter",
    "name": "Salted Caramel & Chocolate Crunch",
    "imageUrl": "https://shop.coles.com.au/wcsstore/Coles-CAS/images/2/2/8/2289321-th.jpg",
    "categories": ["healthy-living"],
    "tags": ["healthier-choices", "healthier-snacking"],
    "locations": {
      "vic": {
        "price": 3,
        "promoText": "Any 2 $4",
        "packageSize": "40g",
        "packagePrice": "$7.50 per 100G"
      }
    }
  },
  {
    "id": "the-bar-counter-plant-pro-dark-chocolate-coconut",
    "brand": "The Bar Counter",
    "name": "Plant Protein Dark Chocolate Coconut",
    "imageUrl": "https://shop.coles.com.au/wcsstore/Coles-CAS/images/3/6/2/3620486-th.jpg",
    "categories": ["healthy-living"],
    "tags": ["healthier-choices", "healthier-snacking"],
    "locations": {
      "vic": {
        "price": 2.5,
        "promoText": "Any 2 $4",
        "packageSize": "40g",
        "packagePrice": "$6.25 per 100G"
      }
    }
  },
  {
    "id": "the-bar-counter-plant-pro-blueberry-nut-slice",
    "brand": "The Bar Counter",
    "name": "Plant Protein Blueberry & Nut Slice",
    "imageUrl": "https://shop.coles.com.au/wcsstore/Coles-CAS/images/3/6/2/3620475-th.jpg",
    "categories": ["healthy-living"],
    "tags": ["healthier-choices", "healthier-snacking"],
    "locations": {
      "vic": {
        "price": 2.5,
        "promoText": "Any 2 $4",
        "packageSize": "40g",
        "packagePrice": "$6.25 per 100G"
      }
    }
  },
  {
    "id": "the-god-crisp-co-potato-chips-sour-cream-chives",
    "brand": "The Good Crisp Co",
    "name": "Potato Chips Sour Cream & Chives",
    "imageUrl": "https://shop.coles.com.au/wcsstore/Coles-CAS/images/3/7/5/3756604-th.jpg",
    "categories": ["healthy-living"],
    "tags": ["healthier-choices", "healthier-snacking"],
    "locations": {
      "vic": {
        "price": 4,
        "promoText": " ",
        "packageSize": "160g",
        "packagePrice": "$2.50 per 100G"
      }
    }
  },
  {
    "id": "the-god-crisp-co-potato-chips-black-label-org",
    "brand": "The Good Crisp Co",
    "name": "Potato Chips Original",
    "imageUrl": "https://shop.coles.com.au/wcsstore/Coles-CAS/images/3/7/5/3756626-th.jpg",
    "categories": ["healthy-living"],
    "tags": ["healthier-choices", "healthier-snacking"],
    "locations": {
      "vic": {
        "price": 4,
        "promoText": " ",
        "packageSize": "160g",
        "packagePrice": "$2.50 per 100G"
      }
    }
  },
  {
    "id": "the-god-crisp-co-potato-chips-smokey-barbeque",
    "brand": "The Good Crisp Co",
    "name": "Potato Chips Smokey Barbeque",
    "imageUrl": "https://shop.coles.com.au/wcsstore/Coles-CAS/images/3/7/5/3756615-th.jpg",
    "categories": ["healthy-living"],
    "tags": ["healthier-choices", "healthier-snacking"],
    "locations": {
      "vic": {
        "price": 4,
        "promoText": " ",
        "packageSize": "160g",
        "packagePrice": "$2.50 per 100G"
      }
    }
  },
  {
    "id": "fav-va-nuts-lightly-salted",
    "brand": "The Happy Snack Company",
    "name": "Lightly Salted Crunchy Roasted Fav-Va Beans",
    "imageUrl": "https://shop.coles.com.au/wcsstore/Coles-CAS/images/1/4/6/1469645-th.jpg",
    "categories": ["healthy-living"],
    "tags": ["healthier-choices", "healthier-snacking"],
    "locations": {
      "vic": {
        "price": 5.35,
        "promoText": " ",
        "packageSize": "200g",
        "packagePrice": "$2.68 per 100G"
      }
    }
  },
  {
    "id": "happy-snack-favva-beans-salt-vinegar",
    "brand": "The Happy Snack Company",
    "name": "Roasted Favva Bean Salt & Vinegar",
    "imageUrl": "https://shop.coles.com.au/wcsstore/Coles-CAS/images/3/0/1/3015274-th.jpg",
    "categories": ["healthy-living"],
    "tags": ["healthier-choices", "healthier-snacking"],
    "locations": {
      "vic": {
        "price": 5.3,
        "promoText": " ",
        "packageSize": "150g",
        "packagePrice": "$3.53 per 100G"
      }
    }
  },
  {
    "id": "happy-snacks-company-chickpeas-dark-choc-rasp",
    "brand": "The Happy Snacks Company",
    "name": "Dark Choc & Raspberry Roasted Chickpeas 5 pack",
    "imageUrl": "https://shop.coles.com.au/wcsstore/Coles-CAS/images/3/5/5/3554111-th.jpg",
    "categories": ["healthy-living"],
    "tags": ["healthier-choices", "healthier-snacking"],
    "locations": {
      "vic": {
        "price": 5.3,
        "promoText": " ",
        "packageSize": "100g",
        "packagePrice": "$5.30 per 100G"
      }
    }
  },
  {
    "id": "wfc-lentil-chips-lime-pepper-with-probiotic",
    "brand": "The Wholesome Food Company",
    "name": "Lime, Peppercorn & Probiotic Lentils Chips",
    "imageUrl": "https://shop.coles.com.au/wcsstore/Coles-CAS/images/3/5/5/3558360-th.jpg",
    "categories": ["healthy-living"],
    "tags": ["healthier-choices", "healthier-snacking"],
    "locations": {
      "vic": {
        "price": 5,
        "promoText": " ",
        "packageSize": "100g",
        "packagePrice": "$5.00 per 100G"
      }
    }
  },
  {
    "id": "vege-deli-tumeric-cheese-crisps",
    "brand": "Vege",
    "name": "Deli Crisps Turmeric & Cheese Chips",
    "imageUrl": "https://shop.coles.com.au/wcsstore/Coles-CAS/images/2/4/9/2492212-th.jpg",
    "categories": ["healthy-living"],
    "tags": ["healthier-choices", "healthier-snacking"],
    "locations": {
      "vic": {
        "price": 5.5,
        "promoText": " ",
        "packageSize": "100g",
        "packagePrice": "$5.50 per 100G"
      }
    }
  },
  {
    "id": "vege-deli-crisps-lentil-sriracha-gluten-free",
    "brand": "Vege",
    "name": "Deli Crisps Lentil Sriracha Chips",
    "imageUrl": "https://shop.coles.com.au/wcsstore/Coles-CAS/images/3/1/2/3127711-th.jpg",
    "categories": ["healthy-living"],
    "tags": ["healthier-choices", "healthier-snacking"],
    "locations": {
      "vic": {
        "price": 5.5,
        "promoText": " ",
        "packageSize": "100g",
        "packagePrice": "$5.50 per 100G"
      }
    }
  },
  {
    "id": "well-naturally-bar-chocolate-rich-dark",
    "brand": "Well Naturally",
    "name": "Chocolate Rich Dark Bar",
    "imageUrl": "https://shop.coles.com.au/wcsstore/Coles-CAS/images/5/7/2/5723526-th.jpg",
    "categories": ["healthy-living"],
    "tags": ["healthier-choices", "healthier-snacking"],
    "locations": {
      "vic": {
        "price": 2.85,
        "promoText": " ",
        "packageSize": "45g",
        "packagePrice": "$6.33 per 100G"
      }
    }
  },
  {
    "id": "well-naturally-peppermint-chip-milk-chocolate-bar-no-added-sugar",
    "brand": "Well Naturally",
    "name": "Peppermint Chip Milk Chocolate Bar No Added Sugar",
    "imageUrl": "https://shop.coles.com.au/wcsstore/Coles-CAS/images/1/9/9/1995364-th.jpg",
    "categories": ["healthy-living"],
    "tags": ["healthier-choices", "healthier-snacking"],
    "locations": {
      "vic": {
        "price": 2.85,
        "promoText": " ",
        "packageSize": "45g",
        "packagePrice": "$6.33 per 100G"
      }
    }
  },
  {
    "id": "wellabys-crackers-classic-cheese",
    "brand": "Wellaby's",
    "name": "Classic Cheese Crackers",
    "imageUrl": "https://shop.coles.com.au/wcsstore/Coles-CAS/images/8/6/5/8659650-th.jpg",
    "categories": ["healthy-living"],
    "tags": ["healthier-choices", "healthier-snacking"],
    "locations": {
      "vic": {
        "price": 4,
        "promoText": " ",
        "packageSize": "100g",
        "packagePrice": "$4.00 per 100G"
      }
    }
  },
  {
    "id": "wellabys-crackers-fetta--oregano-and-olive-oil",
    "brand": "Wellaby's",
    "name": "Fetta Oregano and Olive Oil Crackers",
    "imageUrl": "https://shop.coles.com.au/wcsstore/Coles-CAS/images/8/6/5/8659682-th.jpg",
    "categories": ["healthy-living"],
    "tags": ["healthier-choices", "healthier-snacking"],
    "locations": {
      "vic": {
        "price": 4,
        "promoText": " ",
        "packageSize": "100g",
        "packagePrice": "$4.00 per 100G"
      }
    }
  },
  {
    "id": "wholesome-foods-protein-chips",
    "brand": "Wholesome Food Company",
    "name": "Gluten Free Roasted Jalapeno Protein Chips",
    "imageUrl": "https://shop.coles.com.au/wcsstore/Coles-CAS/images/2/9/9/2995891-th.jpg",
    "categories": ["healthy-living"],
    "tags": ["healthier-choices", "healthier-snacking"],
    "locations": {
      "vic": {
        "price": 5,
        "promoText": " ",
        "packageSize": "70g",
        "packagePrice": "$7.14 per 100G"
      }
    }
  },
  {
    "id": "cenovis-sugarless-vitamin-c",
    "brand": "Cenovis",
    "name": "Sugarless Vitamin C",
    "imageUrl": "https://shop.coles.com.au/wcsstore/Coles-CAS/images/3/7/6/3765445-th.jpg",
    "categories": ["healthy-living"],
    "tags": ["diet-sports-nutrition", "diet-weightloss"],
    "locations": {
      "vic": {
        "price": 6,
        "promoText": "$6.00 ",
        "packageSize": "160 pack",
        "packagePrice": "$3.75 per 100Ea"
      }
    }
  },
  {
    "id": "sis-go-lemon-hydro-tablets-20-pack",
    "brand": "SIS",
    "name": "Go Lemon Hydro Tablets 20 pack",
    "imageUrl": "https://shop.coles.com.au/wcsstore/Coles-CAS/images/2/0/1/2010479-th.jpg",
    "categories": ["healthy-living"],
    "tags": ["diet-sports-nutrition", "diet-weightloss"],
    "locations": {
      "vic": {
        "price": 8.4,
        "promoText": "$5.60 ",
        "packageSize": "",
        "packagePrice": "$0.42 per 1Ea"
      }
    }
  },
  {
    "id": "natures-way-slim-right-weight-loss-powder-chocolate",
    "brand": "Nature's Way",
    "name": "Slim Right Chocolate Weight Loss Powder",
    "imageUrl": "https://shop.coles.com.au/wcsstore/Coles-CAS/images/9/6/7/9676010-th.jpg",
    "categories": ["healthy-living"],
    "tags": ["diet-sports-nutrition", "diet-weightloss"],
    "locations": {
      "vic": {
        "price": 14.5,
        "promoText": " ",
        "packageSize": "375g",
        "packagePrice": "$3.87 per 100G"
      }
    }
  },
  {
    "id": "nature-s-way-acv-gummmies",
    "brand": "Nature's Way",
    "name": "Apple Cider Vinegar Gummmies",
    "imageUrl": "https://shop.coles.com.au/wcsstore/Coles-CAS/images/3/7/5/3753210-th.jpg",
    "categories": ["healthy-living"],
    "tags": ["diet-sports-nutrition", "diet-weightloss"],
    "locations": {
      "vic": {
        "price": 20,
        "promoText": " ",
        "packageSize": "65 pack",
        "packagePrice": "$30.77 per 100Ea"
      }
    }
  },
  {
    "id": "sup-inner-glow-collagen",
    "brand": "Sup",
    "name": "Inner Glow Collagen",
    "imageUrl": "https://shop.coles.com.au/wcsstore/Coles-CAS/images/3/7/5/3753311-th.jpg",
    "categories": ["healthy-living"],
    "tags": ["diet-sports-nutrition", "diet-weightloss"],
    "locations": {
      "vic": {
        "price": 11.5,
        "promoText": "$11.50 ",
        "packageSize": "30 PACK",
        "packagePrice": ""
      }
    }
  },
  {
    "id": "natures-way-slim-right-weight-loss-drink-powder-strawberry",
    "brand": "Nature's Way",
    "name": "Slim Right Strawberry Weight Loss Drink Powder",
    "imageUrl": "https://shop.coles.com.au/wcsstore/Coles-CAS/images/9/6/7/9676031-th.jpg",
    "categories": ["healthy-living"],
    "tags": ["diet-sports-nutrition", "diet-weightloss"],
    "locations": {
      "vic": {
        "price": 14.5,
        "promoText": " ",
        "packageSize": "375g",
        "packagePrice": "$3.87 per 100G"
      }
    }
  },
  {
    "id": "vost-collagen-effervescent",
    "brand": "Voost",
    "name": "Collagen Effervescent",
    "imageUrl": "https://shop.coles.com.au/wcsstore/Coles-CAS/images/3/6/1/3615114-th.jpg",
    "categories": ["healthy-living"],
    "tags": ["diet-sports-nutrition", "diet-weightloss"],
    "locations": {
      "vic": {
        "price": 10,
        "promoText": "$3.00 ",
        "packageSize": "40 pack",
        "packagePrice": "$25.00 per 100Ea"
      }
    }
  },
  {
    "id": "aussie-bodies-shape-keto-wafer-cokies-cream",
    "brand": "Aussie Bodies",
    "name": "Shape Keto Wafer Cookies & Cream",
    "imageUrl": "https://shop.coles.com.au/wcsstore/Coles-CAS/images/3/7/9/3796121-th.jpg",
    "categories": ["healthy-living"],
    "tags": ["diet-sports-nutrition", "diet-weightloss"],
    "locations": {
      "vic": {
        "price": 3.75,
        "promoText": " ",
        "packageSize": "35g",
        "packagePrice": "$10.71 per 100G"
      }
    }
  },
  {
    "id": "bounce-salted-caramel-keto-bar",
    "brand": "Bounce",
    "name": "Salted Caramel Keto Bar",
    "imageUrl": "https://shop.coles.com.au/wcsstore/Coles-CAS/images/3/7/9/3796290-th.jpg",
    "categories": ["healthy-living"],
    "tags": ["diet-sports-nutrition", "diet-weightloss"],
    "locations": {
      "vic": {
        "price": 2,
        "promoText": "$1.00 ",
        "packageSize": "35 GRAM",
        "packagePrice": ""
      }
    }
  },
  {
    "id": "celebrity-slim-5-day-variety-pack",
    "brand": "Celebrity Slim",
    "name": "5 Day Variety Pack",
    "imageUrl": "https://shop.coles.com.au/wcsstore/Coles-CAS/images/9/9/0/9909264-th.jpg",
    "categories": ["healthy-living"],
    "tags": ["diet-sports-nutrition", "diet-weightloss"],
    "locations": {
      "vic": {
        "price": 21,
        "promoText": "$9.00 ",
        "packageSize": "550g",
        "packagePrice": "$3.82 per 100G"
      }
    }
  },
  {
    "id": "celebrity-slim-powder-rapid-vanilla",
    "brand": "Celebrity Slim",
    "name": "Rapid Vanilla Powder",
    "imageUrl": "https://shop.coles.com.au/wcsstore/Coles-CAS/images/9/9/0/9908818-th.jpg",
    "categories": ["healthy-living"],
    "tags": ["diet-sports-nutrition", "diet-weightloss"],
    "locations": {
      "vic": {
        "price": 24.8,
        "promoText": "$10.70 ",
        "packageSize": "840g",
        "packagePrice": "$2.95 per 100G"
      }
    }
  },
  {
    "id": "celebrity-slim-rapid-powder-chocolate",
    "brand": "Celebrity Slim",
    "name": "Rapid Chocolate Powder",
    "imageUrl": "https://shop.coles.com.au/wcsstore/Coles-CAS/images/9/9/0/9908807-th.jpg",
    "categories": ["healthy-living"],
    "tags": ["diet-sports-nutrition", "diet-weightloss"],
    "locations": {
      "vic": {
        "price": 24.8,
        "promoText": "$10.65 ",
        "packageSize": "840g",
        "packagePrice": "$2.95 per 100G"
      }
    }
  },
  {
    "id": "cenovis-hair-skin-and-nails",
    "brand": "Cenovis",
    "name": "Hair Skin And Nails Tablets",
    "imageUrl": "https://shop.coles.com.au/wcsstore/Coles-CAS/images/3/4/7/3470317-th.jpg",
    "categories": ["healthy-living"],
    "tags": ["diet-sports-nutrition", "diet-weightloss"],
    "locations": {
      "vic": {
        "price": 8.25,
        "promoText": "$8.25 ",
        "packageSize": "60 pack",
        "packagePrice": "$0.14 per 1Ea"
      }
    }
  },
  {
    "id": "cenovis-hello-detox-30-tablets",
    "brand": "Cenovis",
    "name": "Hello Detox Capsules",
    "imageUrl": "https://shop.coles.com.au/wcsstore/Coles-CAS/images/3/7/0/3709739-th.jpg",
    "categories": ["healthy-living"],
    "tags": ["diet-sports-nutrition", "diet-weightloss"],
    "locations": {
      "vic": {
        "price": 10,
        "promoText": "$10.00 ",
        "packageSize": "30 pack",
        "packagePrice": "$0.33 per 1Ea"
      }
    }
  },
  {
    "id": "cenovis-hello-immunity-30-tablets",
    "brand": "Cenovis",
    "name": "Hello Immunity Tablets",
    "imageUrl": "https://shop.coles.com.au/wcsstore/Coles-CAS/images/3/7/0/3709740-th.jpg",
    "categories": ["healthy-living"],
    "tags": ["diet-sports-nutrition", "diet-weightloss"],
    "locations": {
      "vic": {
        "price": 10,
        "promoText": "$10.00 ",
        "packageSize": "30 pack",
        "packagePrice": "$0.33 per 1Ea"
      }
    }
  },
  {
    "id": "cenovis-hello-focus-30-tablets",
    "brand": "Cenovis",
    "name": "Hello Focus Tablets",
    "imageUrl": "https://shop.coles.com.au/wcsstore/Coles-CAS/images/3/7/0/3709706-th.jpg",
    "categories": ["healthy-living"],
    "tags": ["diet-sports-nutrition", "diet-weightloss"],
    "locations": {
      "vic": {
        "price": 10,
        "promoText": "$10.00 ",
        "packageSize": "30 pack",
        "packagePrice": "$0.33 per 1Ea"
      }
    }
  },
  {
    "id": "cenovis-hello-bost-30-tablets",
    "brand": "Cenovis",
    "name": "Hello Boost Tablets",
    "imageUrl": "https://shop.coles.com.au/wcsstore/Coles-CAS/images/3/7/0/3709670-th.jpg",
    "categories": ["healthy-living"],
    "tags": ["diet-sports-nutrition", "diet-weightloss"],
    "locations": {
      "vic": {
        "price": 10,
        "promoText": "$10.00 ",
        "packageSize": "30 pack",
        "packagePrice": "$0.33 per 1Ea"
      }
    }
  },
  {
    "id": "cenovis-hello-energy-30-tablets",
    "brand": "Cenovis",
    "name": "Hello Energy Tablets",
    "imageUrl": "https://shop.coles.com.au/wcsstore/Coles-CAS/images/3/7/0/3709728-th.jpg",
    "categories": ["healthy-living"],
    "tags": ["diet-sports-nutrition", "diet-weightloss"],
    "locations": {
      "vic": {
        "price": 10,
        "promoText": "$10.00 ",
        "packageSize": "30 pack",
        "packagePrice": "$0.33 per 1Ea"
      }
    }
  },
  {
    "id": "cenovis-hello-calm-30-tablets",
    "brand": "Cenovis",
    "name": "Hello Calm Tablets",
    "imageUrl": "https://shop.coles.com.au/wcsstore/Coles-CAS/images/3/7/0/3709659-th.jpg",
    "categories": ["healthy-living"],
    "tags": ["diet-sports-nutrition", "diet-weightloss"],
    "locations": {
      "vic": {
        "price": 10,
        "promoText": "$10.00 ",
        "packageSize": "30 pack",
        "packagePrice": "$0.33 per 1Ea"
      }
    }
  },
  {
    "id": "cenovis-folic-acid-500-mcg-3758541p",
    "brand": "Cenovis",
    "name": "Folic Acid 500 Mcg",
    "imageUrl": "https://shop.coles.com.au/wcsstore/Coles-CAS/images/3/7/5/3758541-th.jpg",
    "categories": ["healthy-living"],
    "tags": ["diet-sports-nutrition", "diet-weightloss"],
    "locations": {
      "vic": {
        "price": 6.25,
        "promoText": "$6.25 ",
        "packageSize": "150 PACK",
        "packagePrice": ""
      }
    }
  },
  {
    "id": "cenovis-cold-sore-complex-3758552p",
    "brand": "Cenovis",
    "name": "Cold Sore Complex",
    "imageUrl": "https://shop.coles.com.au/wcsstore/Coles-CAS/images/3/7/5/3758552-th.jpg",
    "categories": ["healthy-living"],
    "tags": ["diet-sports-nutrition", "diet-weightloss"],
    "locations": {
      "vic": {
        "price": 7,
        "promoText": "$7.00 ",
        "packageSize": "30 PACK",
        "packagePrice": ""
      }
    }
  },
  {
    "id": "cenovis-mega-c",
    "brand": "Cenovis",
    "name": "Mega C",
    "imageUrl": "https://shop.coles.com.au/wcsstore/Coles-CAS/images/3/7/6/3765456-th.jpg",
    "categories": ["healthy-living"],
    "tags": ["diet-sports-nutrition", "diet-weightloss"],
    "locations": {
      "vic": {
        "price": 7.5,
        "promoText": "$7.50 ",
        "packageSize": "100 pack",
        "packagePrice": "$7.50 per 100Ea"
      }
    }
  },
  {
    "id": "clif-strawberry-bloks-energy-chews",
    "brand": "Clif",
    "name": "Strawberry Bloks Energy Chews",
    "imageUrl": "https://shop.coles.com.au/wcsstore/Coles-CAS/images/3/0/3/3035169-th.jpg",
    "categories": ["healthy-living"],
    "tags": ["diet-sports-nutrition", "diet-weightloss"],
    "locations": {
      "vic": {
        "price": 6,
        "promoText": " ",
        "packageSize": "60g",
        "packagePrice": "$10.00 per 100G"
      }
    }
  },
  {
    "id": "comvita-olive-leaf-extract-high-strength-capsules",
    "brand": "Comvita",
    "name": "Olive Leaf Extract High Strength Capsules",
    "imageUrl": "https://shop.coles.com.au/wcsstore/Coles-CAS/images/3/7/5/3758133-th.jpg",
    "categories": ["healthy-living"],
    "tags": ["diet-sports-nutrition", "diet-weightloss"],
    "locations": {
      "vic": {
        "price": 22,
        "promoText": " ",
        "packageSize": "60 pack",
        "packagePrice": "$0.37 per 1Ea"
      }
    }
  },
  {
    "id": "fiji-kava-noble-extract-capsules",
    "brand": "Fiji Kava",
    "name": "Noble Extract Capsules",
    "imageUrl": "https://shop.coles.com.au/wcsstore/Coles-CAS/images/3/7/6/3761615-th.jpg",
    "categories": ["healthy-living"],
    "tags": ["diet-sports-nutrition", "diet-weightloss"],
    "locations": {
      "vic": {
        "price": 30,
        "promoText": " ",
        "packageSize": "",
        "packagePrice": ""
      }
    }
  },
  {
    "id": "hydralyte-sports-tablets-effervescent-berry-20pk",
    "brand": "Hydralyte",
    "name": "Sports Berry Flavoured Effervescent Electrolyte 20 Tablets",
    "imageUrl": "https://shop.coles.com.au/wcsstore/Coles-CAS/images/3/4/7/3478217-th.jpg",
    "categories": ["healthy-living"],
    "tags": ["diet-sports-nutrition", "diet-weightloss"],
    "locations": {
      "vic": {
        "price": 13,
        "promoText": " ",
        "packageSize": "1 pack",
        "packagePrice": "$13.00 per 1Ea"
      }
    }
  },
  {
    "id": "kynd-collagen-complete-3761488p",
    "brand": "Kynd",
    "name": "Collagen Complete+",
    "imageUrl": "https://shop.coles.com.au/wcsstore/Coles-CAS/images/3/7/6/3761488-th.jpg",
    "categories": ["healthy-living"],
    "tags": ["diet-sports-nutrition", "diet-weightloss"],
    "locations": {
      "vic": {
        "price": 0,
        "promoText": " ",
        "packageSize": "",
        "packagePrice": ""
      }
    }
  },
  {
    "id": "natures-way-pro-figure-powder-vanilla",
    "brand": "Nature's Way",
    "name": "Protein Figure Vanilla Powder",
    "imageUrl": "https://shop.coles.com.au/wcsstore/Coles-CAS/images/7/5/8/7588159-th.jpg",
    "categories": ["healthy-living"],
    "tags": ["diet-sports-nutrition", "diet-weightloss"],
    "locations": {
      "vic": {
        "price": 26,
        "promoText": " ",
        "packageSize": "400g",
        "packagePrice": "$6.50 per 100G"
      }
    }
  },
  {
    "id": "natures-way-slim-right-weight-loss-powder-vanilla",
    "brand": "Nature's Way",
    "name": "Slim Right Vanilla Weight Loss Powder",
    "imageUrl": "https://shop.coles.com.au/wcsstore/Coles-CAS/images/4/1/7/4173135-th.jpg",
    "categories": ["healthy-living"],
    "tags": ["diet-sports-nutrition", "diet-weightloss"],
    "locations": {
      "vic": {
        "price": 14.5,
        "promoText": " ",
        "packageSize": "375g",
        "packagePrice": "$3.87 per 100G"
      }
    }
  },
  {
    "id": "natures-way-metabolift-fat-burn-tablets",
    "brand": "Nature's Way",
    "name": "Metabolift Fat Burn Tablets",
    "imageUrl": "https://shop.coles.com.au/wcsstore/Coles-CAS/images/9/6/7/9676097-th.jpg",
    "categories": ["healthy-living"],
    "tags": ["diet-sports-nutrition", "diet-weightloss"],
    "locations": {
      "vic": {
        "price": 42,
        "promoText": " ",
        "packageSize": "90 pack",
        "packagePrice": "$46.67 per 100Ea"
      }
    }
  },
  {
    "id": "natures-way-hemp-oil-pure-1000mg",
    "brand": "Nature's Way",
    "name": "Hemp Oil Full Strength 1000mg Capsules",
    "imageUrl": "https://shop.coles.com.au/wcsstore/Coles-CAS/images/3/4/5/3455233-th.jpg",
    "categories": ["healthy-living"],
    "tags": ["diet-sports-nutrition", "diet-weightloss"],
    "locations": {
      "vic": {
        "price": 20,
        "promoText": " ",
        "packageSize": "60 pack",
        "packagePrice": "$33.33 per 100Ea"
      }
    }
  },
  {
    "id": "nature-s-way-adult-vita-gummie-vegan-sugar-fre",
    "brand": "Nature's Way",
    "name": "Adult Vita Gummie Vegan Sugar Free",
    "imageUrl": "https://shop.coles.com.au/wcsstore/Coles-CAS/images/3/7/5/3753173-th.jpg",
    "categories": ["healthy-living"],
    "tags": ["diet-sports-nutrition", "diet-weightloss"],
    "locations": {
      "vic": {
        "price": 20,
        "promoText": " ",
        "packageSize": "65 PACK",
        "packagePrice": ""
      }
    }
  },
  {
    "id": "naturopathica-fat-blaster-max-tablets",
    "brand": "Naturopathica",
    "name": "Fat Blaster Max Tablets",
    "imageUrl": "https://shop.coles.com.au/wcsstore/Coles-CAS/images/4/3/4/4341819-th.jpg",
    "categories": ["healthy-living"],
    "tags": ["diet-sports-nutrition", "diet-weightloss"],
    "locations": {
      "vic": {
        "price": 40,
        "promoText": " ",
        "packageSize": "60 pack",
        "packagePrice": "$66.67 per 100Ea"
      }
    }
  },
  {
    "id": "naturopathica-fat-blaster-garciniamax-supplement",
    "brand": "Naturopathica",
    "name": "Fat Blaster Garcinia Max Supplement",
    "imageUrl": "https://shop.coles.com.au/wcsstore/Coles-CAS/images/2/0/1/2015723-th.jpg",
    "categories": ["healthy-living"],
    "tags": ["diet-sports-nutrition", "diet-weightloss"],
    "locations": {
      "vic": {
        "price": 30,
        "promoText": " ",
        "packageSize": "60 pack",
        "packagePrice": "$0.50 per 1Ea"
      }
    }
  },
  {
    "id": "naturopathica-fat-blaster-less-sugar-choc-shake",
    "brand": "Naturopathica",
    "name": "Fat Blaster Less Sugar Chocolate Shake",
    "imageUrl": "https://shop.coles.com.au/wcsstore/Coles-CAS/images/3/1/3/3139186-th.jpg",
    "categories": ["healthy-living"],
    "tags": ["diet-sports-nutrition", "diet-weightloss"],
    "locations": {
      "vic": {
        "price": 20,
        "promoText": " ",
        "packageSize": "430g",
        "packagePrice": "$4.65 per 100G"
      }
    }
  },
  {
    "id": "naturopathica--fat-blaster-30-less-sugar-raspberry-ripple-shake",
    "brand": "Naturopathica",
    "name": "Fat Blaster 30% Less Sugar Raspberry Ripple Shake",
    "imageUrl": "https://shop.coles.com.au/wcsstore/Coles-CAS/images/3/1/3/3139222-th.jpg",
    "categories": ["healthy-living"],
    "tags": ["diet-sports-nutrition", "diet-weightloss"],
    "locations": {
      "vic": {
        "price": 20,
        "promoText": " ",
        "packageSize": "430g",
        "packagePrice": "$4.65 per 100G"
      }
    }
  },
  {
    "id": "naturopathica-fat-blaster-30-less-sugar-mocha-shake",
    "brand": "Naturopathica",
    "name": "Fat Blaster 30% Less Sugar Mocha Shake",
    "imageUrl": "https://shop.coles.com.au/wcsstore/Coles-CAS/images/3/1/3/3139211-th.jpg",
    "categories": ["healthy-living"],
    "tags": ["diet-sports-nutrition", "diet-weightloss"],
    "locations": {
      "vic": {
        "price": 20,
        "promoText": " ",
        "packageSize": "430g",
        "packagePrice": "$4.65 per 100G"
      }
    }
  },
  {
    "id": "naturopathica-fat-blaster-less-sugar-vanilla-shake",
    "brand": "Naturopathica",
    "name": "Fat Blaster Less Sugar Vanilla Shake",
    "imageUrl": "https://shop.coles.com.au/wcsstore/Coles-CAS/images/3/1/3/3139200-th.jpg",
    "categories": ["healthy-living"],
    "tags": ["diet-sports-nutrition", "diet-weightloss"],
    "locations": {
      "vic": {
        "price": 20,
        "promoText": " ",
        "packageSize": "430g",
        "packagePrice": "$4.65 per 100G"
      }
    }
  },
  {
    "id": "naturopathica-fat-blaster-keto-fit-choc-shake",
    "brand": "Naturopathica",
    "name": "Fat Blaster Chocolate Flavour Keto Fit Protein Shake Mix",
    "imageUrl": "https://shop.coles.com.au/wcsstore/Coles-CAS/images/3/4/7/3478046-th.jpg",
    "categories": ["healthy-living"],
    "tags": ["diet-sports-nutrition", "diet-weightloss"],
    "locations": {
      "vic": {
        "price": 30,
        "promoText": " ",
        "packageSize": "300g",
        "packagePrice": "$10.00 per 100G"
      }
    }
  },
  {
    "id": "naturopathica-collagenix-beauty-slep-60s",
    "brand": "Naturopathica",
    "name": "Collagenix Beauty Sleep 60s",
    "imageUrl": "https://shop.coles.com.au/wcsstore/Coles-CAS/images/3/7/5/3753286-th.jpg",
    "categories": ["healthy-living"],
    "tags": ["diet-sports-nutrition", "diet-weightloss"],
    "locations": {
      "vic": {
        "price": 30,
        "promoText": " ",
        "packageSize": "60 pack",
        "packagePrice": "$50.00 per 100Ea"
      }
    }
  },
  {
    "id": "sup-fit-",
    "brand": "Sup",
    "name": "Fit",
    "imageUrl": "https://shop.coles.com.au/wcsstore/Coles-CAS/images/3/7/5/3753333-th.jpg",
    "categories": ["healthy-living"],
    "tags": ["diet-sports-nutrition", "diet-weightloss"],
    "locations": {
      "vic": {
        "price": 11.5,
        "promoText": "$11.50 ",
        "packageSize": "30 PACK",
        "packagePrice": ""
      }
    }
  },
  {
    "id": "sup-women-s-essentials",
    "brand": "Sup",
    "name": "Women's Essentials",
    "imageUrl": "https://shop.coles.com.au/wcsstore/Coles-CAS/images/3/7/5/3753300-th.jpg",
    "categories": ["healthy-living"],
    "tags": ["diet-sports-nutrition", "diet-weightloss"],
    "locations": {
      "vic": {
        "price": 11.5,
        "promoText": "$11.50 ",
        "packageSize": "30 PACK",
        "packagePrice": ""
      }
    }
  },
  {
    "id": "swisse-beauty-collagen-renew-powder-3758359p",
    "brand": "Swisse",
    "name": "Beauty Collagen Renew Powder",
    "imageUrl": "https://shop.coles.com.au/wcsstore/Coles-CAS/images/3/7/5/3758359-th.jpg",
    "categories": ["healthy-living"],
    "tags": ["diet-sports-nutrition", "diet-weightloss"],
    "locations": {
      "vic": {
        "price": 30,
        "promoText": " ",
        "packageSize": "120g",
        "packagePrice": "$25.00 per 100G"
      }
    }
  },
  {
    "id": "swisse-beauty-collagen-balance-powder-3765434p",
    "brand": "Swisse",
    "name": "Beauty Collagen Balance Powder",
    "imageUrl": "https://shop.coles.com.au/wcsstore/Coles-CAS/images/3/7/6/3765434-th.jpg",
    "categories": ["healthy-living"],
    "tags": ["diet-sports-nutrition", "diet-weightloss"],
    "locations": {
      "vic": {
        "price": 30,
        "promoText": " ",
        "packageSize": "120 GRAM",
        "packagePrice": ""
      }
    }
  },
  {
    "id": "vital-life-immune-shot",
    "brand": "Vital Life",
    "name": "Immune Shot",
    "imageUrl": "https://shop.coles.com.au/wcsstore/Coles-CAS/images/3/7/8/3786999-th.jpg",
    "categories": ["healthy-living"],
    "tags": ["diet-sports-nutrition", "diet-weightloss"],
    "locations": {
      "vic": {
        "price": 30,
        "promoText": " ",
        "packageSize": "35g",
        "packagePrice": "$85.72 per 100G"
      }
    }
  },
  {
    "id": "vitaqik-liposomal-turmeric-spray",
    "brand": "Vitaqik",
    "name": "Liposomal Turmeric Spray",
    "imageUrl": "https://shop.coles.com.au/wcsstore/Coles-CAS/images/3/7/5/3758177-th.jpg",
    "categories": ["healthy-living"],
    "tags": ["diet-sports-nutrition", "diet-weightloss"],
    "locations": {
      "vic": {
        "price": 10,
        "promoText": "$10.00 ",
        "packageSize": "50 ML",
        "packagePrice": ""
      }
    }
  },
  {
    "id": "vitaqik-liposomal-vitamin-c-spray",
    "brand": "Vitaqik",
    "name": "Liposomal Vitamin C Spray",
    "imageUrl": "https://shop.coles.com.au/wcsstore/Coles-CAS/images/3/7/5/3758188-th.jpg",
    "categories": ["healthy-living"],
    "tags": ["diet-sports-nutrition", "diet-weightloss"],
    "locations": {
      "vic": {
        "price": 10,
        "promoText": "$10.00 ",
        "packageSize": "50 ML",
        "packagePrice": ""
      }
    }
  },
  {
    "id": "vitalstrength-ripped-high-protein-chocolate",
    "brand": "Vital Strength",
    "name": "Hydroxy Ripped Chocolate Thermogenic Protein Powder",
    "imageUrl": "https://shop.coles.com.au/wcsstore/Coles-CAS/images/2/7/3/2734741-th.jpg",
    "categories": ["healthy-living"],
    "tags": ["diet-sports-nutrition", "sports-nutrition-supplements"],
    "locations": {
      "vic": {
        "price": 35,
        "promoText": " ",
        "packageSize": "600g",
        "packagePrice": "$5.83 per 100G"
      }
    }
  },
  {
    "id": "crankt--protein-shake-chocolate",
    "brand": "Crankt",
    "name": "Chocolate Protein Shake",
    "imageUrl": "https://shop.coles.com.au/wcsstore/Coles-CAS/images/1/2/1/1211158-th.jpg",
    "categories": ["healthy-living"],
    "tags": ["diet-sports-nutrition", "sports-nutrition-supplements"],
    "locations": {
      "vic": {
        "price": 3.95,
        "promoText": " ",
        "packageSize": "375mL",
        "packagePrice": "$10.53 per 1L"
      }
    }
  },
  {
    "id": "bounce-protein-balls-lemon-coconut",
    "brand": "Bounce",
    "name": "Gluten Free Coconut Lemon Protein Energy Ball",
    "imageUrl": "https://shop.coles.com.au/wcsstore/Coles-CAS/images/3/1/1/3118415-th.jpg",
    "categories": ["healthy-living"],
    "tags": ["diet-sports-nutrition", "sports-nutrition-supplements"],
    "locations": {
      "vic": {
        "price": 3,
        "promoText": "Any 2 $4",
        "packageSize": "40g",
        "packagePrice": "$0.75 per 10G"
      }
    }
  },
  {
    "id": "aussie-bodies-lc-whipd-choc-mint",
    "brand": "Aussie Bodies",
    "name": "Low Carb Choc Mint",
    "imageUrl": "https://shop.coles.com.au/wcsstore/Coles-CAS/images/3/1/3/3139845-th.jpg",
    "categories": ["healthy-living"],
    "tags": ["diet-sports-nutrition", "sports-nutrition-supplements"],
    "locations": {
      "vic": {
        "price": 6,
        "promoText": "$3.00 ",
        "packageSize": "120g",
        "packagePrice": "$5.00 per 100G"
      }
    }
  },
  {
    "id": "keep-it-cleaner-bliss-balls-peanut-butter-choc",
    "brand": "Keep It Cleaner",
    "name": "Bliss Balls Peanut Butter Chocolate Chip",
    "imageUrl": "https://shop.coles.com.au/wcsstore/Coles-CAS/images/3/5/2/3524380-th.jpg",
    "categories": ["healthy-living"],
    "tags": ["diet-sports-nutrition", "sports-nutrition-supplements"],
    "locations": {
      "vic": {
        "price": 1.75,
        "promoText": "$0.75 ",
        "packageSize": "40g",
        "packagePrice": "$4.38 per 100mL"
      }
    }
  },
  {
    "id": "aussie-bodies-lc-whipd-chocolate",
    "brand": "Aussie Bodies",
    "name": "Lo Carb Whip'd Chocolate Flavour Protein Bar",
    "imageUrl": "https://shop.coles.com.au/wcsstore/Coles-CAS/images/3/1/3/3139834-th.jpg",
    "categories": ["healthy-living"],
    "tags": ["diet-sports-nutrition", "sports-nutrition-supplements"],
    "locations": {
      "vic": {
        "price": 6,
        "promoText": "$3.00 ",
        "packageSize": "120g",
        "packagePrice": "$5.00 per 100G"
      }
    }
  },
  {
    "id": "bsc-high-protein-bar-cookies-cream",
    "brand": "BSC",
    "name": "Low Carb Cookies & Cream Protein Bar",
    "imageUrl": "https://shop.coles.com.au/wcsstore/Coles-CAS/images/3/1/2/3125148-th.jpg",
    "categories": ["healthy-living"],
    "tags": ["diet-sports-nutrition", "sports-nutrition-supplements"],
    "locations": {
      "vic": {
        "price": 4,
        "promoText": " ",
        "packageSize": "60g",
        "packagePrice": "$0.67 per 10G"
      }
    }
  },
  {
    "id": "keep-it-cleaner-bliss-balls-peppermint-slice",
    "brand": "Keep It Cleaner",
    "name": "Bliss Balls Peppermint Slice",
    "imageUrl": "https://shop.coles.com.au/wcsstore/Coles-CAS/images/3/5/2/3521360-th.jpg",
    "categories": ["healthy-living"],
    "tags": ["diet-sports-nutrition", "sports-nutrition-supplements"],
    "locations": {
      "vic": {
        "price": 1.75,
        "promoText": "$0.75 ",
        "packageSize": "40g",
        "packagePrice": "$4.38 per 100mL"
      }
    }
  },
  {
    "id": "atkins-endulge-bars-caramel-nut-chew",
    "brand": "Atkins",
    "name": "Endulge Caramel Nut Chew 5 Bars",
    "imageUrl": "https://shop.coles.com.au/wcsstore/Coles-CAS/images/8/6/5/8657235-th.jpg",
    "categories": ["healthy-living"],
    "tags": ["diet-sports-nutrition", "sports-nutrition-supplements"],
    "locations": {
      "vic": {
        "price": 13.5,
        "promoText": " ",
        "packageSize": "170g",
        "packagePrice": "$7.94 per 100G"
      }
    }
  },
  {
    "id": "atkins-advantage-bars-choc-mint",
    "brand": "Atkins",
    "name": "Advantage Chocolate Mint Bar",
    "imageUrl": "https://shop.coles.com.au/wcsstore/Coles-CAS/images/9/9/0/9906787-th.jpg",
    "categories": ["healthy-living"],
    "tags": ["diet-sports-nutrition", "sports-nutrition-supplements"],
    "locations": {
      "vic": {
        "price": 4.5,
        "promoText": " ",
        "packageSize": "60g",
        "packagePrice": "$7.50 per 100G"
      }
    }
  },
  {
    "id": "atkins-endulge-chocolate-break-bars-3-pack",
    "brand": "Atkins",
    "name": "Endulge Chocolate Break Bars 3 pack",
    "imageUrl": "https://shop.coles.com.au/wcsstore/Coles-CAS/images/2/0/1/2015698-th.jpg",
    "categories": ["healthy-living"],
    "tags": ["diet-sports-nutrition", "sports-nutrition-supplements"],
    "locations": {
      "vic": {
        "price": 7,
        "promoText": " ",
        "packageSize": "64g",
        "packagePrice": "$10.85 per 100G"
      }
    }
  },
  {
    "id": "atkins-endulge-milk-choc-multipack-5x30g",
    "brand": "Atkins",
    "name": "Endulge Milk Chocolate 5 Bars",
    "imageUrl": "https://shop.coles.com.au/wcsstore/Coles-CAS/images/3/1/2/3128317-th.jpg",
    "categories": ["healthy-living"],
    "tags": ["diet-sports-nutrition", "sports-nutrition-supplements"],
    "locations": {
      "vic": {
        "price": 13.5,
        "promoText": " ",
        "packageSize": "150g",
        "packagePrice": "$9.00 per 100G"
      }
    }
  },
  {
    "id": "aussie-bodies--protein-fx-lo-carb-peanut-caramel-bar-4-pack",
    "brand": "Aussie Bodies",
    "name": "Lo Carb Peanut Butter Caramel Protein Bars 4 pack",
    "imageUrl": "https://shop.coles.com.au/wcsstore/Coles-CAS/images/2/0/1/2015177-th.jpg",
    "categories": ["healthy-living"],
    "tags": ["diet-sports-nutrition", "sports-nutrition-supplements"],
    "locations": {
      "vic": {
        "price": 6,
        "promoText": "$3.00 ",
        "packageSize": "120g",
        "packagePrice": "$5.00 per 100G"
      }
    }
  },
  {
    "id": "clif-crunch-peanutbutter-bar",
    "brand": "Clif Bar",
    "name": "Crunchy Peanut Butter Bar",
    "imageUrl": "https://shop.coles.com.au/wcsstore/Coles-CAS/images/2/5/0/2507921-th.jpg",
    "categories": ["healthy-living"],
    "tags": ["diet-sports-nutrition", "sports-nutrition-supplements"],
    "locations": {
      "vic": {
        "price": 3,
        "promoText": " ",
        "packageSize": "68g",
        "packagePrice": "$4.41 per 100G"
      }
    }
  },
  {
    "id": "dose-co-collagen-protein-powder-creamy-vanilla",
    "brand": "Dose & Co.",
    "name": "Collagen Protein Powder Creamy Vanilla",
    "imageUrl": "https://shop.coles.com.au/wcsstore/Coles-CAS/images/3/7/9/3792652-th.jpg",
    "categories": ["healthy-living"],
    "tags": ["diet-sports-nutrition", "sports-nutrition-supplements"],
    "locations": {
      "vic": {
        "price": 40,
        "promoText": " ",
        "packageSize": "420g",
        "packagePrice": "$9.52 per 100G"
      }
    }
  },
  {
    "id": "fulfil-protein-bar-choc-mint",
    "brand": "Fulfil",
    "name": "Milk Chocolate And Mint Flavour Vitamin And Protein Bar",
    "imageUrl": "https://shop.coles.com.au/wcsstore/Coles-CAS/images/3/1/2/3129218-th.jpg",
    "categories": ["healthy-living"],
    "tags": ["diet-sports-nutrition", "sports-nutrition-supplements"],
    "locations": {
      "vic": {
        "price": 4,
        "promoText": " ",
        "packageSize": "55g",
        "packagePrice": "$7.27 per 100G"
      }
    }
  },
  {
    "id": "fulfil-protein-bar-peanut-caramel",
    "brand": "Fulfil",
    "name": "Vitamin & Protein Bar Peanut & Caramel Flavour",
    "imageUrl": "https://shop.coles.com.au/wcsstore/Coles-CAS/images/3/1/2/3129240-th.jpg",
    "categories": ["healthy-living"],
    "tags": ["diet-sports-nutrition", "sports-nutrition-supplements"],
    "locations": {
      "vic": {
        "price": 4,
        "promoText": " ",
        "packageSize": "55g",
        "packagePrice": "$7.27 per 100G"
      }
    }
  },
  {
    "id": "musashi-choc-fudge-p45-brownie-bar",
    "brand": "Musashi",
    "name": "Choc Fudge P45 Brownie Bar",
    "imageUrl": "https://shop.coles.com.au/wcsstore/Coles-CAS/images/2/5/0/2507320-th.jpg",
    "categories": ["healthy-living"],
    "tags": ["diet-sports-nutrition", "sports-nutrition-supplements"],
    "locations": {
      "vic": {
        "price": 4,
        "promoText": "$1.00 ",
        "packageSize": "90g",
        "packagePrice": "$4.44 per 100G"
      }
    }
  },
  {
    "id": "musashi-delux-protein-peanut-crunch",
    "brand": "Musashi",
    "name": "Deluxe High Protein Peanut Crunch",
    "imageUrl": "https://shop.coles.com.au/wcsstore/Coles-CAS/images/3/3/9/3398796-th.jpg",
    "categories": ["healthy-living"],
    "tags": ["diet-sports-nutrition", "sports-nutrition-supplements"],
    "locations": {
      "vic": {
        "price": 4,
        "promoText": " ",
        "packageSize": "60g",
        "packagePrice": "$6.67 per 100G"
      }
    }
  },
  {
    "id": "natures-way-super-foods-apple-cider-vinegar",
    "brand": "Nature's Way",
    "name": "Super Foods Apple Cider Vinegar",
    "imageUrl": "https://shop.coles.com.au/wcsstore/Coles-CAS/images/3/2/7/3279538-th.jpg",
    "categories": ["healthy-living"],
    "tags": ["diet-sports-nutrition", "sports-nutrition-supplements"],
    "locations": {
      "vic": {
        "price": 16,
        "promoText": " ",
        "packageSize": "60 pack",
        "packagePrice": "$26.67 per 100Ea"
      }
    }
  },
  {
    "id": "atkins-endulge-bar-chocolate",
    "brand": "Atkins",
    "name": "Endulge Chocolate Bar",
    "imageUrl": "https://shop.coles.com.au/wcsstore/Coles-CAS/images/4/3/5/4358549-th.jpg",
    "categories": ["healthy-living"],
    "tags": ["diet-sports-nutrition", "sports-nutrition-supplements"],
    "locations": {
      "vic": {
        "price": 3,
        "promoText": " ",
        "packageSize": "30g",
        "packagePrice": "$10.00 per 100G"
      }
    }
  },
  {
    "id": "atkins-day-break-bars-hazelnut-snack",
    "brand": "Atkins",
    "name": "Day Break Hazelnut Snack Bar",
    "imageUrl": "https://shop.coles.com.au/wcsstore/Coles-CAS/images/1/2/1/1210698-th.jpg",
    "categories": ["healthy-living"],
    "tags": ["diet-sports-nutrition", "sports-nutrition-supplements"],
    "locations": {
      "vic": {
        "price": 11.5,
        "promoText": " ",
        "packageSize": "5 pack",
        "packagePrice": "$6.22 per 100G"
      }
    }
  },
  {
    "id": "atkins-advantage-rtd-chocolate",
    "brand": "Atkins",
    "name": "Low Carb Chocolate Flavour Protein Shake",
    "imageUrl": "https://shop.coles.com.au/wcsstore/Coles-CAS/images/2/8/9/2899650-th.jpg",
    "categories": ["healthy-living"],
    "tags": ["diet-sports-nutrition", "sports-nutrition-supplements"],
    "locations": {
      "vic": {
        "price": 3.5,
        "promoText": " ",
        "packageSize": "330mL",
        "packagePrice": "$10.61 per 1L"
      }
    }
  },
  {
    "id": "aussie-bodies-hplc-bar-chocolate",
    "brand": "Aussie Bodies",
    "name": "HPLC Chocolate Protein Bar",
    "imageUrl": "https://shop.coles.com.au/wcsstore/Coles-CAS/images/8/6/0/8604658-th.jpg",
    "categories": ["healthy-living"],
    "tags": ["diet-sports-nutrition", "sports-nutrition-supplements"],
    "locations": {
      "vic": {
        "price": 5,
        "promoText": " ",
        "packageSize": "100g",
        "packagePrice": "$5.00 per 100G"
      }
    }
  },
  {
    "id": "aussie-bodies-shine-collagen-coconut-delite",
    "brand": "Aussie Bodies",
    "name": "Shine Collagen Coconut Delite",
    "imageUrl": "https://shop.coles.com.au/wcsstore/Coles-CAS/images/3/7/9/3796176-th.jpg",
    "categories": ["healthy-living"],
    "tags": ["diet-sports-nutrition", "sports-nutrition-supplements"],
    "locations": {
      "vic": {
        "price": 3.75,
        "promoText": " ",
        "packageSize": "45g",
        "packagePrice": "$8.33 per 100G"
      }
    }
  },
  {
    "id": "bsc-hydroxyburn-balls-choc-honeycomb",
    "brand": "BSC",
    "name": "White Choc Honeycomb High Protein Balls",
    "imageUrl": "https://shop.coles.com.au/wcsstore/Coles-CAS/images/8/6/5/8655014-th.jpg",
    "categories": ["healthy-living"],
    "tags": ["diet-sports-nutrition", "sports-nutrition-supplements"],
    "locations": {
      "vic": {
        "price": 4.5,
        "promoText": " ",
        "packageSize": "70g",
        "packagePrice": "$6.43 per 100G"
      }
    }
  },
  {
    "id": "crankt-protein-bar-protein-bar-2581607p",
    "brand": "Crankt",
    "name": "Gluten Free Choc Caramel Flavour Protein + Energy Bar",
    "imageUrl": "https://shop.coles.com.au/wcsstore/Coles-CAS/images/2/5/8/2581607-th.jpg",
    "categories": ["healthy-living"],
    "tags": ["diet-sports-nutrition", "sports-nutrition-supplements"],
    "locations": {
      "vic": {
        "price": 3.75,
        "promoText": " ",
        "packageSize": "55g",
        "packagePrice": "$6.82 per 100G"
      }
    }
  },
  {
    "id": "dose-co-dairy-fre-creamer-caramel",
    "brand": "Dose & Co.",
    "name": "Dairy Free Creamer Caramel",
    "imageUrl": "https://shop.coles.com.au/wcsstore/Coles-CAS/images/3/7/9/3792685-th.jpg",
    "categories": ["healthy-living"],
    "tags": ["diet-sports-nutrition", "sports-nutrition-supplements"],
    "locations": {
      "vic": {
        "price": 42,
        "promoText": " ",
        "packageSize": "340g",
        "packagePrice": "$12.35 per 100G"
      }
    }
  },
  {
    "id": "keep-it-cleaner-bliss-balls-espresso",
    "brand": "Keep It Cleaner",
    "name": "Bliss Balls Espresso",
    "imageUrl": "https://shop.coles.com.au/wcsstore/Coles-CAS/images/3/1/3/3134604-th.jpg",
    "categories": ["healthy-living"],
    "tags": ["diet-sports-nutrition", "sports-nutrition-supplements"],
    "locations": {
      "vic": {
        "price": 1.75,
        "promoText": "$0.75 ",
        "packageSize": "40g",
        "packagePrice": "$4.38 per 100G"
      }
    }
  },
  {
    "id": "keep-it-cleaner-bliss-balls-peanut-butter",
    "brand": "Keep It Cleaner",
    "name": "Bliss Balls Peanut Butter",
    "imageUrl": "https://shop.coles.com.au/wcsstore/Coles-CAS/images/3/1/3/3134590-th.jpg",
    "categories": ["healthy-living"],
    "tags": ["diet-sports-nutrition", "sports-nutrition-supplements"],
    "locations": {
      "vic": {
        "price": 1.75,
        "promoText": "$0.75 ",
        "packageSize": "40g",
        "packagePrice": "$4.38 per 100G"
      }
    }
  },
  {
    "id": "keep-it-cleaner-protein-bar-sea-salt-caramel",
    "brand": "Keep It Cleaner",
    "name": "Sea Salt Caramel Protein Bar",
    "imageUrl": "https://shop.coles.com.au/wcsstore/Coles-CAS/images/3/5/0/3502082-th.jpg",
    "categories": ["healthy-living"],
    "tags": ["diet-sports-nutrition", "sports-nutrition-supplements"],
    "locations": {
      "vic": {
        "price": 3,
        "promoText": " ",
        "packageSize": "40g",
        "packagePrice": "$7.50 per 100G"
      }
    }
  },
  {
    "id": "natural-peanut-butter-bar-choc-chip-crunch-30g",
    "brand": "Koja",
    "name": "Natural Peanut Butter Bar Choc Chip Crunch",
    "imageUrl": "https://shop.coles.com.au/wcsstore/Coles-CAS/images/3/4/9/3499829-th.jpg",
    "categories": ["healthy-living"],
    "tags": ["diet-sports-nutrition", "sports-nutrition-supplements"],
    "locations": {
      "vic": {
        "price": 2.6,
        "promoText": "$0.90 ",
        "packageSize": "30g",
        "packagePrice": "$8.67 per 100G"
      }
    }
  },
  {
    "id": "natural-peanut-butter-bar-peanut-caramel-30g",
    "brand": "Koja",
    "name": "Natural Peanut Butter Bar Caramel",
    "imageUrl": "https://shop.coles.com.au/wcsstore/Coles-CAS/images/3/4/9/3499807-th.jpg",
    "categories": ["healthy-living"],
    "tags": ["diet-sports-nutrition", "sports-nutrition-supplements"],
    "locations": {
      "vic": {
        "price": 2.6,
        "promoText": "$0.90 ",
        "packageSize": "30g",
        "packagePrice": "$8.67 per 100G"
      }
    }
  },
  {
    "id": "natures-way-instant-protein-powder-chocolate",
    "brand": "Nature's Way",
    "name": "Instant Chocolate Protein Powder",
    "imageUrl": "https://shop.coles.com.au/wcsstore/Coles-CAS/images/9/3/1/9314766-th.jpg",
    "categories": ["healthy-living"],
    "tags": ["diet-sports-nutrition", "sports-nutrition-supplements"],
    "locations": {
      "vic": {
        "price": 21,
        "promoText": " ",
        "packageSize": "375g",
        "packagePrice": "$5.60 per 100G"
      }
    }
  },
  {
    "id": "swisse-ultibost-high-strength-organic-tumeric-3758290p",
    "brand": "Swisse",
    "name": "Ultiboost High Strength Organic Tumeric",
    "imageUrl": "https://shop.coles.com.au/wcsstore/Coles-CAS/images/3/7/5/3758290-th.jpg",
    "categories": ["healthy-living"],
    "tags": ["diet-sports-nutrition", "sports-nutrition-supplements"],
    "locations": {
      "vic": {
        "price": 25,
        "promoText": " ",
        "packageSize": "30 PACK",
        "packagePrice": ""
      }
    }
  },
  {
    "id": "the-man-shake-variety-10-pack",
    "brand": "The Man Shake",
    "name": "Variety 10 Pack",
    "imageUrl": "https://shop.coles.com.au/wcsstore/Coles-CAS/images/3/1/3/3136053-th.jpg",
    "categories": ["healthy-living"],
    "tags": ["diet-sports-nutrition", "sports-nutrition-supplements"],
    "locations": {
      "vic": {
        "price": 36,
        "promoText": " ",
        "packageSize": "560g",
        "packagePrice": "$6.43 per 100G"
      }
    }
  },
  {
    "id": "winners-gels-lemon-lime",
    "brand": "Winners",
    "name": "Lemon Lime Energy Gel",
    "imageUrl": "https://shop.coles.com.au/wcsstore/Coles-CAS/images/7/5/9/7593363-th.jpg",
    "categories": ["healthy-living"],
    "tags": ["diet-sports-nutrition", "sports-nutrition-supplements"],
    "locations": {
      "vic": {
        "price": 8.5,
        "promoText": " ",
        "packageSize": "4 pack",
        "packagePrice": "$5.31 per 100G"
      }
    }
  },
  {
    "id": "atkins-advantage-shake-vanilla",
    "brand": "Atkins",
    "name": "Low Carb Vanilla Flavoured Protein Shake Mix",
    "imageUrl": "https://shop.coles.com.au/wcsstore/Coles-CAS/images/4/2/2/4221067-th.jpg",
    "categories": ["healthy-living"],
    "tags": ["diet-sports-nutrition", "sports-nutrition-supplements"],
    "locations": {
      "vic": {
        "price": 22,
        "promoText": " ",
        "packageSize": "310g",
        "packagePrice": "$7.10 per 100G"
      }
    }
  },
  {
    "id": "atkins-advantage-shake-chocolate",
    "brand": "Atkins",
    "name": "Low Carb Chocolate Flavoured Shake Mix",
    "imageUrl": "https://shop.coles.com.au/wcsstore/Coles-CAS/images/4/2/2/4221078-th.jpg",
    "categories": ["healthy-living"],
    "tags": ["diet-sports-nutrition", "sports-nutrition-supplements"],
    "locations": {
      "vic": {
        "price": 22,
        "promoText": " ",
        "packageSize": "330g",
        "packagePrice": "$6.67 per 100G"
      }
    }
  },
  {
    "id": "atkins-endulge-bar-chocolate-coconut",
    "brand": "Atkins",
    "name": "Endulge Chocolate Coconut 5 Bars",
    "imageUrl": "https://shop.coles.com.au/wcsstore/Coles-CAS/images/9/9/0/9906903-th.jpg",
    "categories": ["healthy-living"],
    "tags": ["diet-sports-nutrition", "sports-nutrition-supplements"],
    "locations": {
      "vic": {
        "price": 13.5,
        "promoText": " ",
        "packageSize": "200g",
        "packagePrice": "$6.75 per 100G"
      }
    }
  },
  {
    "id": "atkins-advantage-bar-fudge-caramel",
    "brand": "Atkins",
    "name": "Fudge Caramel",
    "imageUrl": "https://shop.coles.com.au/wcsstore/Coles-CAS/images/2/8/7/2873840-th.jpg",
    "categories": ["healthy-living"],
    "tags": ["diet-sports-nutrition", "sports-nutrition-supplements"],
    "locations": {
      "vic": {
        "price": 4.5,
        "promoText": " ",
        "packageSize": "60g",
        "packagePrice": "$7.50 per 100G"
      }
    }
  },
  {
    "id": "atkins-endulge-choc-mint",
    "brand": "Atkins",
    "name": "Endulge Chocolate Mint Crisp 5 Bars",
    "imageUrl": "https://shop.coles.com.au/wcsstore/Coles-CAS/images/3/4/9/3498917-th.jpg",
    "categories": ["healthy-living"],
    "tags": ["diet-sports-nutrition", "sports-nutrition-supplements"],
    "locations": {
      "vic": {
        "price": 13.5,
        "promoText": " ",
        "packageSize": "150g",
        "packagePrice": "$9.00 per 100G"
      }
    }
  },
  {
    "id": "atkins-endulge-cherry-coconut-5-pack",
    "brand": "Atkins",
    "name": "Endulge Cherry Coconut 5 Pack",
    "imageUrl": "https://shop.coles.com.au/wcsstore/Coles-CAS/images/3/7/5/3757899-th.jpg",
    "categories": ["healthy-living"],
    "tags": ["diet-sports-nutrition", "sports-nutrition-supplements"],
    "locations": {
      "vic": {
        "price": 13.5,
        "promoText": " ",
        "packageSize": "170g",
        "packagePrice": "$7.94 per 100G"
      }
    }
  },
  {
    "id": "aussie-bodies-protein-fx-honey-almond-crunch-bars",
    "brand": "Aussie Bodies",
    "name": "FX Lo Carb Honey Almond Crunch Protein Bar",
    "imageUrl": "https://shop.coles.com.au/wcsstore/Coles-CAS/images/2/0/1/2015235-th.jpg",
    "categories": ["healthy-living"],
    "tags": ["diet-sports-nutrition", "sports-nutrition-supplements"],
    "locations": {
      "vic": {
        "price": 2.8,
        "promoText": " ",
        "packageSize": "40g",
        "packagePrice": "$7.00 per 100G"
      }
    }
  },
  {
    "id": "aussie-bodies-protein-fx-lo-carb-crunch-rocky-road-bar",
    "brand": "Aussie Bodies",
    "name": "FX Lo Carb Rocky Road Crunch Protein Bar",
    "imageUrl": "https://shop.coles.com.au/wcsstore/Coles-CAS/images/2/4/8/2481566-th.jpg",
    "categories": ["healthy-living"],
    "tags": ["diet-sports-nutrition", "sports-nutrition-supplements"],
    "locations": {
      "vic": {
        "price": 2.8,
        "promoText": " ",
        "packageSize": "40g",
        "packagePrice": "$7.00 per 100G"
      }
    }
  },
  {
    "id": "aussie-bodies-lc-whipd-english-toffee",
    "brand": "Aussie Bodies",
    "name": "Lo Carb Whip'd Protein Bar English Toffee Flavour",
    "imageUrl": "https://shop.coles.com.au/wcsstore/Coles-CAS/images/3/1/3/3139991-th.jpg",
    "categories": ["healthy-living"],
    "tags": ["diet-sports-nutrition", "sports-nutrition-supplements"],
    "locations": {
      "vic": {
        "price": 2.6,
        "promoText": " ",
        "packageSize": "30g",
        "packagePrice": "$8.67 per 100G"
      }
    }
  },
  {
    "id": "aussie-bodies-collagen-bar-salted-caramel",
    "brand": "Aussie Bodies",
    "name": "Collagen+ Salted Cramel Flavour Protein Bar",
    "imageUrl": "https://shop.coles.com.au/wcsstore/Coles-CAS/images/3/5/0/3500495-th.jpg",
    "categories": ["healthy-living"],
    "tags": ["diet-sports-nutrition", "sports-nutrition-supplements"],
    "locations": {
      "vic": {
        "price": 4,
        "promoText": " ",
        "packageSize": "60g",
        "packagePrice": "$0.67 per 10G"
      }
    }
  },
  {
    "id": "aussie-bodies-nourish-protein-peanut-butter",
    "brand": "Aussie Bodies",
    "name": "Nourish Protein Peanut Butter",
    "imageUrl": "https://shop.coles.com.au/wcsstore/Coles-CAS/images/3/7/9/3796110-th.jpg",
    "categories": ["healthy-living"],
    "tags": ["diet-sports-nutrition", "sports-nutrition-supplements"],
    "locations": {
      "vic": {
        "price": 3.75,
        "promoText": " ",
        "packageSize": "36g",
        "packagePrice": "$10.42 per 100G"
      }
    }
  },
  {
    "id": "aussie-bodies-shine-collagen-protein-powder",
    "brand": "Aussie Bodies",
    "name": "Shine Collagen Apple Mango Protein Powder",
    "imageUrl": "https://shop.coles.com.au/wcsstore/Coles-CAS/images/3/7/9/3796201-th.jpg",
    "categories": ["healthy-living"],
    "tags": ["diet-sports-nutrition", "sports-nutrition-supplements"],
    "locations": {
      "vic": {
        "price": 28,
        "promoText": " ",
        "packageSize": "455g",
        "packagePrice": "$6.15 per 100G"
      }
    }
  },
  {
    "id": "aussie-bodies-nourish-protein-coconut-almond",
    "brand": "Aussie Bodies",
    "name": "Nourish Protein Coconut Almond",
    "imageUrl": "https://shop.coles.com.au/wcsstore/Coles-CAS/images/3/7/9/3796100-th.jpg",
    "categories": ["healthy-living"],
    "tags": ["diet-sports-nutrition", "sports-nutrition-supplements"],
    "locations": {
      "vic": {
        "price": 3.75,
        "promoText": " ",
        "packageSize": "36g",
        "packagePrice": "$10.42 per 100G"
      }
    }
  },
  {
    "id": "aussie-bodies-shape-lo-carb-choc-whip-d",
    "brand": "Aussie Bodies",
    "name": "Shape Lo Carb Choc Whipped",
    "imageUrl": "https://shop.coles.com.au/wcsstore/Coles-CAS/images/3/7/9/3796085-th.jpg",
    "categories": ["healthy-living"],
    "tags": ["diet-sports-nutrition", "sports-nutrition-supplements"],
    "locations": {
      "vic": {
        "price": 3.75,
        "promoText": " ",
        "packageSize": "50g",
        "packagePrice": "$7.50 per 100G"
      }
    }
  },
  {
    "id": "bsc-hydroxyburn-powder-shaker-chocolate",
    "brand": "BSC",
    "name": "Whey Protein Shaker",
    "imageUrl": "https://shop.coles.com.au/wcsstore/Coles-CAS/images/8/6/5/8653879-th.jpg",
    "categories": ["healthy-living"],
    "tags": ["diet-sports-nutrition", "sports-nutrition-supplements"],
    "locations": {
      "vic": {
        "price": 5.5,
        "promoText": "$1.50 ",
        "packageSize": "",
        "packagePrice": "$5.50 per 1Ea"
      }
    }
  },
  {
    "id": "bsc-powder-nitro-bulk-mass-gain-formulachocolate",
    "brand": "BSC",
    "name": "Nitrobulk Build Muscle Protein Chocolate Fudge Powder",
    "imageUrl": "https://shop.coles.com.au/wcsstore/Coles-CAS/images/9/9/1/9919461-th.jpg",
    "categories": ["healthy-living"],
    "tags": ["diet-sports-nutrition", "sports-nutrition-supplements"],
    "locations": {
      "vic": {
        "price": 25,
        "promoText": " ",
        "packageSize": "500g",
        "packagePrice": "$5.00 per 100G"
      }
    }
  },
  {
    "id": "nitrovol-primal-protein-primal-peanut-butter-fudge-protein-bar",
    "brand": "BSC",
    "name": "High Protein Peanut Butter Fudge Muscle Bar",
    "imageUrl": "https://shop.coles.com.au/wcsstore/Coles-CAS/images/2/0/2/2021191-th.jpg",
    "categories": ["healthy-living"],
    "tags": ["diet-sports-nutrition", "sports-nutrition-supplements"],
    "locations": {
      "vic": {
        "price": 5,
        "promoText": " ",
        "packageSize": "80g",
        "packagePrice": "$6.25 per 100G"
      }
    }
  },
  {
    "id": "bsc-rtd-complete-protien-double-shot-espresso-shake",
    "brand": "BSC",
    "name": "Muscle Protein Shake Double Shot Espresso",
    "imageUrl": "https://shop.coles.com.au/wcsstore/Coles-CAS/images/2/9/7/2976070-th.jpg",
    "categories": ["healthy-living"],
    "tags": ["diet-sports-nutrition", "sports-nutrition-supplements"],
    "locations": {
      "vic": {
        "price": 4.5,
        "promoText": " ",
        "packageSize": "450mL",
        "packagePrice": "$1.00 per 100mL"
      }
    }
  },
  {
    "id": "bsc-high-protein-bar-dough-cookie",
    "brand": "BSC",
    "name": "High Protein Cookie Dough Bar",
    "imageUrl": "https://shop.coles.com.au/wcsstore/Coles-CAS/images/2/8/9/2898818-th.jpg",
    "categories": ["healthy-living"],
    "tags": ["diet-sports-nutrition", "sports-nutrition-supplements"],
    "locations": {
      "vic": {
        "price": 4,
        "promoText": " ",
        "packageSize": "60g",
        "packagePrice": "$6.67 per 100G"
      }
    }
  },
  {
    "id": "bsc-high-protein-bar-choc-mint",
    "brand": "BSC",
    "name": "High Protein Choc Mint Bar",
    "imageUrl": "https://shop.coles.com.au/wcsstore/Coles-CAS/images/2/8/9/2898807-th.jpg",
    "categories": ["healthy-living"],
    "tags": ["diet-sports-nutrition", "sports-nutrition-supplements"],
    "locations": {
      "vic": {
        "price": 4,
        "promoText": " ",
        "packageSize": "60g",
        "packagePrice": "$6.67 per 100G"
      }
    }
  },
  {
    "id": "bsc-body-science-high-protein-bar-rocky-rd",
    "brand": "BSC",
    "name": "Rocky Road High Protein Low Carb Bar",
    "imageUrl": "https://shop.coles.com.au/wcsstore/Coles-CAS/images/3/1/2/3125319-th.jpg",
    "categories": ["healthy-living"],
    "tags": ["diet-sports-nutrition", "sports-nutrition-supplements"],
    "locations": {
      "vic": {
        "price": 4,
        "promoText": " ",
        "packageSize": "60g",
        "packagePrice": "$6.67 per 100G"
      }
    }
  },
  {
    "id": "bsc-body-science-hi-protein-bar-salted-carml",
    "brand": "BSC",
    "name": "High Protein Salted Caramel Bar",
    "imageUrl": "https://shop.coles.com.au/wcsstore/Coles-CAS/images/3/1/2/3125840-th.jpg",
    "categories": ["healthy-living"],
    "tags": ["diet-sports-nutrition", "sports-nutrition-supplements"],
    "locations": {
      "vic": {
        "price": 4,
        "promoText": " ",
        "packageSize": "60g",
        "packagePrice": "$6.67 per 100G"
      }
    }
  },
  {
    "id": "bsc-whey-protein-vanilla",
    "brand": "BSC",
    "name": "Vanilla Flavour Whey Protein",
    "imageUrl": "https://shop.coles.com.au/wcsstore/Coles-CAS/images/3/4/9/3498065-th.jpg",
    "categories": ["healthy-living"],
    "tags": ["diet-sports-nutrition", "sports-nutrition-supplements"],
    "locations": {
      "vic": {
        "price": 23,
        "promoText": " ",
        "packageSize": "400g",
        "packagePrice": "$5.75 per 100G"
      }
    }
  },
  {
    "id": "bsc-clean-plant-protein-bar-choc-lamington",
    "brand": "BSC",
    "name": "Gluten Free Choc Lamington Clean Bar",
    "imageUrl": "https://shop.coles.com.au/wcsstore/Coles-CAS/images/3/4/9/3498021-th.jpg",
    "categories": ["healthy-living"],
    "tags": ["diet-sports-nutrition", "sports-nutrition-supplements"],
    "locations": {
      "vic": {
        "price": 4,
        "promoText": " ",
        "packageSize": "50g",
        "packagePrice": "$0.80 per 10G"
      }
    }
  },
  {
    "id": "blue-dinosaur-paleo-bars-banana-bread",
    "brand": "Blue Dinosaur",
    "name": "Paleo Bars Banana Bread",
    "imageUrl": "https://shop.coles.com.au/wcsstore/Coles-CAS/images/3/2/7/3278830-th.jpg",
    "categories": ["healthy-living"],
    "tags": ["diet-sports-nutrition", "sports-nutrition-supplements"],
    "locations": {
      "vic": {
        "price": 3.6,
        "promoText": " ",
        "packageSize": "45g",
        "packagePrice": "$8.00 per 100G"
      }
    }
  },
  {
    "id": "celebrity-slim-shaker-500ml",
    "brand": "Celebrity Slim",
    "name": "Shaker",
    "imageUrl": "https://shop.coles.com.au/wcsstore/Coles-CAS/images/9/9/0/9909322-th.jpg",
    "categories": ["healthy-living"],
    "tags": ["diet-sports-nutrition", "sports-nutrition-supplements"],
    "locations": {
      "vic": {
        "price": 3.5,
        "promoText": " ",
        "packageSize": "",
        "packagePrice": "$3.50 per 1Ea"
      }
    }
  },
  {
    "id": "clif-coconut-chocolate-chip",
    "brand": "Clif",
    "name": "Coconut Chocolate Chip",
    "imageUrl": "https://shop.coles.com.au/wcsstore/Coles-CAS/images/3/0/1/3015398-th.jpg",
    "categories": ["healthy-living"],
    "tags": ["diet-sports-nutrition", "sports-nutrition-supplements"],
    "locations": {
      "vic": {
        "price": 3,
        "promoText": " ",
        "packageSize": "68g",
        "packagePrice": "$4.41 per 100G"
      }
    }
  },
  {
    "id": "clif-chocchip-bar",
    "brand": "Clif Bar",
    "name": "Chocolate Chip Bar",
    "imageUrl": "https://shop.coles.com.au/wcsstore/Coles-CAS/images/2/5/0/2507910-th.jpg",
    "categories": ["healthy-living"],
    "tags": ["diet-sports-nutrition", "sports-nutrition-supplements"],
    "locations": {
      "vic": {
        "price": 3,
        "promoText": " ",
        "packageSize": "68g",
        "packagePrice": "$4.41 per 100G"
      }
    }
  },
  {
    "id": "clif-white-chocolate-macadamia-bar",
    "brand": "Clif Bar",
    "name": "White Chocolate Macadamia Bar",
    "imageUrl": "https://shop.coles.com.au/wcsstore/Coles-CAS/images/2/5/0/2507932-th.jpg",
    "categories": ["healthy-living"],
    "tags": ["diet-sports-nutrition", "sports-nutrition-supplements"],
    "locations": {
      "vic": {
        "price": 3,
        "promoText": " ",
        "packageSize": "68g",
        "packagePrice": "$4.41 per 100G"
      }
    }
  },
  {
    "id": "coles-unflavoured-whey-protein",
    "brand": "Coles",
    "name": "Unflavoured Whey Protein Concentrate",
    "imageUrl": "https://shop.coles.com.au/wcsstore/Coles-CAS/images/2/4/8/2483390-th.jpg",
    "categories": ["healthy-living"],
    "tags": ["diet-sports-nutrition", "sports-nutrition-supplements"],
    "locations": {
      "vic": {
        "price": 18,
        "promoText": " ",
        "packageSize": "500g",
        "packagePrice": "$3.60 per 100G"
      }
    }
  },
  {
    "id": "coles-unflavoured-pea-protein",
    "brand": "Coles",
    "name": "Unflavoured Pea Protein",
    "imageUrl": "https://shop.coles.com.au/wcsstore/ColesResponsiveStorefrontAssetStore/dist/ccfc54aed6e361b650bcf0582f7b576b/img/img_product-placeholder.png",
    "categories": ["healthy-living"],
    "tags": ["diet-sports-nutrition", "sports-nutrition-supplements"],
    "locations": {
      "vic": {
        "price": 10,
        "promoText": " ",
        "packageSize": "500g",
        "packagePrice": "$2.00 per 100G"
      }
    }
  },
  {
    "id": "crankt-banana-protein-shake",
    "brand": "Crankt",
    "name": "Banana Protein Shake",
    "imageUrl": "https://shop.coles.com.au/wcsstore/Coles-CAS/images/2/4/9/2493000-th.jpg",
    "categories": ["healthy-living"],
    "tags": ["diet-sports-nutrition", "sports-nutrition-supplements"],
    "locations": {
      "vic": {
        "price": 3.95,
        "promoText": " ",
        "packageSize": "375mL",
        "packagePrice": "$10.53 per 1L"
      }
    }
  },
  {
    "id": "crankt-choc-peanut-butter-protein-bar",
    "brand": "Crankt",
    "name": "Gluten Free Choc Peanut Flavour Protein + Energy Bar",
    "imageUrl": "https://shop.coles.com.au/wcsstore/Coles-CAS/images/3/4/9/3499589-th.jpg",
    "categories": ["healthy-living"],
    "tags": ["diet-sports-nutrition", "sports-nutrition-supplements"],
    "locations": {
      "vic": {
        "price": 3.75,
        "promoText": " ",
        "packageSize": "55g",
        "packagePrice": "$0.68 per 10G"
      }
    }
  },
  {
    "id": "dose-co-collagen-protein-powder-chocolate-fudge",
    "brand": "Dose & Co.",
    "name": "Collagen Protein Powder Chocolate Fudge",
    "imageUrl": "https://shop.coles.com.au/wcsstore/Coles-CAS/images/3/7/9/3792641-th.jpg",
    "categories": ["healthy-living"],
    "tags": ["diet-sports-nutrition", "sports-nutrition-supplements"],
    "locations": {
      "vic": {
        "price": 40,
        "promoText": " ",
        "packageSize": "420g",
        "packagePrice": "$9.52 per 100G"
      }
    }
  },
  {
    "id": "freedom-foods-vitalife-womens-vanilla",
    "brand": "Freedom Foods",
    "name": "Vitalife Womens 40+ Smooth Vanilla Flavour",
    "imageUrl": "https://shop.coles.com.au/wcsstore/Coles-CAS/images/3/1/2/3125126-th.jpg",
    "categories": ["healthy-living"],
    "tags": ["diet-sports-nutrition", "sports-nutrition-supplements"],
    "locations": {
      "vic": {
        "price": 30,
        "promoText": " ",
        "packageSize": "420g",
        "packagePrice": "$7.14 per 100G"
      }
    }
  },
  {
    "id": "ironman-energy-bar-salted-caramel",
    "brand": "Ironman",
    "name": "Salted Caramel Energy Bar",
    "imageUrl": "https://shop.coles.com.au/wcsstore/Coles-CAS/images/3/5/0/3500768-th.jpg",
    "categories": ["healthy-living"],
    "tags": ["diet-sports-nutrition", "sports-nutrition-supplements"],
    "locations": {
      "vic": {
        "price": 0,
        "promoText": " ",
        "packageSize": "60g",
        "packagePrice": ""
      }
    }
  },
  {
    "id": "keep-it-cleaner-bliss-balls-acai-berry",
    "brand": "Keep It Cleaner",
    "name": "Bliss Balls Acai Berry",
    "imageUrl": "https://shop.coles.com.au/wcsstore/Coles-CAS/images/3/1/3/3134568-th.jpg",
    "categories": ["healthy-living"],
    "tags": ["diet-sports-nutrition", "sports-nutrition-supplements"],
    "locations": {
      "vic": {
        "price": 1.75,
        "promoText": "$0.75 ",
        "packageSize": "40g",
        "packagePrice": "$4.38 per 100G"
      }
    }
  },
  {
    "id": "keep-it-cleaner-protein-bar-crunchy-peanut-butter",
    "brand": "Keep It Cleaner",
    "name": "Crunchy Peanut Butter Protein Bar",
    "imageUrl": "https://shop.coles.com.au/wcsstore/Coles-CAS/images/3/5/0/3502093-th.jpg",
    "categories": ["healthy-living"],
    "tags": ["diet-sports-nutrition", "sports-nutrition-supplements"],
    "locations": {
      "vic": {
        "price": 3,
        "promoText": " ",
        "packageSize": "40g",
        "packagePrice": "$7.50 per 100G"
      }
    }
  },
  {
    "id": "musashi-high-protein-iced-choc-pet-rtd",
    "brand": "Musashi",
    "name": "High Protein Iced Chocolate Protein Shake",
    "imageUrl": "https://shop.coles.com.au/wcsstore/Coles-CAS/images/3/1/4/3148686-th.jpg",
    "categories": ["healthy-living"],
    "tags": ["diet-sports-nutrition", "sports-nutrition-supplements"],
    "locations": {
      "vic": {
        "price": 2.8,
        "promoText": "$1.20 ",
        "packageSize": "375mL",
        "packagePrice": "$0.75 per 100mL"
      }
    }
  },
  {
    "id": "musashi-high-protein-vanilla",
    "brand": "Musashi",
    "name": "Vanilla Milkshake Flavour High Protein Powder",
    "imageUrl": "https://shop.coles.com.au/wcsstore/Coles-CAS/images/3/5/0/3500338-th.jpg",
    "categories": ["healthy-living"],
    "tags": ["diet-sports-nutrition", "sports-nutrition-supplements"],
    "locations": {
      "vic": {
        "price": 25,
        "promoText": " ",
        "packageSize": "375g",
        "packagePrice": "$6.67 per 100G"
      }
    }
  },
  {
    "id": "musashi-high-protein-chocolate",
    "brand": "Musashi",
    "name": "Chocolate Milkshake Flavour High Protein",
    "imageUrl": "https://shop.coles.com.au/wcsstore/Coles-CAS/images/3/5/0/3500316-th.jpg",
    "categories": ["healthy-living"],
    "tags": ["diet-sports-nutrition", "sports-nutrition-supplements"],
    "locations": {
      "vic": {
        "price": 25,
        "promoText": " ",
        "packageSize": "375g",
        "packagePrice": "$6.67 per 100G"
      }
    }
  },
  {
    "id": "musashi-pre-workout-grape",
    "brand": "Musashi",
    "name": "Purple Grape Flavour Pre Workout Powder",
    "imageUrl": "https://shop.coles.com.au/wcsstore/Coles-CAS/images/3/4/7/3476517-th.jpg",
    "categories": ["healthy-living"],
    "tags": ["diet-sports-nutrition", "sports-nutrition-supplements"],
    "locations": {
      "vic": {
        "price": 40,
        "promoText": " ",
        "packageSize": "225g",
        "packagePrice": "$17.78 per 100G"
      }
    }
  },
  {
    "id": "natures-way-instant-protein-powder-vanilla",
    "brand": "Nature's Way",
    "name": "Vanilla Instant Protein Powder",
    "imageUrl": "https://shop.coles.com.au/wcsstore/Coles-CAS/images/5/6/8/5687604-th.jpg",
    "categories": ["healthy-living"],
    "tags": ["diet-sports-nutrition", "sports-nutrition-supplements"],
    "locations": {
      "vic": {
        "price": 21,
        "promoText": " ",
        "packageSize": "375g",
        "packagePrice": "$5.60 per 100G"
      }
    }
  },
  {
    "id": "natures-way-instant-protein-powder-natural",
    "brand": "Nature's Way",
    "name": "Natural Instant Protein Powder",
    "imageUrl": "https://shop.coles.com.au/wcsstore/Coles-CAS/images/4/2/6/426396-th.jpg",
    "categories": ["healthy-living"],
    "tags": ["diet-sports-nutrition", "sports-nutrition-supplements"],
    "locations": {
      "vic": {
        "price": 21,
        "promoText": " ",
        "packageSize": "375g",
        "packagePrice": "$5.60 per 100G"
      }
    }
  },
  {
    "id": "natures-way-instant-natural-protein-with-super-greens-powder",
    "brand": "Nature's Way",
    "name": "Instant Natural Protein with Super Greens Powder",
    "imageUrl": "https://shop.coles.com.au/wcsstore/Coles-CAS/images/2/9/0/2902303-th.jpg",
    "categories": ["healthy-living"],
    "tags": ["diet-sports-nutrition", "sports-nutrition-supplements"],
    "locations": {
      "vic": {
        "price": 25,
        "promoText": " ",
        "packageSize": "300g",
        "packagePrice": "$8.33 per 100G"
      }
    }
  },
  {
    "id": "natures-way-super-foods-collagn-trmrc",
    "brand": "Nature's Way",
    "name": "Super Foods Collagen + Turmeric 71g",
    "imageUrl": "https://shop.coles.com.au/wcsstore/Coles-CAS/images/3/4/7/3470408-th.jpg",
    "categories": ["healthy-living"],
    "tags": ["diet-sports-nutrition", "sports-nutrition-supplements"],
    "locations": {
      "vic": {
        "price": 20,
        "promoText": " ",
        "packageSize": "60 pack",
        "packagePrice": "$33.33 per 100Ea"
      }
    }
  },
  {
    "id": "on-protein-stix-caramel-crunch",
    "brand": "On",
    "name": "Protein Stix Caramel Crunch",
    "imageUrl": "https://shop.coles.com.au/wcsstore/Coles-CAS/images/3/0/2/3025008-th.jpg",
    "categories": ["healthy-living"],
    "tags": ["diet-sports-nutrition", "sports-nutrition-supplements"],
    "locations": {
      "vic": {
        "price": 4,
        "promoText": " ",
        "packageSize": "70g",
        "packagePrice": "$5.71 per 100G"
      }
    }
  },
  {
    "id": "on-protein-stix-cherry-coconut-3024989p",
    "brand": "On",
    "name": "Protein Stix Cherry Coconut",
    "imageUrl": "https://shop.coles.com.au/wcsstore/Coles-CAS/images/3/0/2/3024989-th.jpg",
    "categories": ["healthy-living"],
    "tags": ["diet-sports-nutrition", "sports-nutrition-supplements"],
    "locations": {
      "vic": {
        "price": 4,
        "promoText": " ",
        "packageSize": "70g",
        "packagePrice": "$5.71 per 100G"
      }
    }
  },
  {
    "id": "optimum-nutrition-protein-crunch-milk-choclate",
    "brand": "Optimum",
    "name": "Nutrition Protein Crunch Milk Chocolate Pouch",
    "imageUrl": "https://shop.coles.com.au/wcsstore/Coles-CAS/images/3/1/3/3130578-th.jpg",
    "categories": ["healthy-living"],
    "tags": ["diet-sports-nutrition", "sports-nutrition-supplements"],
    "locations": {
      "vic": {
        "price": 4,
        "promoText": " ",
        "packageSize": "56g",
        "packagePrice": "$7.02 per 100G"
      }
    }
  },
  {
    "id": "optimum-nutrition-protein-crunch-peanut",
    "brand": "Optimum Nutrition",
    "name": "Peanut Butter Flavour Protein Crunch",
    "imageUrl": "https://shop.coles.com.au/wcsstore/Coles-CAS/images/3/1/3/3130589-th.jpg",
    "categories": ["healthy-living"],
    "tags": ["diet-sports-nutrition", "sports-nutrition-supplements"],
    "locations": {
      "vic": {
        "price": 4,
        "promoText": " ",
        "packageSize": "56g",
        "packagePrice": "$7.14 per 100G"
      }
    }
  },
  {
    "id": "optimum-nutrition-protein-stix-cookies-cream",
    "brand": "Optimum Nutrition",
    "name": "Cookies & Cream Protein Stix",
    "imageUrl": "https://shop.coles.com.au/wcsstore/Coles-CAS/images/3/3/9/3394831-th.jpg",
    "categories": ["healthy-living"],
    "tags": ["diet-sports-nutrition", "sports-nutrition-supplements"],
    "locations": {
      "vic": {
        "price": 4,
        "promoText": " ",
        "packageSize": "70g",
        "packagePrice": "$5.71 per 100G"
      }
    }
  },
  {
    "id": "optimum-nutrition-protein-crunch-vanilla-marshmal",
    "brand": "Optimum Nutrition",
    "name": "Protein Crunch Vanilla Marshmallow",
    "imageUrl": "https://shop.coles.com.au/wcsstore/Coles-CAS/images/3/4/7/3475730-th.jpg",
    "categories": ["healthy-living"],
    "tags": ["diet-sports-nutrition", "sports-nutrition-supplements"],
    "locations": {
      "vic": {
        "price": 4,
        "promoText": " ",
        "packageSize": "57g",
        "packagePrice": "$7.02 per 100G"
      }
    }
  },
  {
    "id": "optimum-nutrition-protein-protein-choc-mint",
    "brand": "Optimum Nutrition",
    "name": "Protein Crunch Mint Chocolate",
    "imageUrl": "https://shop.coles.com.au/wcsstore/Coles-CAS/images/3/7/9/3792540-th.jpg",
    "categories": ["healthy-living"],
    "tags": ["diet-sports-nutrition", "sports-nutrition-supplements"],
    "locations": {
      "vic": {
        "price": 4,
        "promoText": " ",
        "packageSize": "57g",
        "packagePrice": "$7.02 per 100G"
      }
    }
  },
  {
    "id": "quest-cookies-cream-protein-bar",
    "brand": "Quest",
    "name": "Cookies & Cream Protein Bar",
    "imageUrl": "https://shop.coles.com.au/wcsstore/Coles-CAS/images/2/4/7/2477671-th.jpg",
    "categories": ["healthy-living"],
    "tags": ["diet-sports-nutrition", "sports-nutrition-supplements"],
    "locations": {
      "vic": {
        "price": 4,
        "promoText": " ",
        "packageSize": "60g",
        "packagePrice": "$6.67 per 100G"
      }
    }
  },
  {
    "id": "quest-chocolate-chip-cookie-dough-protein-bar",
    "brand": "Quest",
    "name": "Chocolate Chip Cookie Dough Protein Bar",
    "imageUrl": "https://shop.coles.com.au/wcsstore/Coles-CAS/images/2/4/7/2477650-th.jpg",
    "categories": ["healthy-living"],
    "tags": ["diet-sports-nutrition", "sports-nutrition-supplements"],
    "locations": {
      "vic": {
        "price": 4,
        "promoText": " ",
        "packageSize": "60g",
        "packagePrice": "$6.67 per 100G"
      }
    }
  },
  {
    "id": "slim-secrets-choc-love-mint-crisps",
    "brand": "Slim Secrets",
    "name": "Choc Love Bites Mint Crisps",
    "imageUrl": "https://shop.coles.com.au/wcsstore/Coles-CAS/images/3/5/7/3574833-th.jpg",
    "categories": ["healthy-living"],
    "tags": ["diet-sports-nutrition", "sports-nutrition-supplements"],
    "locations": {
      "vic": {
        "price": 3,
        "promoText": " ",
        "packageSize": "36g",
        "packagePrice": "$8.33 per 100G"
      }
    }
  },
  {
    "id": "swisse-high-strength-organic-spirulina-tablets",
    "brand": "Swisse",
    "name": "High Strength Organic Spirulina Tablets",
    "imageUrl": "https://shop.coles.com.au/wcsstore/Coles-CAS/images/2/8/6/2869489-th.jpg",
    "categories": ["healthy-living"],
    "tags": ["diet-sports-nutrition", "sports-nutrition-supplements"],
    "locations": {
      "vic": {
        "price": 48,
        "promoText": " ",
        "packageSize": "200 pack",
        "packagePrice": "$24.00 per 100Ea"
      }
    }
  },
  {
    "id": "swisse-hs-australian-apple-cider-vinegar-3758304p",
    "brand": "Swisse",
    "name": "High Strength Australian Apple Cider Vinegar",
    "imageUrl": "https://shop.coles.com.au/wcsstore/Coles-CAS/images/3/7/5/3758304-th.jpg",
    "categories": ["healthy-living"],
    "tags": ["diet-sports-nutrition", "sports-nutrition-supplements"],
    "locations": {
      "vic": {
        "price": 17,
        "promoText": " ",
        "packageSize": "60 PACK",
        "packagePrice": ""
      }
    }
  },
  {
    "id": "swisse-pure-hemp-sed-oil",
    "brand": "Swisse",
    "name": "Hemp Seed Oil Pure",
    "imageUrl": "https://shop.coles.com.au/wcsstore/Coles-CAS/images/3/7/5/3758360-th.jpg",
    "categories": ["healthy-living"],
    "tags": ["diet-sports-nutrition", "sports-nutrition-supplements"],
    "locations": {
      "vic": {
        "price": 25,
        "promoText": " ",
        "packageSize": "60 PACK",
        "packagePrice": ""
      }
    }
  },
  {
    "id": "systemax-bar-high-protein-low-carb-choc-caramel",
    "brand": "Systemax",
    "name": "High Protein Low Carb Chocolate Caramel Bar",
    "imageUrl": "https://shop.coles.com.au/wcsstore/Coles-CAS/images/1/4/8/1485958-th.jpg",
    "categories": ["healthy-living"],
    "tags": ["diet-sports-nutrition", "sports-nutrition-supplements"],
    "locations": {
      "vic": {
        "price": 1.75,
        "promoText": "$0.45 ",
        "packageSize": "32g",
        "packagePrice": "$5.47 per 100G"
      }
    }
  },
  {
    "id": "the-lady-bar-chocolate-mint",
    "brand": "The Lady Bar",
    "name": "Chocolate Mint",
    "imageUrl": "https://shop.coles.com.au/wcsstore/Coles-CAS/images/3/1/3/3136188-th.jpg",
    "categories": ["healthy-living"],
    "tags": ["diet-sports-nutrition", "sports-nutrition-supplements"],
    "locations": {
      "vic": {
        "price": 4.1,
        "promoText": " ",
        "packageSize": "50g",
        "packagePrice": "$8.20 per 100G"
      }
    }
  },
  {
    "id": "the-lady-shake-variety-10-pack",
    "brand": "The Lady Shake",
    "name": "Variety 10 Pack",
    "imageUrl": "https://shop.coles.com.au/wcsstore/Coles-CAS/images/3/1/3/3136064-th.jpg",
    "categories": ["healthy-living"],
    "tags": ["diet-sports-nutrition", "sports-nutrition-supplements"],
    "locations": {
      "vic": {
        "price": 36,
        "promoText": " ",
        "packageSize": "560g",
        "packagePrice": "$6.43 per 100G"
      }
    }
  },
  {
    "id": "the-man-bar-chunky-choc",
    "brand": "The Man Bar",
    "name": "Chunky Chocolate",
    "imageUrl": "https://shop.coles.com.au/wcsstore/Coles-CAS/images/3/1/3/3136133-th.jpg",
    "categories": ["healthy-living"],
    "tags": ["diet-sports-nutrition", "sports-nutrition-supplements"],
    "locations": {
      "vic": {
        "price": 4.1,
        "promoText": " ",
        "packageSize": "50g",
        "packagePrice": "$8.20 per 100G"
      }
    }
  },
  {
    "id": "vital-strength-creatine-booster-powder",
    "brand": "Vital Strength",
    "name": "Creatine Booster Powder",
    "imageUrl": "https://shop.coles.com.au/wcsstore/Coles-CAS/images/2/0/1/2010559-th.jpg",
    "categories": ["healthy-living"],
    "tags": ["diet-sports-nutrition", "sports-nutrition-supplements"],
    "locations": {
      "vic": {
        "price": 21.95,
        "promoText": " ",
        "packageSize": "300g",
        "packagePrice": "$7.32 per 100G"
      }
    }
  },
  {
    "id": "blackmores-glucosamine-sulfate-tabs",
    "brand": "Blackmores",
    "name": "Glucosamine Sulfate Tabs",
    "imageUrl": "https://shop.coles.com.au/wcsstore/Coles-CAS/images/2/8/9/2899672-th.jpg",
    "categories": ["healthy-living"],
    "tags": ["vitamin", "joints-arthritis"],
    "locations": {
      "vic": {
        "price": 20,
        "promoText": " ",
        "packageSize": "60 pack",
        "packagePrice": "$33.33 per 100Ea"
      }
    }
  },
  {
    "id": "blackmores-glucosamine-1500mg-3465929p",
    "brand": "Blackmores",
    "name": "Glucosamine 150 Tablets",
    "imageUrl": "https://shop.coles.com.au/wcsstore/Coles-CAS/images/3/4/6/3465929-th.jpg",
    "categories": ["healthy-living"],
    "tags": ["vitamin", "joints-arthritis"],
    "locations": {
      "vic": {
        "price": 44.1,
        "promoText": " ",
        "packageSize": "1 pack",
        "packagePrice": "$44.10 per 1Ea"
      }
    }
  },
  {
    "id": "cenovis-glucosamine-1500mg",
    "brand": "Cenovis",
    "name": "Glucosamine 1500 Tablets",
    "imageUrl": "https://shop.coles.com.au/wcsstore/Coles-CAS/images/2/3/5/2355084-th.jpg",
    "categories": ["healthy-living"],
    "tags": ["vitamin", "joints-arthritis"],
    "locations": {
      "vic": {
        "price": 29,
        "promoText": " ",
        "packageSize": "200 pack",
        "packagePrice": "$0.15 per 1Ea"
      }
    }
  },
  {
    "id": "cenovis-celery-2500-capsules",
    "brand": "Cenovis",
    "name": "Celery 2500 Capsules",
    "imageUrl": "https://shop.coles.com.au/wcsstore/Coles-CAS/images/2/8/2/2828470-th.jpg",
    "categories": ["healthy-living"],
    "tags": ["vitamin", "joints-arthritis"],
    "locations": {
      "vic": {
        "price": 7.5,
        "promoText": "$7.50 ",
        "packageSize": "80 pack",
        "packagePrice": "$9.38 per 100Ea"
      }
    }
  },
  {
    "id": "cenovis-glucosamine-fish-oil-capsules",
    "brand": "Cenovis",
    "name": "Glucosamine & Fish Oil Capsules",
    "imageUrl": "https://shop.coles.com.au/wcsstore/Coles-CAS/images/3/7/5/3758530-th.jpg",
    "categories": ["healthy-living"],
    "tags": ["vitamin", "joints-arthritis"],
    "locations": {
      "vic": {
        "price": 12.5,
        "promoText": "$12.50 ",
        "packageSize": "200 pack",
        "packagePrice": "$0.06 per 1Ea"
      }
    }
  },
  {
    "id": "nature-s-own-glucosamine-1500mg",
    "brand": "Nature's Own",
    "name": "Glucosamine 1500mg Tablets",
    "imageUrl": "https://shop.coles.com.au/wcsstore/Coles-CAS/images/3/7/5/3758494-th.jpg",
    "categories": ["healthy-living"],
    "tags": ["vitamin", "joints-arthritis"],
    "locations": {
      "vic": {
        "price": 15,
        "promoText": "$15.00 ",
        "packageSize": "120 PACK",
        "packagePrice": ""
      }
    }
  },
  {
    "id": "natures-way-tabs-glucosamine-1500mg",
    "brand": "Nature's Way",
    "name": "Glucosamine 1500mg Tablets",
    "imageUrl": "https://shop.coles.com.au/wcsstore/Coles-CAS/images/6/5/4/6542083-th.jpg",
    "categories": ["healthy-living"],
    "tags": ["vitamin", "joints-arthritis"],
    "locations": {
      "vic": {
        "price": 40,
        "promoText": " ",
        "packageSize": "180 pack",
        "packagePrice": "$22.22 per 100Ea"
      }
    }
  },
  {
    "id": "natures-own--glucosamine-chndritn-1500mg-tab",
    "brand": "Nature?s Own",
    "name": "Glucosamine Sulfate 1500 with Chondroitin Tablets",
    "imageUrl": "https://shop.coles.com.au/wcsstore/Coles-CAS/images/3/0/6/3060122-th.jpg",
    "categories": ["healthy-living"],
    "tags": ["vitamin", "joints-arthritis"],
    "locations": {
      "vic": {
        "price": 21,
        "promoText": "$9.00 ",
        "packageSize": "100 pack",
        "packagePrice": "$0.21 per 1Ea"
      }
    }
  },
  {
    "id": "naturopathica-curcumax-daily-care-3100mg-80-tabs",
    "brand": "Naturopathica",
    "name": "Curcumax Daily Care Tablets 3100mg",
    "imageUrl": "https://shop.coles.com.au/wcsstore/Coles-CAS/images/2/8/9/2897291-th.jpg",
    "categories": ["healthy-living"],
    "tags": ["vitamin", "joints-arthritis"],
    "locations": {
      "vic": {
        "price": 25,
        "promoText": " ",
        "packageSize": "80 pack",
        "packagePrice": "$31.25 per 100Ea"
      }
    }
  },
  {
    "id": "swisse--ultiboost-glucosamine-sulfate-tablets",
    "brand": "Swisse",
    "name": "Ultiboost Glucosamine Sulfate Tablets",
    "imageUrl": "https://shop.coles.com.au/wcsstore/Coles-CAS/images/2/8/6/2868817-th.jpg",
    "categories": ["healthy-living"],
    "tags": ["vitamin", "joints-arthritis"],
    "locations": {
      "vic": {
        "price": 42,
        "promoText": " ",
        "packageSize": "180 pack",
        "packagePrice": "$0.23 per 1Ea"
      }
    }
  },
  {
    "id": "cenovis-tablets-vitamin-d3",
    "brand": "Cenovis",
    "name": "Vitamin D3 1000IU Tablets",
    "imageUrl": "https://shop.coles.com.au/wcsstore/Coles-CAS/images/7/9/7/7973921-th.jpg",
    "categories": ["healthy-living"],
    "tags": ["vitamin", "bones-muscle-health"],
    "locations": {
      "vic": {
        "price": 7,
        "promoText": " ",
        "packageSize": "200 pack",
        "packagePrice": "$0.04 per 1Ea"
      }
    }
  },
  {
    "id": "cenovis-tablets-magnesium-value-pack",
    "brand": "Cenovis",
    "name": "Magnesium Tablets",
    "imageUrl": "https://shop.coles.com.au/wcsstore/Coles-CAS/images/6/8/3/6839107-th.jpg",
    "categories": ["healthy-living"],
    "tags": ["vitamin", "bones-muscle-health"],
    "locations": {
      "vic": {
        "price": 11.2,
        "promoText": " ",
        "packageSize": "200 pack",
        "packagePrice": "$0.06 per 1Ea"
      }
    }
  },
  {
    "id": "blackmores-bio-magnesium-tablets",
    "brand": "Blackmores",
    "name": "Bio Magnesium Tablets",
    "imageUrl": "https://shop.coles.com.au/wcsstore/Coles-CAS/images/8/2/9/8299135-th.jpg",
    "categories": ["healthy-living"],
    "tags": ["vitamin", "bones-muscle-health"],
    "locations": {
      "vic": {
        "price": 25,
        "promoText": " ",
        "packageSize": "100 pack",
        "packagePrice": "$25.00 per 100Ea"
      }
    }
  },
  {
    "id": "blackmores-super-magnesium-plus-100-pack",
    "brand": "Blackmores",
    "name": "Super Magnesium Plus",
    "imageUrl": "https://shop.coles.com.au/wcsstore/Coles-CAS/images/3/0/6/3068088-th.jpg",
    "categories": ["healthy-living"],
    "tags": ["vitamin", "bones-muscle-health"],
    "locations": {
      "vic": {
        "price": 30.5,
        "promoText": " ",
        "packageSize": "100 pack",
        "packagePrice": "$30.50 per 100Ea"
      }
    }
  },
  {
    "id": "blackmores-vitamin-d3-1000iu",
    "brand": "Blackmores",
    "name": "Vitamin D3 1000iu Capsules",
    "imageUrl": "https://shop.coles.com.au/wcsstore/Coles-CAS/images/9/0/0/9001782-th.jpg",
    "categories": ["healthy-living"],
    "tags": ["vitamin", "bones-muscle-health"],
    "locations": {
      "vic": {
        "price": 15,
        "promoText": "$15.00 ",
        "packageSize": "200 pack",
        "packagePrice": "$7.50 per 100Ea"
      }
    }
  },
  {
    "id": "swisse-vitamins-ultiboost-tablets-magnesium",
    "brand": "Swisse",
    "name": "Ultiboost Magnesium Tablets",
    "imageUrl": "https://shop.coles.com.au/wcsstore/Coles-CAS/images/9/1/3/9131391-th.jpg",
    "categories": ["healthy-living"],
    "tags": ["vitamin", "bones-muscle-health"],
    "locations": {
      "vic": {
        "price": 35,
        "promoText": " ",
        "packageSize": "120 pack",
        "packagePrice": "$29.17 per 100Ea"
      }
    }
  },
  {
    "id": "swisse-vitamins-ultiboost-vitamin-d",
    "brand": "Swisse",
    "name": "Ultiboost Vitamin D Capsules",
    "imageUrl": "https://shop.coles.com.au/wcsstore/Coles-CAS/images/8/0/9/8098927-th.jpg",
    "categories": ["healthy-living"],
    "tags": ["vitamin", "bones-muscle-health"],
    "locations": {
      "vic": {
        "price": 26,
        "promoText": " ",
        "packageSize": "250 pack",
        "packagePrice": "$10.40 per 100Ea"
      }
    }
  },
  {
    "id": "ostelin-vitamin-d-capsules",
    "brand": "Ostelin",
    "name": "Vitamin D3 1000IU Capsules",
    "imageUrl": "https://shop.coles.com.au/wcsstore/Coles-CAS/images/8/6/5/8653289-th.jpg",
    "categories": ["healthy-living"],
    "tags": ["vitamin", "bones-muscle-health"],
    "locations": {
      "vic": {
        "price": 11,
        "promoText": " ",
        "packageSize": "60 pack",
        "packagePrice": "$0.18 per 1Ea"
      }
    }
  },
  {
    "id": "swisse-ultiboost-magnesium-calcium-vit-d",
    "brand": "Swisse",
    "name": "Ultiboost Magnesium Calcium + D3 120 Tablets",
    "imageUrl": "https://shop.coles.com.au/wcsstore/Coles-CAS/images/1/7/8/1783694-th.jpg",
    "categories": ["healthy-living"],
    "tags": ["vitamin", "bones-muscle-health"],
    "locations": {
      "vic": {
        "price": 25,
        "promoText": " ",
        "packageSize": "1 pack",
        "packagePrice": "$25.00 per 1Ea"
      }
    }
  },
  {
    "id": "natures-own-magnesium-capsules-500mg",
    "brand": "Nature's Own",
    "name": "Magnesium Chelate 500mg Tablets",
    "imageUrl": "https://shop.coles.com.au/wcsstore/Coles-CAS/images/9/6/9/9692923-th.jpg",
    "categories": ["healthy-living"],
    "tags": ["vitamin", "bones-muscle-health"],
    "locations": {
      "vic": {
        "price": 6,
        "promoText": "$6.00 ",
        "packageSize": "75 pack",
        "packagePrice": "$8.00 per 100Ea"
      }
    }
  },
  {
    "id": "natures-way-vita-gummies--vitamin-d3-1000iu",
    "brand": "Nature's Way",
    "name": "Vita Gummies Vitamin D3 1000iu",
    "imageUrl": "https://shop.coles.com.au/wcsstore/Coles-CAS/images/9/9/2/9925861-th.jpg",
    "categories": ["healthy-living"],
    "tags": ["vitamin", "bones-muscle-health"],
    "locations": {
      "vic": {
        "price": 21,
        "promoText": " ",
        "packageSize": "120 pack",
        "packagePrice": "$17.50 per 100Ea"
      }
    }
  },
  {
    "id": "caltrate-bone-muscle-50",
    "brand": "Caltrate",
    "name": "Bone & Muscle Calcium with Vitamin D3 100 Tablets",
    "imageUrl": "https://shop.coles.com.au/wcsstore/Coles-CAS/images/3/4/6/3469464-th.jpg",
    "categories": ["healthy-living"],
    "tags": ["vitamin", "bones-muscle-health"],
    "locations": {
      "vic": {
        "price": 17,
        "promoText": " ",
        "packageSize": "1 pack",
        "packagePrice": "$17.00 per 1Ea"
      }
    }
  },
  {
    "id": "natures-way-adlt-vitagummies-calcm-sf",
    "brand": "Nature's Way",
    "name": "Adult Vita Gummies Calcium + Vitamin D Tablets",
    "imageUrl": "https://shop.coles.com.au/wcsstore/Coles-CAS/images/3/4/5/3453250-th.jpg",
    "categories": ["healthy-living"],
    "tags": ["vitamin", "bones-muscle-health"],
    "locations": {
      "vic": {
        "price": 20,
        "promoText": " ",
        "packageSize": "65 pack",
        "packagePrice": "$0.31 per 1Ea"
      }
    }
  },
  {
    "id": "nature-s-way-magnesium-powder-",
    "brand": "Nature's Way",
    "name": "Magnesium Powder",
    "imageUrl": "https://shop.coles.com.au/wcsstore/Coles-CAS/images/3/7/5/3753130-th.jpg",
    "categories": ["healthy-living"],
    "tags": ["vitamin", "bones-muscle-health"],
    "locations": {
      "vic": {
        "price": 30,
        "promoText": " ",
        "packageSize": "210g",
        "packagePrice": "$14.29 per 100G"
      }
    }
  },
  {
    "id": "ostelin-vitamin-d-calcium-tablets",
    "brand": "Ostelin",
    "name": "Calcium & Vitamin D3 Tablets",
    "imageUrl": "https://shop.coles.com.au/wcsstore/Coles-CAS/images/8/6/5/8653700-th.jpg",
    "categories": ["healthy-living"],
    "tags": ["vitamin", "bones-muscle-health"],
    "locations": {
      "vic": {
        "price": 14.2,
        "promoText": " ",
        "packageSize": "60 pack",
        "packagePrice": "$0.24 per 1Ea"
      }
    }
  },
  {
    "id": "bionaturals-magnesium-boost-3476608p",
    "brand": "BioNaturals",
    "name": "Magnesium Boost",
    "imageUrl": "https://shop.coles.com.au/wcsstore/Coles-CAS/images/3/4/7/3476608-th.jpg",
    "categories": ["healthy-living"],
    "tags": ["vitamin", "bones-muscle-health"],
    "locations": {
      "vic": {
        "price": 27,
        "promoText": " ",
        "packageSize": "70 pack",
        "packagePrice": "$0.39 per 1Ea"
      }
    }
  },
  {
    "id": "blackmores-daily-magnesium-powder",
    "brand": "Blackmores",
    "name": "Daily Magnesium Powder",
    "imageUrl": "https://shop.coles.com.au/wcsstore/Coles-CAS/images/3/4/7/3472651-th.jpg",
    "categories": ["healthy-living"],
    "tags": ["vitamin", "bones-muscle-health"],
    "locations": {
      "vic": {
        "price": 20,
        "promoText": " ",
        "packageSize": "150g",
        "packagePrice": "$13.33 per 100G"
      }
    }
  },
  {
    "id": "caltrate-plus-calcium-supplement-tablets",
    "brand": "Caltrate",
    "name": "Bone & Muscle Health Tablets",
    "imageUrl": "https://shop.coles.com.au/wcsstore/Coles-CAS/images/9/3/1/9314620-th.jpg",
    "categories": ["healthy-living"],
    "tags": ["vitamin", "bones-muscle-health"],
    "locations": {
      "vic": {
        "price": 17,
        "promoText": " ",
        "packageSize": "100 pack",
        "packagePrice": "$17.00 per 100Ea"
      }
    }
  },
  {
    "id": "caltrate-plus-tablets",
    "brand": "Caltrate",
    "name": "Bone & Muscle Calcium With Vitamin D3 60 Health Tablets",
    "imageUrl": "https://shop.coles.com.au/wcsstore/Coles-CAS/images/7/8/3/7831111-th.jpg",
    "categories": ["healthy-living"],
    "tags": ["vitamin", "bones-muscle-health"],
    "locations": {
      "vic": {
        "price": 7.99,
        "promoText": "$1.01 ",
        "packageSize": "1 pack",
        "packagePrice": "$7.99 per 1Ea"
      }
    }
  },
  {
    "id": "natures-way-magnesium-tablets",
    "brand": "Nature's Way",
    "name": "Magnesium Tablets",
    "imageUrl": "https://shop.coles.com.au/wcsstore/Coles-CAS/images/6/8/4/6848800-th.jpg",
    "categories": ["healthy-living"],
    "tags": ["vitamin", "bones-muscle-health"],
    "locations": {
      "vic": {
        "price": 16,
        "promoText": " ",
        "packageSize": "150 pack",
        "packagePrice": "$10.67 per 100Ea"
      }
    }
  },
  {
    "id": "natures-way-magnesium-sleep",
    "brand": "Nature's Way",
    "name": "Magnesium Sleep Well With Kava",
    "imageUrl": "https://shop.coles.com.au/wcsstore/Coles-CAS/images/3/4/7/3470419-th.jpg",
    "categories": ["healthy-living"],
    "tags": ["vitamin", "bones-muscle-health"],
    "locations": {
      "vic": {
        "price": 26,
        "promoText": " ",
        "packageSize": "60 pack",
        "packagePrice": "$0.43 per 1Ea"
      }
    }
  },
  {
    "id": "ostelin-vitamin-d-caspules",
    "brand": "Ostelin",
    "name": "Vitamin D3 1000IU Capsules",
    "imageUrl": "https://shop.coles.com.au/wcsstore/Coles-CAS/images/8/6/5/8653584-th.jpg",
    "categories": ["healthy-living"],
    "tags": ["vitamin", "bones-muscle-health"],
    "locations": {
      "vic": {
        "price": 18.2,
        "promoText": "$7.80 ",
        "packageSize": "130 pack",
        "packagePrice": "$0.14 per 1Ea"
      }
    }
  },
  {
    "id": "ostelin-vitamin-d-calcium-tablets-8653755p",
    "brand": "Ostelin",
    "name": "Calcium & Vitamin D3 Tablets",
    "imageUrl": "https://shop.coles.com.au/wcsstore/Coles-CAS/images/8/6/5/8653755-th.jpg",
    "categories": ["healthy-living"],
    "tags": ["vitamin", "bones-muscle-health"],
    "locations": {
      "vic": {
        "price": 18.2,
        "promoText": "$7.80 ",
        "packageSize": "130 pack",
        "packagePrice": "$0.14 per 1Ea"
      }
    }
  },
  {
    "id": "osteoeze-one-a-day",
    "brand": "OsteoEze",
    "name": "One-A-day Vegan Friendly Glucosamine Sulfate 1500mg Tablets",
    "imageUrl": "https://shop.coles.com.au/wcsstore/Coles-CAS/images/3/4/5/3454795-th.jpg",
    "categories": ["healthy-living"],
    "tags": ["vitamin", "bones-muscle-health"],
    "locations": {
      "vic": {
        "price": 29,
        "promoText": "Was $35.00 on Apr 2020 ",
        "packageSize": "120 pack",
        "packagePrice": "$24.17 per 100Ea"
      }
    }
  },
  {
    "id": "osteoeze-triple-action",
    "brand": "OsteoEze",
    "name": "Triple Action Glucosamine Sulfate + Chondroitin + MSM Tablets",
    "imageUrl": "https://shop.coles.com.au/wcsstore/Coles-CAS/images/3/4/5/3454820-th.jpg",
    "categories": ["healthy-living"],
    "tags": ["vitamin", "bones-muscle-health"],
    "locations": {
      "vic": {
        "price": 39,
        "promoText": "Was $46.00 on Apr 2020 ",
        "packageSize": "120 pack",
        "packagePrice": "$32.50 per 100Ea"
      }
    }
  },
  {
    "id": "swisse-ultiboost-magnesium-3469351p",
    "brand": "Swisse",
    "name": "Ultiboost Magnesium 150mg 200 Tablets",
    "imageUrl": "https://shop.coles.com.au/wcsstore/Coles-CAS/images/3/4/6/3469351-th.jpg",
    "categories": ["healthy-living"],
    "tags": ["vitamin", "bones-muscle-health"],
    "locations": {
      "vic": {
        "price": 39,
        "promoText": " ",
        "packageSize": "1 pack",
        "packagePrice": "$39.00 per 1Ea"
      }
    }
  },
  {
    "id": "swisse-high-strength-magnesium-powder-berry",
    "brand": "Swisse",
    "name": "High Strength Magnesium Powder Berry",
    "imageUrl": "https://shop.coles.com.au/wcsstore/Coles-CAS/images/3/7/5/3758268-th.jpg",
    "categories": ["healthy-living"],
    "tags": ["vitamin", "bones-muscle-health"],
    "locations": {
      "vic": {
        "price": 30,
        "promoText": " ",
        "packageSize": "180g",
        "packagePrice": "$16.67 per 100G"
      }
    }
  },
  {
    "id": "swisse-high-strength-magnesium-powder-orange",
    "brand": "Swisse",
    "name": "High Strength Magnesium Powder Orange",
    "imageUrl": "https://shop.coles.com.au/wcsstore/Coles-CAS/images/3/7/5/3758257-th.jpg",
    "categories": ["healthy-living"],
    "tags": ["vitamin", "bones-muscle-health"],
    "locations": {
      "vic": {
        "price": 30,
        "promoText": " ",
        "packageSize": "180g",
        "packagePrice": "$16.67 per 100G"
      }
    }
  },
  {
    "id": "cenovis-co-enzyme-q10-150mg",
    "brand": "Cenovis",
    "name": "Co-Enzyme Q10 150mg Capsules",
    "imageUrl": "https://shop.coles.com.au/wcsstore/Coles-CAS/images/2/2/6/2269073-th.jpg",
    "categories": ["healthy-living"],
    "tags": ["vitamin", "brain-heart-health"],
    "locations": {
      "vic": {
        "price": 10.5,
        "promoText": "$10.50 ",
        "packageSize": "30 pack",
        "packagePrice": "$0.35 per 1Ea"
      }
    }
  },
  {
    "id": "cenovis-tablets-ginkgo-biloba",
    "brand": "Cenovis",
    "name": "Ginkgo Biloba 2000 Tablets",
    "imageUrl": "https://shop.coles.com.au/wcsstore/Coles-CAS/images/4/7/3/4730592-th.jpg",
    "categories": ["healthy-living"],
    "tags": ["vitamin", "brain-heart-health"],
    "locations": {
      "vic": {
        "price": 8,
        "promoText": "$8.00 ",
        "packageSize": "100 pack",
        "packagePrice": "$0.08 per 1Ea"
      }
    }
  },
  {
    "id": "blackmores-natural-e-1000iu-capsules",
    "brand": "Blackmores",
    "name": "Natural Vitamin E 1000iu Capsules",
    "imageUrl": "https://shop.coles.com.au/wcsstore/Coles-CAS/images/8/2/9/8297231-th.jpg",
    "categories": ["healthy-living"],
    "tags": ["vitamin", "brain-heart-health"],
    "locations": {
      "vic": {
        "price": 15,
        "promoText": " ",
        "packageSize": "30 pack",
        "packagePrice": "$50.00 per 100Ea"
      }
    }
  },
  {
    "id": "blackmores-omega-double-high-stregth",
    "brand": "Blackmores",
    "name": "Omega Double High Strength Fish Oil Capsules",
    "imageUrl": "https://shop.coles.com.au/wcsstore/Coles-CAS/images/3/6/2/3627000-th.jpg",
    "categories": ["healthy-living"],
    "tags": ["vitamin", "brain-heart-health"],
    "locations": {
      "vic": {
        "price": 32,
        "promoText": " ",
        "packageSize": "90 pack",
        "packagePrice": "$0.36 per 1Ea"
      }
    }
  },
  {
    "id": "cenovis-caps-mega-e-500mg",
    "brand": "Cenovis",
    "name": "Mega E 500IU Capsules",
    "imageUrl": "https://shop.coles.com.au/wcsstore/Coles-CAS/images/5/6/0/5602383-th.jpg",
    "categories": ["healthy-living"],
    "tags": ["vitamin", "brain-heart-health"],
    "locations": {
      "vic": {
        "price": 18.5,
        "promoText": "$18.50 ",
        "packageSize": "250 pack",
        "packagePrice": "$0.07 per 1Ea"
      }
    }
  },
  {
    "id": "natures-way-vita-gummies-omega-3-fish-oil",
    "brand": "Nature's Way",
    "name": "Vita Gummies Omega 3",
    "imageUrl": "https://shop.coles.com.au/wcsstore/Coles-CAS/images/9/1/1/9114086-th.jpg",
    "categories": ["healthy-living"],
    "tags": ["vitamin", "brain-heart-health"],
    "locations": {
      "vic": {
        "price": 20,
        "promoText": " ",
        "packageSize": "110 pack",
        "packagePrice": "$18.18 per 100Ea"
      }
    }
  },
  {
    "id": "swisse-ultiboost-tabs-executive-focus",
    "brand": "Swisse",
    "name": "Ultiboost Memory + Focus 50 Tablets",
    "imageUrl": "https://shop.coles.com.au/wcsstore/Coles-CAS/images/7/1/0/7109289-th.jpg",
    "categories": ["healthy-living"],
    "tags": ["vitamin", "brain-heart-health"],
    "locations": {
      "vic": {
        "price": 29,
        "promoText": " ",
        "packageSize": "1 pack",
        "packagePrice": "$29.00 per 1Ea"
      }
    }
  },
  {
    "id": "nature-s-way-adult-vita-gummies-sugar-fre-vit-c",
    "brand": "Nature's Way",
    "name": "Vita Gummies Sugar Free Vitamin C Sugar Free Tablets",
    "imageUrl": "https://shop.coles.com.au/wcsstore/Coles-CAS/images/3/7/5/3753184-th.jpg",
    "categories": ["healthy-living"],
    "tags": ["vitamin", "flu-cold"],
    "locations": {
      "vic": {
        "price": 20,
        "promoText": " ",
        "packageSize": "65 PACK",
        "packagePrice": ""
      }
    }
  },
  {
    "id": "blackmores-probiotics--daily-health-capsules",
    "brand": "Blackmores",
    "name": "Daily Health Capsules",
    "imageUrl": "https://shop.coles.com.au/wcsstore/Coles-CAS/images/2/9/0/2900545-th.jpg",
    "categories": ["healthy-living"],
    "tags": ["vitamin", "digestion-detox"],
    "locations": {
      "vic": {
        "price": 28,
        "promoText": " ",
        "packageSize": "30 pack",
        "packagePrice": "$93.34 per 100Ea"
      }
    }
  },
  {
    "id": "blackmores-probiotics--immune-defence-capsules",
    "brand": "Blackmores",
    "name": "Immune Defence Capsules",
    "imageUrl": "https://shop.coles.com.au/wcsstore/Coles-CAS/images/2/9/0/2900670-th.jpg",
    "categories": ["healthy-living"],
    "tags": ["vitamin", "digestion-detox"],
    "locations": {
      "vic": {
        "price": 14,
        "promoText": "$14.00 ",
        "packageSize": "30 pack",
        "packagePrice": "$46.67 per 100Ea"
      }
    }
  },
  {
    "id": "natures-way-restore-pro-biotic-choc-balls",
    "brand": "Nature's Way",
    "name": "Restore Probiotic Choc Balls",
    "imageUrl": "https://shop.coles.com.au/wcsstore/Coles-CAS/images/9/9/3/9936573-th.jpg",
    "categories": ["healthy-living"],
    "tags": ["vitamin", "digestion-detox"],
    "locations": {
      "vic": {
        "price": 20,
        "promoText": " ",
        "packageSize": "60 pack",
        "packagePrice": "$33.33 per 100Ea"
      }
    }
  },
  {
    "id": "swisse-vitamins-ultiboost-tablets-liver-detox",
    "brand": "Swisse",
    "name": "Ultiboost Liver Detox Tablets",
    "imageUrl": "https://shop.coles.com.au/wcsstore/Coles-CAS/images/7/5/1/7514979-th.jpg",
    "categories": ["healthy-living"],
    "tags": ["vitamin", "digestion-detox"],
    "locations": {
      "vic": {
        "price": 21.2,
        "promoText": " ",
        "packageSize": "60 pack",
        "packagePrice": "$35.33 per 100Ea"
      }
    }
  },
  {
    "id": "blackmores-tablets-milk-thistle",
    "brand": "Blackmores",
    "name": "Milk Thistle Digestive Health 42 Tablets",
    "imageUrl": "https://shop.coles.com.au/wcsstore/Coles-CAS/images/8/2/9/8299703-th.jpg",
    "categories": ["healthy-living"],
    "tags": ["vitamin", "digestion-detox"],
    "locations": {
      "vic": {
        "price": 12.4,
        "promoText": " ",
        "packageSize": "1 pack",
        "packagePrice": "$12.40 per 1Ea"
      }
    }
  },
  {
    "id": "cenovis-turmeric-3100mg",
    "brand": "Cenovis",
    "name": "Turmeric 3100 Capsules",
    "imageUrl": "https://shop.coles.com.au/wcsstore/Coles-CAS/images/2/5/5/2556202-th.jpg",
    "categories": ["healthy-living"],
    "tags": ["vitamin", "digestion-detox"],
    "locations": {
      "vic": {
        "price": 8.5,
        "promoText": "$8.50 ",
        "packageSize": "80 pack",
        "packagePrice": "$0.11 per 1Ea"
      }
    }
  },
  {
    "id": "swisse-ultibiotic-daily-ibs-probiotic",
    "brand": "Swisse",
    "name": "Ultibiotic Daily IBS Probiotic Capsules",
    "imageUrl": "https://shop.coles.com.au/wcsstore/Coles-CAS/images/3/4/6/3469282-th.jpg",
    "categories": ["healthy-living"],
    "tags": ["vitamin", "digestion-detox"],
    "locations": {
      "vic": {
        "price": 19.2,
        "promoText": "$12.80 ",
        "packageSize": "30 pack",
        "packagePrice": "$64.00 per 100Ea"
      }
    }
  },
  {
    "id": "blackmores-probioticswomens-flora",
    "brand": "Blackmores",
    "name": "Probiotics+ Womens Flora Balance",
    "imageUrl": "https://shop.coles.com.au/wcsstore/Coles-CAS/images/3/4/5/3455460-th.jpg",
    "categories": ["healthy-living"],
    "tags": ["vitamin", "digestion-detox"],
    "locations": {
      "vic": {
        "price": 24,
        "promoText": "$6.00 ",
        "packageSize": "30 pack",
        "packagePrice": "$80.00 per 100Ea"
      }
    }
  },
  {
    "id": "life-space-pregnancy-probiotic",
    "brand": "Life-Space",
    "name": "Pregnancy Probiotic Tablets",
    "imageUrl": "https://shop.coles.com.au/wcsstore/Coles-CAS/images/3/4/4/3449467-th.jpg",
    "categories": ["healthy-living"],
    "tags": ["vitamin", "digestion-detox"],
    "locations": {
      "vic": {
        "price": 27,
        "promoText": " ",
        "packageSize": "30 pack",
        "packagePrice": "$0.90 per 1Ea"
      }
    }
  },
  {
    "id": "life-space-shape-b420-probiotic",
    "brand": "Life-Space",
    "name": "Shape B420 40 Probiotic Tablets",
    "imageUrl": "https://shop.coles.com.au/wcsstore/Coles-CAS/images/3/5/1/3513577-th.jpg",
    "categories": ["healthy-living"],
    "tags": ["vitamin", "digestion-detox"],
    "locations": {
      "vic": {
        "price": 27,
        "promoText": " ",
        "packageSize": "1 pack",
        "packagePrice": "$27.00 per 1Ea"
      }
    }
  },
  {
    "id": "life-space-probiotic-60-capsules",
    "brand": "Life-Space",
    "name": "Probiotic 60+ Years Tablets",
    "imageUrl": "https://shop.coles.com.au/wcsstore/Coles-CAS/images/3/4/4/3449977-th.jpg",
    "categories": ["healthy-living"],
    "tags": ["vitamin", "digestion-detox"],
    "locations": {
      "vic": {
        "price": 27,
        "promoText": " ",
        "packageSize": "40 pack",
        "packagePrice": "$0.68 per 1Ea"
      }
    }
  },
  {
    "id": "life-space-double-strength-probiotic",
    "brand": "Life-Space",
    "name": "Double Strength Probiotic Tablets",
    "imageUrl": "https://shop.coles.com.au/wcsstore/Coles-CAS/images/3/4/4/3449944-th.jpg",
    "categories": ["healthy-living"],
    "tags": ["vitamin", "digestion-detox"],
    "locations": {
      "vic": {
        "price": 27,
        "promoText": " ",
        "packageSize": "20 pack",
        "packagePrice": "$1.35 per 1Ea"
      }
    }
  },
  {
    "id": "life-space-broadspectrum-probiotic",
    "brand": "Life-Space",
    "name": "Broad Spectrum Probiotic Tablets",
    "imageUrl": "https://shop.coles.com.au/wcsstore/Coles-CAS/images/3/4/4/3449456-th.jpg",
    "categories": ["healthy-living"],
    "tags": ["vitamin", "digestion-detox"],
    "locations": {
      "vic": {
        "price": 27,
        "promoText": " ",
        "packageSize": "40 pack",
        "packagePrice": "$0.68 per 1Ea"
      }
    }
  },
  {
    "id": "life-space-probiotic-powder-for-children",
    "brand": "Life-Space",
    "name": "Probiotic Powder For Children 3-12 Years",
    "imageUrl": "https://shop.coles.com.au/wcsstore/Coles-CAS/images/3/4/4/3449922-th.jpg",
    "categories": ["healthy-living"],
    "tags": ["vitamin", "digestion-detox"],
    "locations": {
      "vic": {
        "price": 27,
        "promoText": " ",
        "packageSize": "40g",
        "packagePrice": "$67.50 per 100G"
      }
    }
  },
  {
    "id": "life-space-baby-probiotic-powder",
    "brand": "Life-Space",
    "name": "Baby Probiotic Powder 6 Months -3 Years",
    "imageUrl": "https://shop.coles.com.au/wcsstore/Coles-CAS/images/3/4/4/3449875-th.jpg",
    "categories": ["healthy-living"],
    "tags": ["vitamin", "digestion-detox"],
    "locations": {
      "vic": {
        "price": 27,
        "promoText": " ",
        "packageSize": "40g",
        "packagePrice": "$67.50 per 100G"
      }
    }
  },
  {
    "id": "natures-way-vitamins-vita-gummies-daily-fibre",
    "brand": "Nature's Way",
    "name": "Vita Gummies Daily Fibre Vitamins",
    "imageUrl": "https://shop.coles.com.au/wcsstore/Coles-CAS/images/1/2/1/1216253-th.jpg",
    "categories": ["healthy-living"],
    "tags": ["vitamin", "digestion-detox"],
    "locations": {
      "vic": {
        "price": 20,
        "promoText": " ",
        "packageSize": "110 pack",
        "packagePrice": "$18.18 per 100Ea"
      }
    }
  },
  {
    "id": "natures-way-restore-30-billion-high-strength-probiotic",
    "brand": "Nature's Way",
    "name": "Restore 30 Billion Daily Probiotic",
    "imageUrl": "https://shop.coles.com.au/wcsstore/Coles-CAS/images/1/7/5/1758755-th.jpg",
    "categories": ["healthy-living"],
    "tags": ["vitamin", "digestion-detox"],
    "locations": {
      "vic": {
        "price": 28,
        "promoText": " ",
        "packageSize": "30 pack",
        "packagePrice": "$93.34 per 100Ea"
      }
    }
  },
  {
    "id": "natures-way-probiotic-3-billion",
    "brand": "Nature's Way",
    "name": "Probiotic 3 Billion",
    "imageUrl": "https://shop.coles.com.au/wcsstore/Coles-CAS/images/2/2/7/2279361-th.jpg",
    "categories": ["healthy-living"],
    "tags": ["vitamin", "digestion-detox"],
    "locations": {
      "vic": {
        "price": 15,
        "promoText": " ",
        "packageSize": "30 pack",
        "packagePrice": "$50.00 per 100Ea"
      }
    }
  },
  {
    "id": "natures-way-restore",
    "brand": "Nature's Way",
    "name": "Restore Probiotic Capsules",
    "imageUrl": "https://shop.coles.com.au/wcsstore/Coles-CAS/images/2/8/9/2897190-th.jpg",
    "categories": ["healthy-living"],
    "tags": ["vitamin", "digestion-detox"],
    "locations": {
      "vic": {
        "price": 47,
        "promoText": " ",
        "packageSize": "90 pack",
        "packagePrice": "$52.22 per 100Ea"
      }
    }
  },
  {
    "id": "nature-s-way-adult-vita-gummie-probiotic",
    "brand": "Nature's Way",
    "name": "Adult Vita Gummie Probiotic",
    "imageUrl": "https://shop.coles.com.au/wcsstore/Coles-CAS/images/3/7/5/3753162-th.jpg",
    "categories": ["healthy-living"],
    "tags": ["vitamin", "digestion-detox"],
    "locations": {
      "vic": {
        "price": 20,
        "promoText": " ",
        "packageSize": "65 pack",
        "packagePrice": "$30.77 per 100Ea"
      }
    }
  },
  {
    "id": "naturopathica-supplement-gastro-health-dairy-free",
    "brand": "Naturopathica",
    "name": "Gastro Health Probiotic Dairy Free Capsules",
    "imageUrl": "https://shop.coles.com.au/wcsstore/Coles-CAS/images/8/0/9/8099249-th.jpg",
    "categories": ["healthy-living"],
    "tags": ["vitamin", "digestion-detox"],
    "locations": {
      "vic": {
        "price": 28,
        "promoText": " ",
        "packageSize": "30 pack",
        "packagePrice": "$93.34 per 100Ea"
      }
    }
  },
  {
    "id": "naturopathica-gastroheal-pro-capsules",
    "brand": "Naturopathica",
    "name": "Gastro Health Probiotic 30 Capsules",
    "imageUrl": "https://shop.coles.com.au/wcsstore/Coles-CAS/images/6/2/9/6291562-th.jpg",
    "categories": ["healthy-living"],
    "tags": ["vitamin", "digestion-detox"],
    "locations": {
      "vic": {
        "price": 28,
        "promoText": " ",
        "packageSize": "1 pack",
        "packagePrice": "$28.00 per 1Ea"
      }
    }
  },
  {
    "id": "swisse-ultibiotic-daily-digestive-probiotic",
    "brand": "Swisse",
    "name": "Ultibiotic Daily Digestive Probiotic 30 Capsules",
    "imageUrl": "https://shop.coles.com.au/wcsstore/Coles-CAS/images/3/4/6/3469260-th.jpg",
    "categories": ["healthy-living"],
    "tags": ["vitamin", "digestion-detox"],
    "locations": {
      "vic": {
        "price": 19.2,
        "promoText": "$12.80 ",
        "packageSize": "1 pack",
        "packagePrice": "$19.20 per 1Ea"
      }
    }
  },
  {
    "id": "nature-s-own-b12-activated-methyl",
    "brand": "Nature's Own",
    "name": "B12 Activated Methyl",
    "imageUrl": "https://shop.coles.com.au/wcsstore/Coles-CAS/images/3/7/5/3758519-th.jpg",
    "categories": ["healthy-living"],
    "tags": ["vitamin", "eyes-care"],
    "locations": {
      "vic": {
        "price": 11,
        "promoText": "$11.00 ",
        "packageSize": "60 pack",
        "packagePrice": "$18.33 per 100Ea"
      }
    }
  },
  {
    "id": "nature-s-own-vitamin-b6-200mg",
    "brand": "Nature's Own",
    "name": "Vitamin B6 200mg",
    "imageUrl": "https://shop.coles.com.au/wcsstore/Coles-CAS/images/3/7/5/3758508-th.jpg",
    "categories": ["healthy-living"],
    "tags": ["vitamin", "eyes-care"],
    "locations": {
      "vic": {
        "price": 10,
        "promoText": "$10.00 ",
        "packageSize": "60 pack",
        "packagePrice": "$16.67 per 100Ea"
      }
    }
  },
  {
    "id": "no-doz-plus-tablets",
    "brand": "No Doz",
    "name": "Plus Tablets",
    "imageUrl": "https://shop.coles.com.au/wcsstore/Coles-CAS/images/7/2/2/7220377-th.jpg",
    "categories": ["healthy-living"],
    "tags": ["vitamin", "eyes-care"],
    "locations": {
      "vic": {
        "price": 6.3,
        "promoText": " ",
        "packageSize": "24 pack",
        "packagePrice": "$0.26 per 1Ea"
      }
    }
  },
  {
    "id": "berocca-performance-effervescent-vitamin-tablets-orange-flavour",
    "brand": "Berocca",
    "name": "Energy Vitamin Orange 45 Effervescent Tablets",
    "imageUrl": "https://shop.coles.com.au/wcsstore/Coles-CAS/images/4/6/4/4643421-th.jpg",
    "categories": ["healthy-living"],
    "tags": ["vitamin", "fatigue-stress"],
    "locations": {
      "vic": {
        "price": 22.8,
        "promoText": " ",
        "packageSize": "1 Pack",
        "packagePrice": "$22.80 per 1Ea"
      }
    }
  },
  {
    "id": "berocca-performance-effervescent-vitamin-tablets-original-flavour",
    "brand": "Berocca",
    "name": "Energy Vitamin Original Berry 45 Effervescent Tablets",
    "imageUrl": "https://shop.coles.com.au/wcsstore/Coles-CAS/images/5/6/1/5612285-th.jpg",
    "categories": ["healthy-living"],
    "tags": ["vitamin", "fatigue-stress"],
    "locations": {
      "vic": {
        "price": 22.8,
        "promoText": " ",
        "packageSize": "1 Pack",
        "packagePrice": "$22.80 per 1Ea"
      }
    }
  },
  {
    "id": "blackmores-executive-b-tablets-value-pack",
    "brand": "Blackmores",
    "name": "Executive B Stress Tablets",
    "imageUrl": "https://shop.coles.com.au/wcsstore/Coles-CAS/images/9/5/0/9506814-th.jpg",
    "categories": ["healthy-living"],
    "tags": ["vitamin", "fatigue-stress"],
    "locations": {
      "vic": {
        "price": 33.8,
        "promoText": " ",
        "packageSize": "125 pack",
        "packagePrice": "$27.04 per 100Ea"
      }
    }
  },
  {
    "id": "blackmores-b12-rapi-melts-tablets",
    "brand": "Blackmores",
    "name": "B12 Rapi-melts Tablets",
    "imageUrl": "https://shop.coles.com.au/wcsstore/Coles-CAS/images/2/8/3/2837970-th.jpg",
    "categories": ["healthy-living"],
    "tags": ["vitamin", "fatigue-stress"],
    "locations": {
      "vic": {
        "price": 11.5,
        "promoText": " ",
        "packageSize": "30 pack",
        "packagePrice": "$38.33 per 100Ea"
      }
    }
  },
  {
    "id": "natures-own-vitamin-b12-tablets-1000mcg",
    "brand": "Nature's Own",
    "name": "High Strength Vitamin B12 1000mcg Tablets",
    "imageUrl": "https://shop.coles.com.au/wcsstore/Coles-CAS/images/9/6/9/9692854-th.jpg",
    "categories": ["healthy-living"],
    "tags": ["vitamin", "fatigue-stress"],
    "locations": {
      "vic": {
        "price": 7.5,
        "promoText": "$7.50 ",
        "packageSize": "60 pack",
        "packagePrice": "$12.50 per 100Ea"
      }
    }
  },
  {
    "id": "berocca-performance-effervescent-vitamin-tablets-orange-flavour-9467213p",
    "brand": "Berocca",
    "name": "Energy Vitamin Orange15 Effervescent Tablets",
    "imageUrl": "https://shop.coles.com.au/wcsstore/Coles-CAS/images/9/4/6/9467213-th.jpg",
    "categories": ["healthy-living"],
    "tags": ["vitamin", "fatigue-stress"],
    "locations": {
      "vic": {
        "price": 10.8,
        "promoText": " ",
        "packageSize": "1 Pack",
        "packagePrice": "$10.80 per 1Ea"
      }
    }
  },
  {
    "id": "berocca-performance-effervescent-vitamin-tablets-original-flavour-9716464p",
    "brand": "Berocca",
    "name": "Energy Vitamin Original Berry 30 Effervescent Tablets",
    "imageUrl": "https://shop.coles.com.au/wcsstore/Coles-CAS/images/9/7/1/9716464-th.jpg",
    "categories": ["healthy-living"],
    "tags": ["vitamin", "fatigue-stress"],
    "locations": {
      "vic": {
        "price": 12.97,
        "promoText": "$4.33 ",
        "packageSize": "1 Pack",
        "packagePrice": "$12.97 per 1Ea"
      }
    }
  },
  {
    "id": "berocca-performance-effervescent-orange",
    "brand": "Berocca",
    "name": "Orange Flavour Energy Vitamin 75 Effervescent Tablets",
    "imageUrl": "https://shop.coles.com.au/wcsstore/Coles-CAS/images/3/5/0/3509853-th.jpg",
    "categories": ["healthy-living"],
    "tags": ["vitamin", "fatigue-stress"],
    "locations": {
      "vic": {
        "price": 25.5,
        "promoText": "$8.50 ",
        "packageSize": "1 pack",
        "packagePrice": "$25.50 per 1Ea"
      }
    }
  },
  {
    "id": "natures-own-tablets-advanced-complete-sleep",
    "brand": "Nature's Own",
    "name": "Advanced Complete Sleep Tablets",
    "imageUrl": "https://shop.coles.com.au/wcsstore/Coles-CAS/images/9/4/9/9499446-th.jpg",
    "categories": ["healthy-living"],
    "tags": ["vitamin", "fatigue-stress"],
    "locations": {
      "vic": {
        "price": 10.25,
        "promoText": "$10.25 ",
        "packageSize": "30 pack",
        "packagePrice": "$34.17 per 100Ea"
      }
    }
  },
  {
    "id": "voost-effervescent-magnesium-tablets",
    "brand": "Voost",
    "name": "Magnesium 200mg Natural Citrus 20 Effervescent Tablets",
    "imageUrl": "https://shop.coles.com.au/wcsstore/Coles-CAS/images/3/2/8/3283794-th.jpg",
    "categories": ["healthy-living"],
    "tags": ["vitamin", "fatigue-stress"],
    "locations": {
      "vic": {
        "price": 5,
        "promoText": "$1.50 ",
        "packageSize": "1 Pack",
        "packagePrice": "$5.00 per 1Ea"
      }
    }
  },
  {
    "id": "voost-vitamin-b-performance-3469704p",
    "brand": "Voost",
    "name": "Performance Vitamin B+ Orange 20 Effervescent Tablets",
    "imageUrl": "https://shop.coles.com.au/wcsstore/Coles-CAS/images/3/4/6/3469704-th.jpg",
    "categories": ["healthy-living"],
    "tags": ["vitamin", "fatigue-stress"],
    "locations": {
      "vic": {
        "price": 5,
        "promoText": "$1.50 ",
        "packageSize": "1 pack",
        "packagePrice": "$5.00 per 1Ea"
      }
    }
  },
  {
    "id": "cenovis-tablets-mega-b",
    "brand": "Cenovis",
    "name": "Mega B Tablets",
    "imageUrl": "https://shop.coles.com.au/wcsstore/Coles-CAS/images/4/8/7/4876747-th.jpg",
    "categories": ["healthy-living"],
    "tags": ["vitamin", "fatigue-stress"],
    "locations": {
      "vic": {
        "price": 11.2,
        "promoText": " ",
        "packageSize": "200 pack",
        "packagePrice": "$5.60 per 100Ea"
      }
    }
  },
  {
    "id": "cenovis-b-complex-tablets-2827740p",
    "brand": "Cenovis",
    "name": "B Complex Tablets",
    "imageUrl": "https://shop.coles.com.au/wcsstore/Coles-CAS/images/2/8/2/2827740-th.jpg",
    "categories": ["healthy-living"],
    "tags": ["vitamin", "fatigue-stress"],
    "locations": {
      "vic": {
        "price": 7,
        "promoText": "$7.00 ",
        "packageSize": "150 pack",
        "packagePrice": "$4.67 per 100Ea"
      }
    }
  },
  {
    "id": "natures-own-sleep-ezy-capsules",
    "brand": "Nature's Own",
    "name": "Sleep Ezy Capsules",
    "imageUrl": "https://shop.coles.com.au/wcsstore/Coles-CAS/images/2/8/9/2898964-th.jpg",
    "categories": ["healthy-living"],
    "tags": ["vitamin", "fatigue-stress"],
    "locations": {
      "vic": {
        "price": 10.5,
        "promoText": "$4.50 ",
        "packageSize": "100 pack",
        "packagePrice": "$10.50 per 100Ea"
      }
    }
  },
  {
    "id": "natures-own-vitamin-b3-500mg",
    "brand": "Nature's Own",
    "name": "Vitamin B3 500mg Tablets",
    "imageUrl": "https://shop.coles.com.au/wcsstore/Coles-CAS/images/3/4/7/3470292-th.jpg",
    "categories": ["healthy-living"],
    "tags": ["vitamin", "fatigue-stress"],
    "locations": {
      "vic": {
        "price": 6,
        "promoText": "$6.00 ",
        "packageSize": "60 pack",
        "packagePrice": "$10.00 per 100Ea"
      }
    }
  },
  {
    "id": "swisse-vitamins-ultiboost-tablets-sleep",
    "brand": "Swisse",
    "name": "Ultiboost Sleep Tablets",
    "imageUrl": "https://shop.coles.com.au/wcsstore/Coles-CAS/images/6/9/4/6940778-th.jpg",
    "categories": ["healthy-living"],
    "tags": ["vitamin", "fatigue-stress"],
    "locations": {
      "vic": {
        "price": 22,
        "promoText": " ",
        "packageSize": "60 pack",
        "packagePrice": "$36.67 per 100Ea"
      }
    }
  },
  {
    "id": "berocca-twist-go-drink-orange",
    "brand": "Berocca",
    "name": "Twist N Go Energy Vitamin Orange Drink",
    "imageUrl": "https://shop.coles.com.au/wcsstore/Coles-CAS/images/7/3/8/7387124-th.jpg",
    "categories": ["healthy-living"],
    "tags": ["vitamin", "fatigue-stress"],
    "locations": {
      "vic": {
        "price": 3.8,
        "promoText": " ",
        "packageSize": "250mL",
        "packagePrice": "$1.52 per 100mL"
      }
    }
  },
  {
    "id": "berocca-performance-tablets-orange",
    "brand": "Berocca",
    "name": "Energy Vitamin Orange 30 Effervescent Tablets",
    "imageUrl": "https://shop.coles.com.au/wcsstore/Coles-CAS/images/9/4/6/9467224-th.jpg",
    "categories": ["healthy-living"],
    "tags": ["vitamin", "fatigue-stress"],
    "locations": {
      "vic": {
        "price": 12.97,
        "promoText": "$4.33 ",
        "packageSize": "1 Pack",
        "packagePrice": "$12.97 per 1Ea"
      }
    }
  },
  {
    "id": "berocca-boost-guarana-sugar-free-effervescent-tablet",
    "brand": "Berocca",
    "name": "Energy Vitamin With Guarana 20 Effervescent Tablets",
    "imageUrl": "https://shop.coles.com.au/wcsstore/Coles-CAS/images/2/0/3/2034182-th.jpg",
    "categories": ["healthy-living"],
    "tags": ["vitamin", "fatigue-stress"],
    "locations": {
      "vic": {
        "price": 16.5,
        "promoText": " ",
        "packageSize": "1 Pack",
        "packagePrice": "$16.50 per 1Ea"
      }
    }
  },
  {
    "id": "bionaturals-stress-formula-3476641p",
    "brand": "BioNaturals",
    "name": "Stress Formula",
    "imageUrl": "https://shop.coles.com.au/wcsstore/Coles-CAS/images/3/4/7/3476641-th.jpg",
    "categories": ["healthy-living"],
    "tags": ["vitamin", "fatigue-stress"],
    "locations": {
      "vic": {
        "price": 27,
        "promoText": " ",
        "packageSize": "50 pack",
        "packagePrice": "$0.54 per 1Ea"
      }
    }
  },
  {
    "id": "bionaturals-b-complex-3476652p",
    "brand": "Bionaturals",
    "name": "B Complex",
    "imageUrl": "https://shop.coles.com.au/wcsstore/Coles-CAS/images/3/4/7/3476652-th.jpg",
    "categories": ["healthy-living"],
    "tags": ["vitamin", "fatigue-stress"],
    "locations": {
      "vic": {
        "price": 27,
        "promoText": " ",
        "packageSize": "60 pack",
        "packagePrice": "$45.00 per 100Ea"
      }
    }
  },
  {
    "id": "blackmores-executive-b-stress-tablets",
    "brand": "Blackmores",
    "name": "Executive B Stress Tablets",
    "imageUrl": "https://shop.coles.com.au/wcsstore/Coles-CAS/images/8/2/9/8296829-th.jpg",
    "categories": ["healthy-living"],
    "tags": ["vitamin", "fatigue-stress"],
    "locations": {
      "vic": {
        "price": 24,
        "promoText": " ",
        "packageSize": "62 pack",
        "packagePrice": "$38.71 per 100Ea"
      }
    }
  },
  {
    "id": "blackmores-valerian-forte-2000mg-tablets",
    "brand": "Blackmores",
    "name": "Valerian Forte Tablets",
    "imageUrl": "https://shop.coles.com.au/wcsstore/Coles-CAS/images/8/2/9/8297694-th.jpg",
    "categories": ["healthy-living"],
    "tags": ["vitamin", "fatigue-stress"],
    "locations": {
      "vic": {
        "price": 16,
        "promoText": " ",
        "packageSize": "30 pack",
        "packagePrice": "$53.34 per 100Ea"
      }
    }
  },
  {
    "id": "cenovis-guarana-ginseng-2000mg",
    "brand": "Cenovis",
    "name": "Guarana + Ginseng Tablets",
    "imageUrl": "https://shop.coles.com.au/wcsstore/Coles-CAS/images/8/5/2/8528549-th.jpg",
    "categories": ["healthy-living"],
    "tags": ["vitamin", "fatigue-stress"],
    "locations": {
      "vic": {
        "price": 8,
        "promoText": "$8.00 ",
        "packageSize": "60 pack",
        "packagePrice": "$0.13 per 1Ea"
      }
    }
  },
  {
    "id": "cenovis-st-johns-wort-tablets",
    "brand": "Cenovis",
    "name": "St. John's Wort Tablets",
    "imageUrl": "https://shop.coles.com.au/wcsstore/Coles-CAS/images/5/6/0/5602430-th.jpg",
    "categories": ["healthy-living"],
    "tags": ["vitamin", "fatigue-stress"],
    "locations": {
      "vic": {
        "price": 9.8,
        "promoText": "$4.20 ",
        "packageSize": "60 pack",
        "packagePrice": "$0.16 per 1Ea"
      }
    }
  },
  {
    "id": "cenovis-easy-sleep-valerian-2000mg-capsules",
    "brand": "Cenovis",
    "name": "EasySleep Valerian Capsules",
    "imageUrl": "https://shop.coles.com.au/wcsstore/Coles-CAS/images/9/6/0/9601291-th.jpg",
    "categories": ["healthy-living"],
    "tags": ["vitamin", "fatigue-stress"],
    "locations": {
      "vic": {
        "price": 6,
        "promoText": "$6.00 ",
        "packageSize": "30 pack",
        "packagePrice": "$0.20 per 1Ea"
      }
    }
  },
  {
    "id": "coles-effervescent-tabs-orange",
    "brand": "Coles",
    "name": "Effervescent Tablets Orange",
    "imageUrl": "https://shop.coles.com.au/wcsstore/Coles-CAS/images/3/0/1/3019220-th.jpg",
    "categories": ["healthy-living"],
    "tags": ["vitamin", "fatigue-stress"],
    "locations": {
      "vic": {
        "price": 5,
        "promoText": " ",
        "packageSize": "1 pack",
        "packagePrice": "$5.00 per 1Ea"
      }
    }
  },
  {
    "id": "hairy-lemon--effervescent-tablets",
    "brand": "Hairy Lemon",
    "name": "40 Effervescent Tablets",
    "imageUrl": "https://shop.coles.com.au/wcsstore/Coles-CAS/images/9/9/2/9924891-th.jpg",
    "categories": ["healthy-living"],
    "tags": ["vitamin", "fatigue-stress"],
    "locations": {
      "vic": {
        "price": 13.3,
        "promoText": " ",
        "packageSize": "1 pack",
        "packagePrice": "$13.30 per 1Ea"
      }
    }
  },
  {
    "id": "natures-own-super-b-complex",
    "brand": "Nature's Own",
    "name": "Super B Complex Tablets",
    "imageUrl": "https://shop.coles.com.au/wcsstore/Coles-CAS/images/3/4/7/3470260-th.jpg",
    "categories": ["healthy-living"],
    "tags": ["vitamin", "fatigue-stress"],
    "locations": {
      "vic": {
        "price": 13.5,
        "promoText": "$13.50 ",
        "packageSize": "75 pack",
        "packagePrice": "$0.18 per 1Ea"
      }
    }
  },
  {
    "id": "natures-own-sleep-advance",
    "brand": "Nature's Own",
    "name": "Complete Sleep Advanced Tablets",
    "imageUrl": "https://shop.coles.com.au/wcsstore/Coles-CAS/images/3/4/7/3470248-th.jpg",
    "categories": ["healthy-living"],
    "tags": ["vitamin", "fatigue-stress"],
    "locations": {
      "vic": {
        "price": 10,
        "promoText": " ",
        "packageSize": "10 pack",
        "packagePrice": "$1.00 per 1Ea"
      }
    }
  },
  {
    "id": "swisse-ultiboost-relax-sleep-tablets",
    "brand": "Swisse",
    "name": "Ultiboost Relax & Sleep 60 Tablets",
    "imageUrl": "https://shop.coles.com.au/wcsstore/Coles-CAS/images/1/2/8/1281437-th.jpg",
    "categories": ["healthy-living"],
    "tags": ["vitamin", "fatigue-stress"],
    "locations": {
      "vic": {
        "price": 32,
        "promoText": " ",
        "packageSize": "1 pack",
        "packagePrice": "$32.00 per 1Ea"
      }
    }
  },
  {
    "id": "swisse-ultiboost-mega-b--tablets",
    "brand": "Swisse",
    "name": "Ultiboost Mega B + Tablets",
    "imageUrl": "https://shop.coles.com.au/wcsstore/Coles-CAS/images/2/9/1/2911745-th.jpg",
    "categories": ["healthy-living"],
    "tags": ["vitamin", "fatigue-stress"],
    "locations": {
      "vic": {
        "price": 42,
        "promoText": " ",
        "packageSize": "60 pack",
        "packagePrice": "$70.00 per 100Ea"
      }
    }
  },
  {
    "id": "swisse-ultiboost-magnesium-sleep-powder",
    "brand": "Swisse",
    "name": "Ultiboost Lemon & Honey Magnesium + Sleep Powder",
    "imageUrl": "https://shop.coles.com.au/wcsstore/Coles-CAS/images/3/4/7/3479570-th.jpg",
    "categories": ["healthy-living"],
    "tags": ["vitamin", "fatigue-stress"],
    "locations": {
      "vic": {
        "price": 24,
        "promoText": "$16.00 ",
        "packageSize": "180g",
        "packagePrice": "$13.33 per 100G"
      }
    }
  },
  {
    "id": "voost-effervescent-energy-tablets",
    "brand": "Voost",
    "name": "Energy Orange & Mango 20 Effervescent Tablets",
    "imageUrl": "https://shop.coles.com.au/wcsstore/Coles-CAS/images/3/2/7/3279786-th.jpg",
    "categories": ["healthy-living"],
    "tags": ["vitamin", "fatigue-stress"],
    "locations": {
      "vic": {
        "price": 5,
        "promoText": "$1.50 ",
        "packageSize": "1 pack",
        "packagePrice": "$5.00 per 1Ea"
      }
    }
  },
  {
    "id": "blackmores-fish-oil-1000-capsules-4941770p",
    "brand": "Blackmores",
    "name": "Fish Oil 1000mg Capsules",
    "imageUrl": "https://shop.coles.com.au/wcsstore/Coles-CAS/images/4/9/4/4941770-th.jpg",
    "categories": ["healthy-living"],
    "tags": ["vitamin", "fish-oil-and-nutrional"],
    "locations": {
      "vic": {
        "price": 30,
        "promoText": " ",
        "packageSize": "400 pack",
        "packagePrice": "$7.50 per 100Ea"
      }
    }
  },
  {
    "id": "natures-own-odourless-1500mg-fish-oil-capsules",
    "brand": "Nature's Own",
    "name": "Odourless Fish Oil 1500mg Capsules",
    "imageUrl": "https://shop.coles.com.au/wcsstore/Coles-CAS/images/6/8/3/6838443-th.jpg",
    "categories": ["healthy-living"],
    "tags": ["vitamin", "fish-oil-and-nutrional"],
    "locations": {
      "vic": {
        "price": 10.75,
        "promoText": "$10.75 ",
        "packageSize": "200 pack",
        "packagePrice": "$5.38 per 100Ea"
      }
    }
  },
  {
    "id": "blackmores-fish-oil-odourless",
    "brand": "Blackmores",
    "name": "Odourless Fish Oil Capsules",
    "imageUrl": "https://shop.coles.com.au/wcsstore/Coles-CAS/images/7/1/0/7109880-th.jpg",
    "categories": ["healthy-living"],
    "tags": ["vitamin", "fish-oil-and-nutrional"],
    "locations": {
      "vic": {
        "price": 39,
        "promoText": " ",
        "packageSize": "400 pack",
        "packagePrice": "$9.75 per 100Ea"
      }
    }
  },
  {
    "id": "blackmores-evening-primrose-oil",
    "brand": "Blackmores",
    "name": "Evening Primrose Oil Tablets",
    "imageUrl": "https://shop.coles.com.au/wcsstore/Coles-CAS/images/1/8/4/1847141-th.jpg",
    "categories": ["healthy-living"],
    "tags": ["vitamin", "fish-oil-and-nutrional"],
    "locations": {
      "vic": {
        "price": 16,
        "promoText": "$4.00 ",
        "packageSize": "125 pack",
        "packagePrice": "$12.80 per 100Ea"
      }
    }
  },
  {
    "id": "blackmores-fish-oil-odourless-capsules",
    "brand": "Blackmores",
    "name": "Odourless Fish Oil Capsules",
    "imageUrl": "https://shop.coles.com.au/wcsstore/Coles-CAS/images/6/2/9/6294651-th.jpg",
    "categories": ["healthy-living"],
    "tags": ["vitamin", "fish-oil-and-nutrional"],
    "locations": {
      "vic": {
        "price": 20,
        "promoText": " ",
        "packageSize": "200 pack",
        "packagePrice": "$10.00 per 100Ea"
      }
    }
  },
  {
    "id": "swisse--ultiboost-odorless-wild-fish-oil-capsules",
    "brand": "Swisse",
    "name": "Odourless High Strength Wild Fish Oil Capsules",
    "imageUrl": "https://shop.coles.com.au/wcsstore/Coles-CAS/images/2/8/6/2869478-th.jpg",
    "categories": ["healthy-living"],
    "tags": ["vitamin", "fish-oil-and-nutrional"],
    "locations": {
      "vic": {
        "price": 35,
        "promoText": " ",
        "packageSize": "400 pack",
        "packagePrice": "$0.09 per 1Ea"
      }
    }
  },
  {
    "id": "swisse-ultiboost-odless-wld-fshoil-1000mg-400-pck",
    "brand": "Swisse",
    "name": "Ultiboost Odourless Wild Fish Oil 1000mg Capsules",
    "imageUrl": "https://shop.coles.com.au/wcsstore/Coles-CAS/images/8/0/9/8099067-th.jpg",
    "categories": ["healthy-living"],
    "tags": ["vitamin", "fish-oil-and-nutrional"],
    "locations": {
      "vic": {
        "price": 28,
        "promoText": " ",
        "packageSize": "400 pack",
        "packagePrice": "$7.00 per 100Ea"
      }
    }
  },
  {
    "id": "blackmores-fish-oil-1000-capsules",
    "brand": "Blackmores",
    "name": "Fish Oil 1000mg Capsules",
    "imageUrl": "https://shop.coles.com.au/wcsstore/Coles-CAS/images/4/9/4/4941780-th.jpg",
    "categories": ["healthy-living"],
    "tags": ["vitamin", "fish-oil-and-nutrional"],
    "locations": {
      "vic": {
        "price": 18,
        "promoText": " ",
        "packageSize": "200 pack",
        "packagePrice": "$9.00 per 100Ea"
      }
    }
  },
  {
    "id": "natures-own-supplement-fish-oil-casules-odourless",
    "brand": "Nature's Own",
    "name": "Odourless Fish Oil  2000mg Capsules",
    "imageUrl": "https://shop.coles.com.au/wcsstore/Coles-CAS/images/8/0/9/8096069-th.jpg",
    "categories": ["healthy-living"],
    "tags": ["vitamin", "fish-oil-and-nutrional"],
    "locations": {
      "vic": {
        "price": 15,
        "promoText": "$15.00 ",
        "packageSize": "200 pack",
        "packagePrice": "$7.50 per 100Ea"
      }
    }
  },
  {
    "id": "natures-own-odourless-fish-oil-capsules",
    "brand": "Nature's Own",
    "name": "Odourless Fish Oil 1000mg Capsules",
    "imageUrl": "https://shop.coles.com.au/wcsstore/Coles-CAS/images/5/9/8/5984960-th.jpg",
    "categories": ["healthy-living"],
    "tags": ["vitamin", "fish-oil-and-nutrional"],
    "locations": {
      "vic": {
        "price": 13.5,
        "promoText": "$13.50 ",
        "packageSize": "400 pack",
        "packagePrice": "$3.38 per 100Ea"
      }
    }
  },
  {
    "id": "natures-own--ultra-krill-oil-1000mg",
    "brand": "Nature's Own",
    "name": "Ultra Krill Oil 1000mg Capsules",
    "imageUrl": "https://shop.coles.com.au/wcsstore/Coles-CAS/images/9/9/6/9966971-th.jpg",
    "categories": ["healthy-living"],
    "tags": ["vitamin", "fish-oil-and-nutrional"],
    "locations": {
      "vic": {
        "price": 23.5,
        "promoText": " ",
        "packageSize": "30 pack",
        "packagePrice": "$78.34 per 100Ea"
      }
    }
  },
  {
    "id": "natures-way-fish-oil-1500mg",
    "brand": "Nature's Way",
    "name": "Odourless Fish Oil 1500mg",
    "imageUrl": "https://shop.coles.com.au/wcsstore/Coles-CAS/images/7/3/8/7389276-th.jpg",
    "categories": ["healthy-living"],
    "tags": ["vitamin", "fish-oil-and-nutrional"],
    "locations": {
      "vic": {
        "price": 20,
        "promoText": " ",
        "packageSize": "200 pack",
        "packagePrice": "$10.00 per 100Ea"
      }
    }
  },
  {
    "id": "natures-way-fish-oil-capsules",
    "brand": "Nature's Way",
    "name": "Odourless Fish Oil Capsules 1000mg",
    "imageUrl": "https://shop.coles.com.au/wcsstore/Coles-CAS/images/9/3/1/9314948-th.jpg",
    "categories": ["healthy-living"],
    "tags": ["vitamin", "fish-oil-and-nutrional"],
    "locations": {
      "vic": {
        "price": 15,
        "promoText": " ",
        "packageSize": "200 pack",
        "packagePrice": "$7.50 per 100Ea"
      }
    }
  },
  {
    "id": "natures-way-kids-smart-probiotic-chocolate-balls",
    "brand": "Nature's Way",
    "name": "Kids Smart Probiotic 50 Milk Chocolate Balls",
    "imageUrl": "https://shop.coles.com.au/wcsstore/Coles-CAS/images/1/2/7/1279129-th.jpg",
    "categories": ["healthy-living"],
    "tags": ["vitamin", "fish-oil-and-nutrional"],
    "locations": {
      "vic": {
        "price": 16,
        "promoText": " ",
        "packageSize": "125g",
        "packagePrice": "$12.80 per 100G"
      }
    }
  },
  {
    "id": "nature-s-way-kids-vita-gummie-omega",
    "brand": "Nature's Way",
    "name": "Kids Vita Gummie Omega",
    "imageUrl": "https://shop.coles.com.au/wcsstore/Coles-CAS/images/3/7/5/3753129-th.jpg",
    "categories": ["healthy-living"],
    "tags": ["vitamin", "fish-oil-and-nutrional"],
    "locations": {
      "vic": {
        "price": 27,
        "promoText": " ",
        "packageSize": "120 pack",
        "packagePrice": "$22.50 per 100Ea"
      }
    }
  },
  {
    "id": "blackmores-nails-hair-skin-tablets",
    "brand": "Blackmores",
    "name": "Nails Hair & Skin Tablets",
    "imageUrl": "https://shop.coles.com.au/wcsstore/Coles-CAS/images/4/6/4/4643487-th.jpg",
    "categories": ["healthy-living"],
    "tags": ["vitamin", "skin-hair-nails"],
    "locations": {
      "vic": {
        "price": 0,
        "promoText": " ",
        "packageSize": "60 pack",
        "packagePrice": ""
      }
    }
  },
  {
    "id": "swisse-vitamins-ultiboost-tablets-hair-skin-nails",
    "brand": "Swisse",
    "name": "Ultiboost Hair Skin & Nails Tablets",
    "imageUrl": "https://shop.coles.com.au/wcsstore/Coles-CAS/images/7/1/0/7109303-th.jpg",
    "categories": ["healthy-living"],
    "tags": ["vitamin", "skin-hair-nails"],
    "locations": {
      "vic": {
        "price": 23,
        "promoText": " ",
        "packageSize": "60 pack",
        "packagePrice": "$38.33 per 100Ea"
      }
    }
  },
  {
    "id": "natures-way-beauty-collagen",
    "brand": "Nature's Way",
    "name": "Beauty Collagen Booster Tablets",
    "imageUrl": "https://shop.coles.com.au/wcsstore/Coles-CAS/images/2/5/6/2564357-th.jpg",
    "categories": ["healthy-living"],
    "tags": ["vitamin", "skin-hair-nails"],
    "locations": {
      "vic": {
        "price": 30,
        "promoText": " ",
        "packageSize": "60 pack",
        "packagePrice": "$50.00 per 100Ea"
      }
    }
  },
  {
    "id": "natures-way-vita-gummies-hair-skin-nails",
    "brand": "Nature's Way",
    "name": "Vita Gummies Hair- Skin & Nails",
    "imageUrl": "https://shop.coles.com.au/wcsstore/Coles-CAS/images/2/5/6/2564415-th.jpg",
    "categories": ["healthy-living"],
    "tags": ["vitamin", "skin-hair-nails"],
    "locations": {
      "vic": {
        "price": 20,
        "promoText": " ",
        "packageSize": "60 pack",
        "packagePrice": "$33.33 per 100Ea"
      }
    }
  },
  {
    "id": "natures-way-rosehip-collagen",
    "brand": "Nature's Way",
    "name": "Beauty Rosehip & Collagen 60 Film Coated Tablets",
    "imageUrl": "https://shop.coles.com.au/wcsstore/Coles-CAS/images/3/4/7/3470510-th.jpg",
    "categories": ["healthy-living"],
    "tags": ["vitamin", "skin-hair-nails"],
    "locations": {
      "vic": {
        "price": 30,
        "promoText": " ",
        "packageSize": "1 Pack",
        "packagePrice": "$30.00 per 1Ea"
      }
    }
  },
  {
    "id": "cenovis-iron-plus-tablets-2676124p",
    "brand": "Cenovis",
    "name": "Iron Plus Tablets",
    "imageUrl": "https://shop.coles.com.au/wcsstore/Coles-CAS/images/2/6/7/2676124-th.jpg",
    "categories": ["healthy-living"],
    "tags": ["vitamin", "iron-vitamins"],
    "locations": {
      "vic": {
        "price": 6.5,
        "promoText": "$6.50 ",
        "packageSize": "80 pack",
        "packagePrice": "$8.13 per 100Ea"
      }
    }
  },
  {
    "id": "blackmore-bio-iron",
    "brand": "Blackmores",
    "name": "Bio Iron Advanced Tablets",
    "imageUrl": "https://shop.coles.com.au/wcsstore/Coles-CAS/images/2/2/6/2268988-th.jpg",
    "categories": ["healthy-living"],
    "tags": ["vitamin", "iron-vitamins"],
    "locations": {
      "vic": {
        "price": 15.2,
        "promoText": "$3.80 ",
        "packageSize": "30 pack",
        "packagePrice": "$50.67 per 100Ea"
      }
    }
  },
  {
    "id": "voost-isotonic-orange-tablets",
    "brand": "Voost",
    "name": "Isotonic Orange Tablets",
    "imageUrl": "https://shop.coles.com.au/wcsstore/Coles-CAS/images/2/0/1/2015304-th.jpg",
    "categories": ["healthy-living"],
    "tags": ["vitamin", "iron-vitamins"],
    "locations": {
      "vic": {
        "price": 10,
        "promoText": " ",
        "packageSize": "10 pack",
        "packagePrice": "$1.00 per 1Ea"
      }
    }
  },
  {
    "id": "voost-iron-plus-effervescent-tablets",
    "brand": "Voost",
    "name": "Iron Plus Raspberry 10 Effervescent Tablets",
    "imageUrl": "https://shop.coles.com.au/wcsstore/Coles-CAS/images/2/9/0/2900421-th.jpg",
    "categories": ["healthy-living"],
    "tags": ["vitamin", "iron-vitamins"],
    "locations": {
      "vic": {
        "price": 3.5,
        "promoText": "Was $4.00 on Sep 2018 ",
        "packageSize": "1 pack",
        "packagePrice": "$3.50 per 1Ea"
      }
    }
  },
  {
    "id": "blackmores-superkids-multi-gummies",
    "brand": "Blackmores",
    "name": "Superkids Multi Gummies",
    "imageUrl": "https://shop.coles.com.au/wcsstore/Coles-CAS/images/3/0/6/3068011-th.jpg",
    "categories": ["healthy-living"],
    "tags": ["vitamin", "childrens-health"],
    "locations": {
      "vic": {
        "price": 15,
        "promoText": " ",
        "packageSize": "60 pack",
        "packagePrice": "$0.25 per 1Ea"
      }
    }
  },
  {
    "id": "natures-way-kids-vitamins-multi-smart-vita-gummys-pastilles",
    "brand": "Nature's Way",
    "name": "Kids Smart Vita Gummies Multivitamin Pastilles",
    "imageUrl": "https://shop.coles.com.au/wcsstore/Coles-CAS/images/8/0/9/8097221-th.jpg",
    "categories": ["healthy-living"],
    "tags": ["vitamin", "childrens-health"],
    "locations": {
      "vic": {
        "price": 26,
        "promoText": " ",
        "packageSize": "120 pack",
        "packagePrice": "$21.67 per 100Ea"
      }
    }
  },
  {
    "id": "natures-way-kid-smart-multiprobiotic",
    "brand": "Nature's Way",
    "name": "Kid Smart Multivitamin + Probiotic Strawberry Flavour 50 Chewable Tablets",
    "imageUrl": "https://shop.coles.com.au/wcsstore/Coles-CAS/images/3/4/7/3470430-th.jpg",
    "categories": ["healthy-living"],
    "tags": ["vitamin", "childrens-health"],
    "locations": {
      "vic": {
        "price": 19,
        "promoText": " ",
        "packageSize": "1 Pack",
        "packagePrice": "$19.00 per 1Ea"
      }
    }
  },
  {
    "id": "a2-infant-formula-stage-3-platinum-premium-toddler-milk",
    "brand": "A2",
    "name": "Platinum Premium Stage 3 Toddler Milk",
    "imageUrl": "https://shop.coles.com.au/wcsstore/Coles-CAS/images/1/5/4/1546430-th.jpg",
    "categories": ["healthy-living"],
    "tags": ["vitamin", "childrens-health"],
    "locations": {
      "vic": {
        "price": 32,
        "promoText": " ",
        "packageSize": "900g",
        "packagePrice": "$3.56 per 100G"
      }
    }
  },
  {
    "id": "natures-way-kids-gummies-immunity",
    "brand": "Nature's Way",
    "name": "Kids Gummies Immunity",
    "imageUrl": "https://shop.coles.com.au/wcsstore/Coles-CAS/images/1/2/8/1281404-th.jpg",
    "categories": ["healthy-living"],
    "tags": ["vitamin", "childrens-health"],
    "locations": {
      "vic": {
        "price": 14.5,
        "promoText": " ",
        "packageSize": "",
        "packagePrice": "$24.17 per 100Ea"
      }
    }
  },
  {
    "id": "centrum-kids-incremin-liquid",
    "brand": "Centrum",
    "name": "Cherry Flavour Kids Incremin Liquid",
    "imageUrl": "https://shop.coles.com.au/wcsstore/Coles-CAS/images/3/4/6/3469511-th.jpg",
    "categories": ["healthy-living"],
    "tags": ["vitamin", "childrens-health"],
    "locations": {
      "vic": {
        "price": 13.6,
        "promoText": "$3.40 ",
        "packageSize": "200mL",
        "packagePrice": "$6.80 per 100mL"
      }
    }
  },
  {
    "id": "natures-way-kids-smart-vita-gummies-calcium-vitamins",
    "brand": "Nature's Way",
    "name": "Kids Smart Vita Gummies Calcium",
    "imageUrl": "https://shop.coles.com.au/wcsstore/Coles-CAS/images/9/1/1/9114020-th.jpg",
    "categories": ["healthy-living"],
    "tags": ["vitamin", "childrens-health"],
    "locations": {
      "vic": {
        "price": 14.5,
        "promoText": " ",
        "packageSize": "60 pack",
        "packagePrice": "$24.17 per 100Ea"
      }
    }
  },
  {
    "id": "natures-way-kids-smart-vita-gummies-omega-3-fish-oil-vitamins",
    "brand": "Nature's Way",
    "name": "Kids Smart Vita Gummies Omega",
    "imageUrl": "https://shop.coles.com.au/wcsstore/Coles-CAS/images/7/9/6/7969050-th.jpg",
    "categories": ["healthy-living"],
    "tags": ["vitamin", "childrens-health"],
    "locations": {
      "vic": {
        "price": 14.5,
        "promoText": " ",
        "packageSize": "60 pack",
        "packagePrice": "$24.17 per 100Ea"
      }
    }
  },
  {
    "id": "natures-way-kids-smart-vita-gummies-vitamin-c-vitamins",
    "brand": "Nature's Way",
    "name": "Kids Smart Vita Gummies Vitamin C",
    "imageUrl": "https://shop.coles.com.au/wcsstore/Coles-CAS/images/7/9/6/7969061-th.jpg",
    "categories": ["healthy-living"],
    "tags": ["vitamin", "childrens-health"],
    "locations": {
      "vic": {
        "price": 14.5,
        "promoText": " ",
        "packageSize": "60 pack",
        "packagePrice": "$24.17 per 100Ea"
      }
    }
  },
  {
    "id": "natures-way-kids-smart-vita-gummies-multi-vitamins",
    "brand": "Nature's Way",
    "name": "Kids Smart Vita Gummies Multivitamins",
    "imageUrl": "https://shop.coles.com.au/wcsstore/Coles-CAS/images/7/9/6/7969028-th.jpg",
    "categories": ["healthy-living"],
    "tags": ["vitamin", "childrens-health"],
    "locations": {
      "vic": {
        "price": 14.5,
        "promoText": " ",
        "packageSize": "60 pack",
        "packagePrice": "$24.17 per 100Ea"
      }
    }
  },
  {
    "id": "a2-platinum-premium-stage-4-infant-formula",
    "brand": "A2",
    "name": "Platinum Premium Stage 4 Infant Formula",
    "imageUrl": "https://shop.coles.com.au/wcsstore/Coles-CAS/images/3/0/1/3012720-th.jpg",
    "categories": ["healthy-living"],
    "tags": ["vitamin", "childrens-health"],
    "locations": {
      "vic": {
        "price": 32,
        "promoText": " ",
        "packageSize": "900g",
        "packagePrice": "$3.56 per 100G"
      }
    }
  },
  {
    "id": "natures-way-adult-vita-gummies-magnesium",
    "brand": "Nature's Way",
    "name": "Adults Vita Gummies Magnesium",
    "imageUrl": "https://shop.coles.com.au/wcsstore/Coles-CAS/images/2/8/9/2897327-th.jpg",
    "categories": ["healthy-living"],
    "tags": ["vitamin", "childrens-health"],
    "locations": {
      "vic": {
        "price": 20,
        "promoText": " ",
        "packageSize": "80 pack",
        "packagePrice": "$25.00 per 100Ea"
      }
    }
  },
  {
    "id": "pentavite-multivitamin-iron-kids-powder-3629560p",
    "brand": "Pentavite",
    "name": "Multivitamin + Iron Kids Powder",
    "imageUrl": "https://shop.coles.com.au/wcsstore/Coles-CAS/images/3/6/2/3629560-th.jpg",
    "categories": ["healthy-living"],
    "tags": ["vitamin", "childrens-health"],
    "locations": {
      "vic": {
        "price": 29,
        "promoText": " ",
        "packageSize": "100g",
        "packagePrice": "$29.00 per 100G"
      }
    }
  },
  {
    "id": "pentavite-immune-support-daily-kids-powder-3629582p",
    "brand": "Pentavite",
    "name": "Immune Support Daily Kids Powder for 2 to 12 Years",
    "imageUrl": "https://shop.coles.com.au/wcsstore/Coles-CAS/images/3/6/2/3629582-th.jpg",
    "categories": ["healthy-living"],
    "tags": ["vitamin", "childrens-health"],
    "locations": {
      "vic": {
        "price": 29,
        "promoText": " ",
        "packageSize": "100g",
        "packagePrice": "$29.00 per 100G"
      }
    }
  },
  {
    "id": "hydralyte-effervescent-tablets-orange-40-s",
    "brand": "Hydralyte",
    "name": "Effervescent Tablets Orange",
    "imageUrl": "https://shop.coles.com.au/wcsstore/Coles-CAS/images/3/7/3/3733609-th.jpg",
    "categories": ["healthy-living"],
    "tags": ["vitamin", "men-health"],
    "locations": {
      "vic": {
        "price": 22,
        "promoText": " ",
        "packageSize": "40 pack",
        "packagePrice": "$0.55 per 1Ea"
      }
    }
  },
  {
    "id": "sup-men-s-essentials",
    "brand": "Sup Men's",
    "name": "Essentials",
    "imageUrl": "https://shop.coles.com.au/wcsstore/Coles-CAS/images/3/7/5/3753297-th.jpg",
    "categories": ["healthy-living"],
    "tags": ["vitamin", "men-health"],
    "locations": {
      "vic": {
        "price": 11.5,
        "promoText": "$11.50 ",
        "packageSize": "30 pack",
        "packagePrice": "$38.33 per 100Ea"
      }
    }
  },
  {
    "id": "swisse-ultivite-mens-tablets",
    "brand": "Swisse",
    "name": "Men's Ultivite Multivitamin",
    "imageUrl": "https://shop.coles.com.au/wcsstore/Coles-CAS/images/3/2/8/3287434-th.jpg",
    "categories": ["healthy-living"],
    "tags": ["vitamin", "men-health"],
    "locations": {
      "vic": {
        "price": 20,
        "promoText": " ",
        "packageSize": "30 Pack",
        "packagePrice": "$0.67 per 1Ea"
      }
    }
  },
  {
    "id": "berocca-mango-orange",
    "brand": "Berocca",
    "name": "Energy Vitamin Mango & Orange 45 Effervescent Tablets",
    "imageUrl": "https://shop.coles.com.au/wcsstore/Coles-CAS/images/2/2/7/2279747-th.jpg",
    "categories": ["healthy-living"],
    "tags": ["vitamin", "multi-vitamin"],
    "locations": {
      "vic": {
        "price": 22.8,
        "promoText": " ",
        "packageSize": "1 Pack",
        "packagePrice": "$22.80 per 1Ea"
      }
    }
  },
  {
    "id": "elevit-womens-multi-vitamin-tablets",
    "brand": "Elevit",
    "name": "Women's Multi Vitamin Tablets",
    "imageUrl": "https://shop.coles.com.au/wcsstore/Coles-CAS/images/2/8/0/2807244-th.jpg",
    "categories": ["healthy-living"],
    "tags": ["vitamin", "multi-vitamin"],
    "locations": {
      "vic": {
        "price": 33,
        "promoText": " ",
        "packageSize": "1 Pack",
        "packagePrice": "$33.00 per 1Ea"
      }
    }
  },
  {
    "id": "blackmores-co-q10-150mg",
    "brand": "Blackmores",
    "name": "Heart Health Co Q10 150mg Capsules",
    "imageUrl": "https://shop.coles.com.au/wcsstore/Coles-CAS/images/1/2/9/1295588-th.jpg",
    "categories": ["healthy-living"],
    "tags": ["vitamin", "multi-vitamin"],
    "locations": {
      "vic": {
        "price": 25,
        "promoText": " ",
        "packageSize": "30 pack",
        "packagePrice": "$83.34 per 100Ea"
      }
    }
  },
  {
    "id": "blackmores-womens-vitality-multi-tablets",
    "brand": "Blackmores",
    "name": "Womens Vitality Multi Vitamin Tablets",
    "imageUrl": "https://shop.coles.com.au/wcsstore/Coles-CAS/images/8/2/9/8296647-th.jpg",
    "categories": ["healthy-living"],
    "tags": ["vitamin", "multi-vitamin"],
    "locations": {
      "vic": {
        "price": 0,
        "promoText": " ",
        "packageSize": "50 pack",
        "packagePrice": ""
      }
    }
  },
  {
    "id": "blackmores-tablets-multi-vitamin-mineral-value-pack",
    "brand": "Blackmores",
    "name": "Multi Vitamin Sustained Release Multi + Antioxidants Tablets",
    "imageUrl": "https://shop.coles.com.au/wcsstore/Coles-CAS/images/9/5/0/9506880-th.jpg",
    "categories": ["healthy-living"],
    "tags": ["vitamin", "multi-vitamin"],
    "locations": {
      "vic": {
        "price": 20,
        "promoText": "$20.00 ",
        "packageSize": "125 pack",
        "packagePrice": "$16.00 per 100Ea"
      }
    }
  },
  {
    "id": "natures-way-vita-gummies-sugar-free-multi-trio",
    "brand": "Nature's Way",
    "name": "Kids Smart Vita Gummies Multi-Vitamin",
    "imageUrl": "https://shop.coles.com.au/wcsstore/Coles-CAS/images/3/2/7/3279505-th.jpg",
    "categories": ["healthy-living"],
    "tags": ["vitamin", "multi-vitamin"],
    "locations": {
      "vic": {
        "price": 20,
        "promoText": " ",
        "packageSize": "75 pack",
        "packagePrice": "$26.67 per 100Ea"
      }
    }
  },
  {
    "id": "blackmores-multivitamin-for-men-50-pack",
    "brand": "Blackmores",
    "name": "Multivitamin For Men",
    "imageUrl": "https://shop.coles.com.au/wcsstore/Coles-CAS/images/3/7/0/3709580-th.jpg",
    "categories": ["healthy-living"],
    "tags": ["vitamin", "multi-vitamin"],
    "locations": {
      "vic": {
        "price": 16,
        "promoText": "$4.00 ",
        "packageSize": "50 pack",
        "packagePrice": "$0.32 per 1Ea"
      }
    }
  },
  {
    "id": "cenovis-once-daily-womens-multi-capsules-2826114p",
    "brand": "Cenovis",
    "name": "Women?s Multi Once Daily Capsules",
    "imageUrl": "https://shop.coles.com.au/wcsstore/Coles-CAS/images/2/8/2/2826114-th.jpg",
    "categories": ["healthy-living"],
    "tags": ["vitamin", "multi-vitamin"],
    "locations": {
      "vic": {
        "price": 12,
        "promoText": "$12.00 ",
        "packageSize": "100 pack",
        "packagePrice": "$12.00 per 100Ea"
      }
    }
  },
  {
    "id": "natures-way-womens-multivitamins-vita-gummies",
    "brand": "Nature's Way",
    "name": "Women's Vita Gummies Multivitamins",
    "imageUrl": "https://shop.coles.com.au/wcsstore/Coles-CAS/images/2/2/6/2265775-th.jpg",
    "categories": ["healthy-living"],
    "tags": ["vitamin", "multi-vitamin"],
    "locations": {
      "vic": {
        "price": 20,
        "promoText": " ",
        "packageSize": "100 pack",
        "packagePrice": "$20.00 per 100Ea"
      }
    }
  },
  {
    "id": "natures-way-vita-gummies-multi--vitamin-fussy-eater-gummies",
    "brand": "Nature's Way",
    "name": "Vita Gummies Multi-Vitamins 60 Pastilles",
    "imageUrl": "https://shop.coles.com.au/wcsstore/Coles-CAS/images/2/2/6/2265731-th.jpg",
    "categories": ["healthy-living"],
    "tags": ["vitamin", "multi-vitamin"],
    "locations": {
      "vic": {
        "price": 14.5,
        "promoText": " ",
        "packageSize": "1 pack",
        "packagePrice": "$14.50 per 1Ea"
      }
    }
  },
  {
    "id": "natures-way-vita-gummies-family-multivitamin",
    "brand": "Nature's Way",
    "name": "Vita Gummies Family Multivitamin",
    "imageUrl": "https://shop.coles.com.au/wcsstore/Coles-CAS/images/2/2/7/2279350-th.jpg",
    "categories": ["healthy-living"],
    "tags": ["vitamin", "multi-vitamin"],
    "locations": {
      "vic": {
        "price": 25,
        "promoText": " ",
        "packageSize": "180 pack",
        "packagePrice": "$13.89 per 100Ea"
      }
    }
  },
  {
    "id": "naturopathica-vegan-multi-vitamins",
    "brand": "Naturopathica",
    "name": "Vegan Multi Vitamins",
    "imageUrl": "https://shop.coles.com.au/wcsstore/Coles-CAS/images/3/7/5/3753253-th.jpg",
    "categories": ["healthy-living"],
    "tags": ["vitamin", "multi-vitamin"],
    "locations": {
      "vic": {
        "price": 20,
        "promoText": " ",
        "packageSize": "50 pack",
        "packagePrice": "$40.00 per 100Ea"
      }
    }
  },
  {
    "id": "blackmores-multivitamin-for-women-50-pack",
    "brand": "Blackmores",
    "name": "Multivitamin For Women",
    "imageUrl": "https://shop.coles.com.au/wcsstore/Coles-CAS/images/3/7/0/3709477-th.jpg",
    "categories": ["healthy-living"],
    "tags": ["vitamin", "multi-vitamin"],
    "locations": {
      "vic": {
        "price": 20,
        "promoText": " ",
        "packageSize": "50 pack",
        "packagePrice": "$0.40 per 1Ea"
      }
    }
  },
  {
    "id": "blackmores-multivitamin-immune-50-pack",
    "brand": "Blackmores",
    "name": "Multivitamin + Immune Tablets",
    "imageUrl": "https://shop.coles.com.au/wcsstore/Coles-CAS/images/3/7/0/3709557-th.jpg",
    "categories": ["healthy-living"],
    "tags": ["vitamin", "multi-vitamin"],
    "locations": {
      "vic": {
        "price": 20,
        "promoText": " ",
        "packageSize": "50 pack",
        "packagePrice": "$0.40 per 1Ea"
      }
    }
  },
  {
    "id": "cenovis-tablets-liver-support",
    "brand": "Cenovis",
    "name": "Liver Support Milk Thistle 7000 Tablets",
    "imageUrl": "https://shop.coles.com.au/wcsstore/Coles-CAS/images/7/9/7/7973987-th.jpg",
    "categories": ["healthy-living"],
    "tags": ["vitamin", "multi-vitamin"],
    "locations": {
      "vic": {
        "price": 15,
        "promoText": "Was $15.50 on Dec 2017 ",
        "packageSize": "75 pack",
        "packagePrice": "$0.20 per 1Ea"
      }
    }
  },
  {
    "id": "cenovis-tablets-multi-vitamin-mineral-value-pack",
    "brand": "Cenovis",
    "name": "Multivitamin and Minerals Tablets",
    "imageUrl": "https://shop.coles.com.au/wcsstore/Coles-CAS/images/9/6/0/9601054-th.jpg",
    "categories": ["healthy-living"],
    "tags": ["vitamin", "multi-vitamin"],
    "locations": {
      "vic": {
        "price": 9.8,
        "promoText": "$4.20 ",
        "packageSize": "200 pack",
        "packagePrice": "$4.90 per 100Ea"
      }
    }
  },
  {
    "id": "cenovis-once-daily-50-multi-capsules",
    "brand": "Cenovis",
    "name": "50+ Multi Once Daily Capsules",
    "imageUrl": "https://shop.coles.com.au/wcsstore/Coles-CAS/images/2/8/2/2826125-th.jpg",
    "categories": ["healthy-living"],
    "tags": ["vitamin", "multi-vitamin"],
    "locations": {
      "vic": {
        "price": 12,
        "promoText": "$12.00 ",
        "packageSize": "100 pack",
        "packagePrice": "$12.00 per 100Ea"
      }
    }
  },
  {
    "id": "cenovis-once-daily-womens-multi-capsules",
    "brand": "Cenovis",
    "name": "Women?s Multi Once Daily Capsules",
    "imageUrl": "https://shop.coles.com.au/wcsstore/Coles-CAS/images/2/8/2/2826103-th.jpg",
    "categories": ["healthy-living"],
    "tags": ["vitamin", "multi-vitamin"],
    "locations": {
      "vic": {
        "price": 8,
        "promoText": "$8.00 ",
        "packageSize": "50 pack",
        "packagePrice": "$16.00 per 100Ea"
      }
    }
  },
  {
    "id": "cenovis-once-daily-mens-mutli-perfomance-",
    "brand": "Cenovis",
    "name": "Men?s Multi+ Performance Once Daily Capsules",
    "imageUrl": "https://shop.coles.com.au/wcsstore/Coles-CAS/images/2/8/2/2827718-th.jpg",
    "categories": ["healthy-living"],
    "tags": ["vitamin", "multi-vitamin"],
    "locations": {
      "vic": {
        "price": 10,
        "promoText": "$10.00 ",
        "packageSize": "50 pack",
        "packagePrice": "$0.20 per 1Ea"
      }
    }
  },
  {
    "id": "cenovis-once-daily-mens-multi-capsules",
    "brand": "Cenovis",
    "name": "Men?s Multi Once Daily Capsules",
    "imageUrl": "https://shop.coles.com.au/wcsstore/Coles-CAS/images/2/8/2/2826090-th.jpg",
    "categories": ["healthy-living"],
    "tags": ["vitamin", "multi-vitamin"],
    "locations": {
      "vic": {
        "price": 12,
        "promoText": "$12.00 ",
        "packageSize": "100 pack",
        "packagePrice": "$12.00 per 100Ea"
      }
    }
  },
  {
    "id": "cenovis-once-daily-mens-multi-capsules-2826012p",
    "brand": "Cenovis",
    "name": "Men?s Multi Once Daily Capsules",
    "imageUrl": "https://shop.coles.com.au/wcsstore/Coles-CAS/images/2/8/2/2826012-th.jpg",
    "categories": ["healthy-living"],
    "tags": ["vitamin", "multi-vitamin"],
    "locations": {
      "vic": {
        "price": 8,
        "promoText": "$8.00 ",
        "packageSize": "50 pack",
        "packagePrice": "$16.00 per 100Ea"
      }
    }
  },
  {
    "id": "cenovis-once-daily-womens-multi-energy-boost",
    "brand": "Cenovis",
    "name": "Women?s Multi+ Energy Boost Once Daily Capsules",
    "imageUrl": "https://shop.coles.com.au/wcsstore/Coles-CAS/images/2/8/2/2826001-th.jpg",
    "categories": ["healthy-living"],
    "tags": ["vitamin", "multi-vitamin"],
    "locations": {
      "vic": {
        "price": 15,
        "promoText": "$15.00 ",
        "packageSize": "100 pack",
        "packagePrice": "$0.15 per 1Ea"
      }
    }
  },
  {
    "id": "cenovis-once-daily-mens-multi-perform--caps",
    "brand": "Cenovis",
    "name": "Men?s Multi+ Performance Once Daily Capsules",
    "imageUrl": "https://shop.coles.com.au/wcsstore/Coles-CAS/images/2/8/2/2825993-th.jpg",
    "categories": ["healthy-living"],
    "tags": ["vitamin", "multi-vitamin"],
    "locations": {
      "vic": {
        "price": 15,
        "promoText": "$15.00 ",
        "packageSize": "100 pack",
        "packagePrice": "$0.15 per 1Ea"
      }
    }
  },
  {
    "id": "centrum-advanced-multivitamin-selct-50plus",
    "brand": "Centrum",
    "name": "Advance 50+ Multivitamin Tablets",
    "imageUrl": "https://shop.coles.com.au/wcsstore/Coles-CAS/images/8/5/9/8599966-th.jpg",
    "categories": ["healthy-living"],
    "tags": ["vitamin", "multi-vitamin"],
    "locations": {
      "vic": {
        "price": 17,
        "promoText": " ",
        "packageSize": "60 pack",
        "packagePrice": "$28.33 per 100Ea"
      }
    }
  },
  {
    "id": "centrum-advanced-tabs-multi-vitamin-mineral",
    "brand": "Centrum",
    "name": "Advance Multivitamin Tablets",
    "imageUrl": "https://shop.coles.com.au/wcsstore/Coles-CAS/images/8/5/9/8599922-th.jpg",
    "categories": ["healthy-living"],
    "tags": ["vitamin", "multi-vitamin"],
    "locations": {
      "vic": {
        "price": 17,
        "promoText": " ",
        "packageSize": "60 pack",
        "packagePrice": "$28.33 per 100Ea"
      }
    }
  },
  {
    "id": "centrum-vitamin-multi-for-women",
    "brand": "Centrum",
    "name": "Multivitamin And Mineral Supplement for Women 60 Tablets",
    "imageUrl": "https://shop.coles.com.au/wcsstore/Coles-CAS/images/1/2/8/1281696-th.jpg",
    "categories": ["healthy-living"],
    "tags": ["vitamin", "multi-vitamin"],
    "locations": {
      "vic": {
        "price": 20,
        "promoText": " ",
        "packageSize": "1 Pack",
        "packagePrice": "$20.00 per 1Ea"
      }
    }
  },
  {
    "id": "centrum-vitamin-multi-for-men",
    "brand": "Centrum",
    "name": "Multivitamin Tablets For Men",
    "imageUrl": "https://shop.coles.com.au/wcsstore/Coles-CAS/images/1/2/8/1281685-th.jpg",
    "categories": ["healthy-living"],
    "tags": ["vitamin", "multi-vitamin"],
    "locations": {
      "vic": {
        "price": 20,
        "promoText": " ",
        "packageSize": "",
        "packagePrice": "$33.33 per 100Ea"
      }
    }
  },
  {
    "id": "kynd-multivitamin-skin-30-pack",
    "brand": "Kynd",
    "name": "Multivitamin + Skin",
    "imageUrl": "https://shop.coles.com.au/wcsstore/Coles-CAS/images/3/7/6/3761444-th.jpg",
    "categories": ["healthy-living"],
    "tags": ["vitamin", "multi-vitamin"],
    "locations": {
      "vic": {
        "price": 24,
        "promoText": "$6.00 ",
        "packageSize": "30 PACK",
        "packagePrice": ""
      }
    }
  },
  {
    "id": "natures-way-multi-vitamin-capsules",
    "brand": "Nature's Way",
    "name": "Multivitamins Tablets",
    "imageUrl": "https://shop.coles.com.au/wcsstore/Coles-CAS/images/9/5/4/9548938-th.jpg",
    "categories": ["healthy-living"],
    "tags": ["vitamin", "multi-vitamin"],
    "locations": {
      "vic": {
        "price": 15,
        "promoText": " ",
        "packageSize": "200 pack",
        "packagePrice": "$7.50 per 100Ea"
      }
    }
  },
  {
    "id": "natures-way-vitagummies-family-multi-vitamin",
    "brand": "Nature's Way",
    "name": "Vita Gummies 120 Multivitamins Pastilles",
    "imageUrl": "https://shop.coles.com.au/wcsstore/Coles-CAS/images/9/1/1/9114075-th.jpg",
    "categories": ["healthy-living"],
    "tags": ["vitamin", "multi-vitamin"],
    "locations": {
      "vic": {
        "price": 20,
        "promoText": " ",
        "packageSize": "1 pack",
        "packagePrice": "$20.00 per 1Ea"
      }
    }
  },
  {
    "id": "natures-way-mens-multi-vitamin-vita-gummies",
    "brand": "Nature's Way",
    "name": "Men's Vita Gummies Multivitamins",
    "imageUrl": "https://shop.coles.com.au/wcsstore/Coles-CAS/images/2/2/6/2265764-th.jpg",
    "categories": ["healthy-living"],
    "tags": ["vitamin", "multi-vitamin"],
    "locations": {
      "vic": {
        "price": 20,
        "promoText": " ",
        "packageSize": "100 pack",
        "packagePrice": "$20.00 per 100Ea"
      }
    }
  },
  {
    "id": "nature-s-way-plant-wisdom-vegan-multivitamin",
    "brand": "Nature's Way",
    "name": "Plant Wisdom Vegan Multivitamin",
    "imageUrl": "https://shop.coles.com.au/wcsstore/Coles-CAS/images/3/7/5/3753195-th.jpg",
    "categories": ["healthy-living"],
    "tags": ["vitamin", "multi-vitamin"],
    "locations": {
      "vic": {
        "price": 25,
        "promoText": " ",
        "packageSize": "60 pack",
        "packagePrice": "$41.67 per 100Ea"
      }
    }
  },
  {
    "id": "swisse-vitamins-ultivite-tablets-50-plus-women",
    "brand": "Swisse",
    "name": "Ultivite Women's 50+ Multi Vitamins",
    "imageUrl": "https://shop.coles.com.au/wcsstore/Coles-CAS/images/6/2/7/6279818-th.jpg",
    "categories": ["healthy-living"],
    "tags": ["vitamin", "multi-vitamin"],
    "locations": {
      "vic": {
        "price": 36,
        "promoText": " ",
        "packageSize": "60 pack",
        "packagePrice": "$60.00 per 100Ea"
      }
    }
  },
  {
    "id": "swisse-vitamins-ultivite-tablets-formula-1-multi-women",
    "brand": "Swisse",
    "name": "Ultivite Women's Formula 1 Multi Vitamins",
    "imageUrl": "https://shop.coles.com.au/wcsstore/Coles-CAS/images/6/2/8/6280475-th.jpg",
    "categories": ["healthy-living"],
    "tags": ["vitamin", "multi-vitamin"],
    "locations": {
      "vic": {
        "price": 29,
        "promoText": " ",
        "packageSize": "60 pack",
        "packagePrice": "$48.33 per 100Ea"
      }
    }
  },
  {
    "id": "swisse-vitamins-ultivite-tablets-50-plus-men",
    "brand": "Swisse",
    "name": "Men's Ultivite 50+ Multi Vitamin 60 Tablets",
    "imageUrl": "https://shop.coles.com.au/wcsstore/Coles-CAS/images/6/2/7/6279807-th.jpg",
    "categories": ["healthy-living"],
    "tags": ["vitamin", "multi-vitamin"],
    "locations": {
      "vic": {
        "price": 36,
        "promoText": " ",
        "packageSize": "1 pack",
        "packagePrice": "$36.00 per 1Ea"
      }
    }
  },
  {
    "id": "swisse-vitamins-ultivite-tablets-formula-1-multi-men",
    "brand": "Swisse",
    "name": "Men's Ultivite Multi Vitamin Tablets",
    "imageUrl": "https://shop.coles.com.au/wcsstore/Coles-CAS/images/6/2/8/6280464-th.jpg",
    "categories": ["healthy-living"],
    "tags": ["vitamin", "multi-vitamin"],
    "locations": {
      "vic": {
        "price": 29,
        "promoText": " ",
        "packageSize": "60 pack",
        "packagePrice": "$48.33 per 100Ea"
      }
    }
  },
  {
    "id": "swisse--mens-power-ultivite-tablets",
    "brand": "Swisse",
    "name": "Men's Power Ultivite Advanced Formula Tablets",
    "imageUrl": "https://shop.coles.com.au/wcsstore/Coles-CAS/images/1/7/8/1783741-th.jpg",
    "categories": ["healthy-living"],
    "tags": ["vitamin", "multi-vitamin"],
    "locations": {
      "vic": {
        "price": 34,
        "promoText": " ",
        "packageSize": "40 pack",
        "packagePrice": "$85.00 per 100Ea"
      }
    }
  },
  {
    "id": "swisse-ultivite-womens-tablets",
    "brand": "Swisse",
    "name": "Women's Ultivite Multivitamin 30 Tablets",
    "imageUrl": "https://shop.coles.com.au/wcsstore/Coles-CAS/images/3/2/8/3287456-th.jpg",
    "categories": ["healthy-living"],
    "tags": ["vitamin", "multi-vitamin"],
    "locations": {
      "vic": {
        "price": 20,
        "promoText": " ",
        "packageSize": "1 Pack",
        "packagePrice": "$20.00 per 1Ea"
      }
    }
  },
  {
    "id": "swisse-ultiboost-hs-coq10-300mg",
    "brand": "Swisse",
    "name": "Ultiboost High Strength  Co-Enzyme Q10 300mg 90 Capsules",
    "imageUrl": "https://shop.coles.com.au/wcsstore/Coles-CAS/images/3/4/6/3469330-th.jpg",
    "categories": ["healthy-living"],
    "tags": ["vitamin", "multi-vitamin"],
    "locations": {
      "vic": {
        "price": 39,
        "promoText": " ",
        "packageSize": "1 pack",
        "packagePrice": "$39.00 per 1Ea"
      }
    }
  },
  {
    "id": "swisse-ultivite-womens-everday-wellness-blend-3625050p",
    "brand": "Swisse",
    "name": "Ultivite Women's Multivitamin + Superfood",
    "imageUrl": "https://shop.coles.com.au/wcsstore/Coles-CAS/images/3/6/2/3625050-th.jpg",
    "categories": ["healthy-living"],
    "tags": ["vitamin", "multi-vitamin"],
    "locations": {
      "vic": {
        "price": 12,
        "promoText": "$8.00 ",
        "packageSize": "7 pack",
        "packagePrice": "$1.71 per 1Ea"
      }
    }
  },
  {
    "id": "voost-effervescent-multivitamin-tablets",
    "brand": "Voost",
    "name": "Multivitamin + Minerals Orange 20 Effervescent Tablets",
    "imageUrl": "https://shop.coles.com.au/wcsstore/Coles-CAS/images/3/2/8/3283772-th.jpg",
    "categories": ["healthy-living"],
    "tags": ["vitamin", "multi-vitamin"],
    "locations": {
      "vic": {
        "price": 5,
        "promoText": "$1.50 ",
        "packageSize": "1 Pack",
        "packagePrice": "$5.00 per 1Ea"
      }
    }
  },
  {
    "id": "voost-vitamin-d-effervescent",
    "brand": "Voost",
    "name": "Vitamin D 1000IU Berry 20 Effervescent Tablets",
    "imageUrl": "https://shop.coles.com.au/wcsstore/Coles-CAS/images/3/4/6/3469680-th.jpg",
    "categories": ["healthy-living"],
    "tags": ["vitamin", "multi-vitamin"],
    "locations": {
      "vic": {
        "price": 5,
        "promoText": "$1.50 ",
        "packageSize": "1 pack",
        "packagePrice": "$5.00 per 1Ea"
      }
    }
  },
  {
    "id": "cenovis-caps-cranberry-30000mg",
    "brand": "Cenovis",
    "name": "Cranberry 30000Mg 30 Capsules",
    "imageUrl": "https://shop.coles.com.au/wcsstore/Coles-CAS/images/2/6/7/2676088-th.jpg",
    "categories": ["healthy-living"],
    "tags": ["vitamin", "urinary-vitamins"],
    "locations": {
      "vic": {
        "price": 9,
        "promoText": "$9.00 ",
        "packageSize": "1 Pack",
        "packagePrice": "$9.00 per 1Ea"
      }
    }
  },
  {
    "id": "blackmores-canberry-forte-50000mg",
    "brand": "Blackmores",
    "name": "Cranberry Forte Capsules 50000mg",
    "imageUrl": "https://shop.coles.com.au/wcsstore/Coles-CAS/images/3/6/2/3626959-th.jpg",
    "categories": ["healthy-living"],
    "tags": ["vitamin", "urinary-vitamins"],
    "locations": {
      "vic": {
        "price": 20,
        "promoText": " ",
        "packageSize": "30 pack",
        "packagePrice": "$66.67 per 100Ea"
      }
    }
  },
  {
    "id": "natralia-crampeze",
    "brand": "Natralia",
    "name": "Crampeze",
    "imageUrl": "https://shop.coles.com.au/wcsstore/Coles-CAS/images/4/8/5/4857447-th.jpg",
    "categories": ["healthy-living"],
    "tags": ["vitamin", "urinary-vitamins"],
    "locations": {
      "vic": {
        "price": 19,
        "promoText": " ",
        "packageSize": "60 pack",
        "packagePrice": "$31.67 per 100Ea"
      }
    }
  },
  {
    "id": "elevit-breastfeeding-capsules",
    "brand": "Elevit",
    "name": "Breastfeeding Capsules",
    "imageUrl": "https://shop.coles.com.au/wcsstore/Coles-CAS/images/3/4/0/3404039-th.jpg",
    "categories": ["healthy-living"],
    "tags": ["vitamin", "women-health"],
    "locations": {
      "vic": {
        "price": 20,
        "promoText": "$5.00 ",
        "packageSize": "",
        "packagePrice": "$66.67 per 100Ea"
      }
    }
  },
  {
    "id": "blackmores-pregnancy-breast-feeding-capsules",
    "brand": "Blackmores",
    "name": "Pregnancy & Breast Feeding Capsules",
    "imageUrl": "https://shop.coles.com.au/wcsstore/Coles-CAS/images/8/2/9/8297184-th.jpg",
    "categories": ["healthy-living"],
    "tags": ["vitamin", "women-health"],
    "locations": {
      "vic": {
        "price": 16.4,
        "promoText": "$4.10 ",
        "packageSize": "60 pack",
        "packagePrice": "$27.33 per 100Ea"
      }
    }
  },
  {
    "id": "menevit-vitamin-tablets",
    "brand": "Menevit",
    "name": "Male Fertility Vitamin Capsules",
    "imageUrl": "https://shop.coles.com.au/wcsstore/Coles-CAS/images/3/4/0/3404050-th.jpg",
    "categories": ["healthy-living"],
    "tags": ["vitamin", "women-health"],
    "locations": {
      "vic": {
        "price": 24,
        "promoText": "$6.00 ",
        "packageSize": "30 pack",
        "packagePrice": "$80.00 per 100Ea"
      }
    }
  },
  {
    "id": "natures-way-epo-1000mg--star-flower",
    "brand": "Nature's Way",
    "name": "Evening Primrose Oil Capsules 1000mg",
    "imageUrl": "https://shop.coles.com.au/wcsstore/Coles-CAS/images/2/8/9/2897280-th.jpg",
    "categories": ["healthy-living"],
    "tags": ["vitamin", "women-health"],
    "locations": {
      "vic": {
        "price": 23,
        "promoText": " ",
        "packageSize": "125 pack",
        "packagePrice": "$18.40 per 100Ea"
      }
    }
  },
  {
    "id": "swisse-ultinatal-pre-conception-preg",
    "brand": "Swisse",
    "name": "Ultinatal Pre-conception & Pregnancy Multivitamin 60 Capsules",
    "imageUrl": "https://shop.coles.com.au/wcsstore/Coles-CAS/images/3/4/6/3468869-th.jpg",
    "categories": ["healthy-living"],
    "tags": ["vitamin", "women-health"],
    "locations": {
      "vic": {
        "price": 17.4,
        "promoText": "$11.60 ",
        "packageSize": "1 pack",
        "packagePrice": "$17.40 per 1Ea"
      }
    }
  },
  {
    "id": "swisse-ultinatal-breastfeeding-support",
    "brand": "Swisse",
    "name": "Ultinatal Breastfeeding Support Tablets",
    "imageUrl": "https://shop.coles.com.au/wcsstore/Coles-CAS/images/3/4/6/3468870-th.jpg",
    "categories": ["healthy-living"],
    "tags": ["vitamin", "women-health"],
    "locations": {
      "vic": {
        "price": 17.4,
        "promoText": "$11.60 ",
        "packageSize": "90 pack",
        "packagePrice": "$0.19 per 1Ea"
      }
    }
  }
]

