[
  {
    "id": "kelloggs-cereal-variety-pack-8-pack",
    "brand": "Kellogg's",
    "name": "Variety Pack assorted breakfast cereals sachets 8 pack",
    "imageUrl": "https://shop.coles.com.au/wcsstore/Coles-CAS/images/5/2/0/5203956-th.jpg",
    "categories": ["pantry"],
    "tags": ["breakfast", "on-the-go"],
    "locations": {
      "vic": {
        "price": 6,
        "promoText": " ",
        "packageSize": "275g",
        "packagePrice": "$2.18 per 100G"
      }
    }
  },
  {
    "id": "sanitarium-up-go-liquid-breakfast-chocolate-ice-3-pack",
    "brand": "Sanitarium",
    "name": "UP&GO Liquid Breakfast Choc Ice 250mL",
    "imageUrl": "https://shop.coles.com.au/wcsstore/Coles-CAS/images/7/1/4/7144632-th.jpg",
    "categories": ["pantry"],
    "tags": ["breakfast", "on-the-go"],
    "locations": {
      "vic": {
        "price": 4.8,
        "promoText": " ",
        "packageSize": "3 pack",
        "packagePrice": "$0.64 per 100mL"
      }
    }
  },
  {
    "id": "sanitarium-up-go-liquid-breakfast-chocolate-fridge-12-pack",
    "brand": "Sanitarium",
    "name": "UP&GO Liquid Breakfast Choc Ice 250mL",
    "imageUrl": "https://shop.coles.com.au/wcsstore/Coles-CAS/images/8/9/5/8951356-th.jpg",
    "categories": ["pantry"],
    "tags": ["breakfast", "on-the-go"],
    "locations": {
      "vic": {
        "price": 13,
        "promoText": " ",
        "packageSize": "12 pack",
        "packagePrice": "$4.33 per 1L"
      }
    }
  },
  {
    "id": "kelloggs-breakfast-bis-gf-apple-date",
    "brand": "Kellogg's",
    "name": "Baked Muesli Gluten Free Breakfast Biscuits With Date And Apple",
    "imageUrl": "https://shop.coles.com.au/wcsstore/Coles-CAS/images/2/8/1/2815118-th.jpg",
    "categories": ["pantry"],
    "tags": ["breakfast", "on-the-go"],
    "locations": {
      "vic": {
        "price": 5,
        "promoText": " ",
        "packageSize": "200g",
        "packagePrice": "$2.50 per 100G"
      }
    }
  },
  {
    "id": "sanitarium-up-go-liquid-breakfast-chocolate-ice-6-pack",
    "brand": "Sanitarium",
    "name": "UP&GO Liquid Breakfast Choc Ice 250mL",
    "imageUrl": "https://shop.coles.com.au/wcsstore/Coles-CAS/images/9/4/9/9490791-th.jpg",
    "categories": ["pantry"],
    "tags": ["breakfast", "on-the-go"],
    "locations": {
      "vic": {
        "price": 9,
        "promoText": " ",
        "packageSize": "6 pack",
        "packagePrice": "$6.00 per 1L"
      }
    }
  },
  {
    "id": "kelloggs-breakfast-biscuits-cran-almond",
    "brand": "Kellogg's",
    "name": "Baked Muesli Breakfast Biscuits With Cranberries Almonds And A Hint Of Honey",
    "imageUrl": "https://shop.coles.com.au/wcsstore/Coles-CAS/images/2/8/1/2815082-th.jpg",
    "categories": ["pantry"],
    "tags": ["breakfast", "on-the-go"],
    "locations": {
      "vic": {
        "price": 4.5,
        "promoText": " ",
        "packageSize": "200g",
        "packagePrice": "$2.25 per 100G"
      }
    }
  },
  {
    "id": "belvita-chocolate-breakfast-biscuit",
    "brand": "Belvita",
    "name": "Chocolate Breakfast BiscuitÂ 6 Pack",
    "imageUrl": "https://shop.coles.com.au/wcsstore/Coles-CAS/images/1/8/4/1843763-th.jpg",
    "categories": ["pantry"],
    "tags": ["breakfast", "on-the-go"],
    "locations": {
      "vic": {
        "price": 4,
        "promoText": " ",
        "packageSize": "300g",
        "packagePrice": "$1.33 per 100G"
      }
    }
  },
  {
    "id": "belvita-biscuits-breakfast-milk-cereals-6-pack",
    "brand": "Belvita",
    "name": "Milk and Cereals Breakfast Biscuits 6 Pack",
    "imageUrl": "https://shop.coles.com.au/wcsstore/Coles-CAS/images/9/1/0/9109880-th.jpg",
    "categories": ["pantry"],
    "tags": ["breakfast", "on-the-go"],
    "locations": {
      "vic": {
        "price": 4,
        "promoText": " ",
        "packageSize": "300g",
        "packagePrice": "$1.33 per 100G"
      }
    }
  },
  {
    "id": "kelloggs-gluten-free-fig-raisin-breakfast-biscuits",
    "brand": "Kellogg's",
    "name": "Gluten Free Baked Muesli Breakfast Biscuits With Apricot Fig And Raisin",
    "imageUrl": "https://shop.coles.com.au/wcsstore/Coles-CAS/images/2/8/1/2815129-th.jpg",
    "categories": ["pantry"],
    "tags": ["breakfast", "on-the-go"],
    "locations": {
      "vic": {
        "price": 5,
        "promoText": " ",
        "packageSize": "200g",
        "packagePrice": "$2.50 per 100G"
      }
    }
  },
  {
    "id": "sanitarium-up-go-fridge-pack-12pk",
    "brand": "Sanitarium",
    "name": "Up&Go Choc Ice No Added Sugar 250mL",
    "imageUrl": "https://shop.coles.com.au/wcsstore/Coles-CAS/images/3/7/2/3723514-th.jpg",
    "categories": ["pantry"],
    "tags": ["breakfast", "on-the-go"],
    "locations": {
      "vic": {
        "price": 13,
        "promoText": " ",
        "packageSize": "12 Pack",
        "packagePrice": "$4.33 per 1L"
      }
    }
  },
  {
    "id": "sanitarium-up-go-energize-liquid-breakfast-chocolate-ice-3-pack",
    "brand": "Sanitarium",
    "name": "UP&GO Protein Energize Choc 250mL",
    "imageUrl": "https://shop.coles.com.au/wcsstore/Coles-CAS/images/7/8/1/7813233-th.jpg",
    "categories": ["pantry"],
    "tags": ["breakfast", "on-the-go"],
    "locations": {
      "vic": {
        "price": 4.6,
        "promoText": " ",
        "packageSize": "3 pack",
        "packagePrice": "$0.61 per 100mL"
      }
    }
  },
  {
    "id": "sanitarium-liquid-breakfast-up-go-fridge-pack-vanilla-12-pack",
    "brand": "Sanitarium",
    "name": "UP&GO Liquid Breakfast Vanilla Ice 250mL",
    "imageUrl": "https://shop.coles.com.au/wcsstore/Coles-CAS/images/1/1/7/1170130-th.jpg",
    "categories": ["pantry"],
    "tags": ["breakfast", "on-the-go"],
    "locations": {
      "vic": {
        "price": 13,
        "promoText": " ",
        "packageSize": "12 pack",
        "packagePrice": "$4.33 per 1L"
      }
    }
  },
  {
    "id": "sanitarium-up-go-liquid-breakfast-banana-fridge-pack",
    "brand": "Sanitarium",
    "name": "UP&GO Liquid Breakfast Banana 250mL",
    "imageUrl": "https://shop.coles.com.au/wcsstore/Coles-CAS/images/1/4/9/1491338-th.jpg",
    "categories": ["pantry"],
    "tags": ["breakfast", "on-the-go"],
    "locations": {
      "vic": {
        "price": 13,
        "promoText": " ",
        "packageSize": "12 pack",
        "packagePrice": "$4.33 per 1L"
      }
    }
  },
  {
    "id": "sanitarium-up-go-cereal",
    "brand": "Sanitarium",
    "name": "UP&GO Choc Ice Cereal No Added Sugar 6x250mL",
    "imageUrl": "https://shop.coles.com.au/wcsstore/Coles-CAS/images/3/7/2/3723478-th.jpg",
    "categories": ["pantry"],
    "tags": ["breakfast", "on-the-go"],
    "locations": {
      "vic": {
        "price": 9,
        "promoText": " ",
        "packageSize": "1.5L",
        "packagePrice": "$6.00 per 1L"
      }
    }
  },
  {
    "id": "uncle-tobys-breakfast-oat-bake-honey-almond",
    "brand": "Uncle Tobys",
    "name": "Breakfast Bakes Honey and Almond Oats 4 pack",
    "imageUrl": "https://shop.coles.com.au/wcsstore/Coles-CAS/images/3/3/7/3375338-th.jpg",
    "categories": ["pantry"],
    "tags": ["breakfast", "on-the-go"],
    "locations": {
      "vic": {
        "price": 5,
        "promoText": "$1.00 ",
        "packageSize": "260g",
        "packagePrice": "$1.92 per 100G"
      }
    }
  },
  {
    "id": "sanitarium-up-go-energize-liquid-breakfast-chocolate-ice-tetra-pack",
    "brand": "Sanitarium",
    "name": "UP&GO Protein Energize Choc 250mL",
    "imageUrl": "https://shop.coles.com.au/wcsstore/Coles-CAS/images/1/6/2/1623472-th.jpg",
    "categories": ["pantry"],
    "tags": ["breakfast", "on-the-go"],
    "locations": {
      "vic": {
        "price": 13,
        "promoText": " ",
        "packageSize": "12 pack",
        "packagePrice": "$4.33 per 1L"
      }
    }
  },
  {
    "id": "sanitarium-up-go-energize-liquid-breakfast-vanilla-3-pack",
    "brand": "Sanitarium",
    "name": "UP&GO Protein Energize Vanilla 250mL",
    "imageUrl": "https://shop.coles.com.au/wcsstore/Coles-CAS/images/7/8/1/7817642-th.jpg",
    "categories": ["pantry"],
    "tags": ["breakfast", "on-the-go"],
    "locations": {
      "vic": {
        "price": 4.6,
        "promoText": " ",
        "packageSize": "3 pack",
        "packagePrice": "$0.61 per 100mL"
      }
    }
  },
  {
    "id": "sanitarium-up-go-liquid-breakfast-vanilla-6-pack",
    "brand": "Sanitarium",
    "name": "UP&GO Liquid Breakfast Vanilla Ice 250mL",
    "imageUrl": "https://shop.coles.com.au/wcsstore/Coles-CAS/images/9/7/2/9724815-th.jpg",
    "categories": ["pantry"],
    "tags": ["breakfast", "on-the-go"],
    "locations": {
      "vic": {
        "price": 9,
        "promoText": " ",
        "packageSize": "6 pack",
        "packagePrice": "$6.00 per 1L"
      }
    }
  },
  {
    "id": "sanitarium-weet-bix-go-wildberry-breakfast-biscuits",
    "brand": "Sanitarium",
    "name": "Weet-Bix GO Wild Berry Burst Breakfast Biscuits 50g",
    "imageUrl": "https://shop.coles.com.au/wcsstore/Coles-CAS/images/2/4/0/2404850-th.jpg",
    "categories": ["pantry"],
    "tags": ["breakfast", "on-the-go"],
    "locations": {
      "vic": {
        "price": 4.75,
        "promoText": " ",
        "packageSize": "5 pack",
        "packagePrice": "$1.90 per 100G"
      }
    }
  },
  {
    "id": "uncle-tobys-breakfast-oat-bake-berry-harvest",
    "brand": "Uncle Tobys",
    "name": "Breakfast Bakes Berry Harvest Oats 4 pack",
    "imageUrl": "https://shop.coles.com.au/wcsstore/Coles-CAS/images/3/3/7/3375349-th.jpg",
    "categories": ["pantry"],
    "tags": ["breakfast", "on-the-go"],
    "locations": {
      "vic": {
        "price": 5,
        "promoText": "$1.00 ",
        "packageSize": "260g",
        "packagePrice": "$1.92 per 100G"
      }
    }
  },
  {
    "id": "uncle-tobys-breakfast-oat-bake-apple-cinnamon",
    "brand": "Uncle Tobys",
    "name": "Breakfast Bakes Apple & Cinnamon Oats 4 pack",
    "imageUrl": "https://shop.coles.com.au/wcsstore/Coles-CAS/images/3/3/7/3375327-th.jpg",
    "categories": ["pantry"],
    "tags": ["breakfast", "on-the-go"],
    "locations": {
      "vic": {
        "price": 5,
        "promoText": "$1.00 ",
        "packageSize": "260g",
        "packagePrice": "$1.92 per 100G"
      }
    }
  },
  {
    "id": "kelloggs-breakfast-biscuts-gold-oat-honey",
    "brand": "Kellogg's",
    "name": "Baked Muesli Breakfast Biscuits With Golden Oats and Honey 5 pack",
    "imageUrl": "https://shop.coles.com.au/wcsstore/Coles-CAS/images/3/2/1/3212162-th.jpg",
    "categories": ["pantry"],
    "tags": ["breakfast", "on-the-go"],
    "locations": {
      "vic": {
        "price": 4.5,
        "promoText": " ",
        "packageSize": "200g",
        "packagePrice": "$2.25 per 100G"
      }
    }
  },
  {
    "id": "sanitarium-up-go-liquid-breakfast-strawberry-6-pack",
    "brand": "Sanitarium",
    "name": "UP&GO Liquid Breakfast Strawberry 250mL",
    "imageUrl": "https://shop.coles.com.au/wcsstore/Coles-CAS/images/9/4/9/9490656-th.jpg",
    "categories": ["pantry"],
    "tags": ["breakfast", "on-the-go"],
    "locations": {
      "vic": {
        "price": 9,
        "promoText": " ",
        "packageSize": "6 pack",
        "packagePrice": "$6.00 per 1L"
      }
    }
  },
  {
    "id": "sanitarium-up-go-energize-liquid-breakfast-chocolate-6-pack",
    "brand": "Sanitarium",
    "name": "UP&GO Protein Energize Choc 250mL",
    "imageUrl": "https://shop.coles.com.au/wcsstore/Coles-CAS/images/8/9/5/8951924-th.jpg",
    "categories": ["pantry"],
    "tags": ["breakfast", "on-the-go"],
    "locations": {
      "vic": {
        "price": 9,
        "promoText": " ",
        "packageSize": "6 pack",
        "packagePrice": "$6.00 per 1L"
      }
    }
  },
  {
    "id": "sanitarium-up-go-liquid-breakfast-strawberry-fridge-pack",
    "brand": "Sanitarium",
    "name": "UP&GO Liquid Breakfast Strawberry 250mL",
    "imageUrl": "https://shop.coles.com.au/wcsstore/Coles-CAS/images/1/4/9/1491360-th.jpg",
    "categories": ["pantry"],
    "tags": ["breakfast", "on-the-go"],
    "locations": {
      "vic": {
        "price": 13,
        "promoText": " ",
        "packageSize": "12 pack",
        "packagePrice": "$4.33 per 1L"
      }
    }
  },
  {
    "id": "sanitarium-up-go-liquid-breakfast-strawberry-3-pack",
    "brand": "Sanitarium",
    "name": "UP&GO Liquid Breakfast Strawberry 250mL",
    "imageUrl": "https://shop.coles.com.au/wcsstore/Coles-CAS/images/8/0/3/8037809-th.jpg",
    "categories": ["pantry"],
    "tags": ["breakfast", "on-the-go"],
    "locations": {
      "vic": {
        "price": 4.8,
        "promoText": " ",
        "packageSize": "3 pack",
        "packagePrice": "$0.64 per 100mL"
      }
    }
  },
  {
    "id": "sanitarium-up-go-liquid-breakfast-vanilla-ice-3-pack-9526425p",
    "brand": "Sanitarium",
    "name": "UP&GO Liquid Breakfast Vanilla Ice 250mL",
    "imageUrl": "https://shop.coles.com.au/wcsstore/Coles-CAS/images/9/5/2/9526425-th.jpg",
    "categories": ["pantry"],
    "tags": ["breakfast", "on-the-go"],
    "locations": {
      "vic": {
        "price": 4.8,
        "promoText": " ",
        "packageSize": "3 pack",
        "packagePrice": "$0.64 per 100mL"
      }
    }
  },
  {
    "id": "sanitarium-u-g-choc-ice-nas",
    "brand": "Sanitarium",
    "name": "UP&GO Choc Ice Cereal No Added Sugar 3x250mL",
    "imageUrl": "https://shop.coles.com.au/wcsstore/Coles-CAS/images/3/7/2/3723456-th.jpg",
    "categories": ["pantry"],
    "tags": ["breakfast", "on-the-go"],
    "locations": {
      "vic": {
        "price": 4.8,
        "promoText": " ",
        "packageSize": "750mL",
        "packagePrice": "$6.40 per 1L"
      }
    }
  },
  {
    "id": "sanitarium-up-go-cereal-3723489p",
    "brand": "Sanitarium",
    "name": "UP&GO Vanilla Ice Cereal No Added Sugar 6x250mL",
    "imageUrl": "https://shop.coles.com.au/wcsstore/Coles-CAS/images/3/7/2/3723489-th.jpg",
    "categories": ["pantry"],
    "tags": ["breakfast", "on-the-go"],
    "locations": {
      "vic": {
        "price": 9,
        "promoText": " ",
        "packageSize": "",
        "packagePrice": "$6.00 per 1L"
      }
    }
  },
  {
    "id": "do-god-labs-blueberry-brekky-bar-35g",
    "brand": "Do Good Labs",
    "name": "Blueberry Brekky Bar",
    "imageUrl": "https://shop.coles.com.au/wcsstore/Coles-CAS/images/3/7/9/3791241-th.jpg",
    "categories": ["pantry"],
    "tags": ["breakfast", "on-the-go"],
    "locations": {
      "vic": {
        "price": 2.5,
        "promoText": " ",
        "packageSize": "32g",
        "packagePrice": "$7.81 per 100G"
      }
    }
  },
  {
    "id": "do-god-labs-supersed-brekky-bar-35g",
    "brand": "Do Good Labs",
    "name": "Superseed Brekky Bar",
    "imageUrl": "https://shop.coles.com.au/wcsstore/Coles-CAS/images/3/7/9/3791220-th.jpg",
    "categories": ["pantry"],
    "tags": ["breakfast", "on-the-go"],
    "locations": {
      "vic": {
        "price": 2.5,
        "promoText": " ",
        "packageSize": "32g",
        "packagePrice": "$7.81 per 100G"
      }
    }
  },
  {
    "id": "do-god-labs-fig-brekky-bar-35g",
    "brand": "Do Good Labs",
    "name": "Fig Brekky Bar",
    "imageUrl": "https://shop.coles.com.au/wcsstore/Coles-CAS/images/3/7/9/3791172-th.jpg",
    "categories": ["pantry"],
    "tags": ["breakfast", "on-the-go"],
    "locations": {
      "vic": {
        "price": 2.5,
        "promoText": " ",
        "packageSize": "32g",
        "packagePrice": "$7.81 per 100G"
      }
    }
  },
  {
    "id": "kelloggs-cereal-crunchy-nut-clusters",
    "brand": "Kellogg's",
    "name": "Crunchy Nut Clusters Breakfast Cereal",
    "imageUrl": "https://shop.coles.com.au/wcsstore/Coles-CAS/images/8/4/9/8492000-th.jpg",
    "categories": ["pantry"],
    "tags": ["breakfast", "on-the-go"],
    "locations": {
      "vic": {
        "price": 6.4,
        "promoText": " ",
        "packageSize": "450g",
        "packagePrice": "$1.42 per 100G"
      }
    }
  },
  {
    "id": "kelloggs-cereal-variety-fun-pack-6-pack",
    "brand": "Kellogg's",
    "name": "Fun Pack Assorted Breakfast Cereals 6 Sachets",
    "imageUrl": "https://shop.coles.com.au/wcsstore/Coles-CAS/images/5/2/0/5203945-th.jpg",
    "categories": ["pantry"],
    "tags": ["breakfast", "on-the-go"],
    "locations": {
      "vic": {
        "price": 6,
        "promoText": " ",
        "packageSize": "170g",
        "packagePrice": "$3.53 per 100G"
      }
    }
  },
  {
    "id": "kelloggs-nutri-grain-to-go-banana-honey",
    "brand": "Kellogg's",
    "name": "Nutri-Grain To Go Protein Squeezer Banana & Honey Smash Breakfast Pouch",
    "imageUrl": "https://shop.coles.com.au/wcsstore/Coles-CAS/images/3/2/2/3229835-th.jpg",
    "categories": ["pantry"],
    "tags": ["breakfast", "on-the-go"],
    "locations": {
      "vic": {
        "price": 3,
        "promoText": " ",
        "packageSize": "140g",
        "packagePrice": "$2.14 per 100G"
      }
    }
  },
  {
    "id": "kelloggs-nutri-grain-to-go-original-malt-3212140p",
    "brand": "Kellogg's",
    "name": "Nutri-Grain To Go Protein Squeezer Original Flavour Breakfast Pouch",
    "imageUrl": "https://shop.coles.com.au/wcsstore/Coles-CAS/images/3/2/1/3212140-th.jpg",
    "categories": ["pantry"],
    "tags": ["breakfast", "on-the-go"],
    "locations": {
      "vic": {
        "price": 3,
        "promoText": " ",
        "packageSize": "140g",
        "packagePrice": "$2.14 per 100G"
      }
    }
  },
  {
    "id": "kelloggs-nutri-grain-to-go-choc-malt-3212129p",
    "brand": "Kellogg's",
    "name": "Nutri-Grain To Go Protein Squeezer Choc Malt Slam Breakfast Pouch",
    "imageUrl": "https://shop.coles.com.au/wcsstore/Coles-CAS/images/3/2/1/3212129-th.jpg",
    "categories": ["pantry"],
    "tags": ["breakfast", "on-the-go"],
    "locations": {
      "vic": {
        "price": 3,
        "promoText": " ",
        "packageSize": "140g",
        "packagePrice": "$2.14 per 100G"
      }
    }
  },
  {
    "id": "kelloggs-nutri-grain-to-go-vanilla-malt",
    "brand": "Kellogg's",
    "name": "Nutri-Grain To Go Protein Squeezer Vanilla Flavour Punch Breakfast Pouch",
    "imageUrl": "https://shop.coles.com.au/wcsstore/Coles-CAS/images/3/2/1/3212151-th.jpg",
    "categories": ["pantry"],
    "tags": ["breakfast", "on-the-go"],
    "locations": {
      "vic": {
        "price": 3,
        "promoText": " ",
        "packageSize": "140g",
        "packagePrice": "$2.14 per 100G"
      }
    }
  },
  {
    "id": "kelloggs-special-k-smoothie-forest-berries",
    "brand": "Kellogg's",
    "name": "Special K Forest Berries Smoothie",
    "imageUrl": "https://shop.coles.com.au/wcsstore/Coles-CAS/images/3/5/1/3515823-th.jpg",
    "categories": ["pantry"],
    "tags": ["breakfast", "on-the-go"],
    "locations": {
      "vic": {
        "price": 3,
        "promoText": " ",
        "packageSize": "140g",
        "packagePrice": "$2.14 per 100G"
      }
    }
  },
  {
    "id": "kelloggs-special-k-smoothie-mango",
    "brand": "Kellogg's",
    "name": "Special K Mango Smoothie Blend Protein Drink With Real Fruit",
    "imageUrl": "https://shop.coles.com.au/wcsstore/Coles-CAS/images/3/5/1/3515812-th.jpg",
    "categories": ["pantry"],
    "tags": ["breakfast", "on-the-go"],
    "locations": {
      "vic": {
        "price": 3,
        "promoText": " ",
        "packageSize": "140g",
        "packagePrice": "$2.14 per 100G"
      }
    }
  },
  {
    "id": "kelloggs-special-k-smoothie-blueberry",
    "brand": "Kellogg's",
    "name": "Special K Forest Berries Smoothie Blend Protein Drink With Real Fruit",
    "imageUrl": "https://shop.coles.com.au/wcsstore/Coles-CAS/images/3/5/1/3515801-th.jpg",
    "categories": ["pantry"],
    "tags": ["breakfast", "on-the-go"],
    "locations": {
      "vic": {
        "price": 3,
        "promoText": " ",
        "packageSize": "140g",
        "packagePrice": "$2.14 per 100G"
      }
    }
  },
  {
    "id": "kelloggs-cereal-variety-pack-nutri-grain",
    "brand": "Kellogg's",
    "name": "Nutri-Grain To Go Breakfast Cereal 6 Pack",
    "imageUrl": "https://shop.coles.com.au/wcsstore/Coles-CAS/images/3/5/1/3515776-th.jpg",
    "categories": ["pantry"],
    "tags": ["breakfast", "on-the-go"],
    "locations": {
      "vic": {
        "price": 6.5,
        "promoText": " ",
        "packageSize": "240g",
        "packagePrice": "$2.71 per 100G"
      }
    }
  },
  {
    "id": "kelloggs-nutri-grain-to-go-ice-coffee",
    "brand": "Kellogg's",
    "name": "Nutri-Grain To Go Protein Squeezer Iced Coffee Breakfast Pouch",
    "imageUrl": "https://shop.coles.com.au/wcsstore/Coles-CAS/images/3/5/1/3515765-th.jpg",
    "categories": ["pantry"],
    "tags": ["breakfast", "on-the-go"],
    "locations": {
      "vic": {
        "price": 3,
        "promoText": " ",
        "packageSize": "140g",
        "packagePrice": "$2.14 per 100G"
      }
    }
  },
  {
    "id": "lowan-overnight-bircher-blueberry-vanilla",
    "brand": "Lowan",
    "name": "Blueberry & Vanilla Overnight Bircher",
    "imageUrl": "https://shop.coles.com.au/wcsstore/Coles-CAS/images/3/5/1/3515914-th.jpg",
    "categories": ["pantry"],
    "tags": ["breakfast", "on-the-go"],
    "locations": {
      "vic": {
        "price": 2.5,
        "promoText": " ",
        "packageSize": "65g",
        "packagePrice": "$3.85 per 100G"
      }
    }
  },
  {
    "id": "lowan-overnight-bircher-apple-chia",
    "brand": "Lowan",
    "name": "Spiced Apple & Chia Overnight Bircher",
    "imageUrl": "https://shop.coles.com.au/wcsstore/Coles-CAS/images/3/5/1/3515925-th.jpg",
    "categories": ["pantry"],
    "tags": ["breakfast", "on-the-go"],
    "locations": {
      "vic": {
        "price": 2.5,
        "promoText": " ",
        "packageSize": "65g",
        "packagePrice": "$3.85 per 100G"
      }
    }
  },
  {
    "id": "lowan-overnight-bircher-honey-coconut-almond",
    "brand": "Lowan",
    "name": "Honey Coconut & Almond Overnight Bircher",
    "imageUrl": "https://shop.coles.com.au/wcsstore/Coles-CAS/images/3/5/1/3515903-th.jpg",
    "categories": ["pantry"],
    "tags": ["breakfast", "on-the-go"],
    "locations": {
      "vic": {
        "price": 2.5,
        "promoText": " ",
        "packageSize": "65g",
        "packagePrice": "$0.38 per 10G"
      }
    }
  },
  {
    "id": "sanitarium-up-go-liquid-breakfast-banana-3-pack",
    "brand": "Sanitarium",
    "name": "UP&GO Liquid Breakfast Banana 250mL",
    "imageUrl": "https://shop.coles.com.au/wcsstore/Coles-CAS/images/7/1/4/7144530-th.jpg",
    "categories": ["pantry"],
    "tags": ["breakfast", "on-the-go"],
    "locations": {
      "vic": {
        "price": 4.8,
        "promoText": " ",
        "packageSize": "3 pack",
        "packagePrice": "$0.64 per 100mL"
      }
    }
  },
  {
    "id": "sanitarium-up-go-liquid-breakfast-banana-6-pack",
    "brand": "Sanitarium",
    "name": "UP&GO Liquid Breakfast Banana 250mL",
    "imageUrl": "https://shop.coles.com.au/wcsstore/Coles-CAS/images/8/0/4/8047915-th.jpg",
    "categories": ["pantry"],
    "tags": ["breakfast", "on-the-go"],
    "locations": {
      "vic": {
        "price": 9,
        "promoText": " ",
        "packageSize": "6 pack",
        "packagePrice": "$6.00 per 1L"
      }
    }
  },
  {
    "id": "sanitarium-up-go-caramel-liquid-breakfast",
    "brand": "Sanitarium",
    "name": "UP&GO Liquid Breakfast Caramel 250mL",
    "imageUrl": "https://shop.coles.com.au/wcsstore/Coles-CAS/images/2/0/0/2002233-th.jpg",
    "categories": ["pantry"],
    "tags": ["breakfast", "on-the-go"],
    "locations": {
      "vic": {
        "price": 4.8,
        "promoText": " ",
        "packageSize": "3 pack",
        "packagePrice": "$0.64 per 100mL"
      }
    }
  },
  {
    "id": "sanitarium-up-go-caramel-fridge-12-pack",
    "brand": "Sanitarium",
    "name": "UP&GO Liquid Breakfast Caramel 250mL",
    "imageUrl": "https://shop.coles.com.au/wcsstore/Coles-CAS/images/2/0/0/2002244-th.jpg",
    "categories": ["pantry"],
    "tags": ["breakfast", "on-the-go"],
    "locations": {
      "vic": {
        "price": 13,
        "promoText": " ",
        "packageSize": "12 pack",
        "packagePrice": "$4.33 per 1L"
      }
    }
  },
  {
    "id": "sanitarium-weet-bix-go-honey-oats-breakfast-biscuits",
    "brand": "Sanitarium",
    "name": "Weet-Bix GO Honey & Oat Crunch Breakfast Biscuits 50g",
    "imageUrl": "https://shop.coles.com.au/wcsstore/Coles-CAS/images/2/4/0/2404860-th.jpg",
    "categories": ["pantry"],
    "tags": ["breakfast", "on-the-go"],
    "locations": {
      "vic": {
        "price": 4.75,
        "promoText": " ",
        "packageSize": "5 pack",
        "packagePrice": "$1.90 per 100G"
      }
    }
  },
  {
    "id": "sanitarium-up-go-liquid-breakfast-gluten-free-vanilla-ice-250ml-3-pack",
    "brand": "Sanitarium",
    "name": "UP&GO Liquid Breakfast Gluten Free Vanilla Ice 250mL",
    "imageUrl": "https://shop.coles.com.au/wcsstore/Coles-CAS/images/2/5/8/2587909-th.jpg",
    "categories": ["pantry"],
    "tags": ["breakfast", "on-the-go"],
    "locations": {
      "vic": {
        "price": 4.5,
        "promoText": " ",
        "packageSize": "3 pack",
        "packagePrice": "$0.60 per 100mL"
      }
    }
  },
  {
    "id": "sanitarium-liquid-breakfast-up-go-gluten-free-choc-ice-250ml-3-pack",
    "brand": "Sanitarium",
    "name": "UP&GO Liquid Breakfast Gluten Free Choc Ice 250mL",
    "imageUrl": "https://shop.coles.com.au/wcsstore/Coles-CAS/images/2/5/8/2587895-th.jpg",
    "categories": ["pantry"],
    "tags": ["breakfast", "on-the-go"],
    "locations": {
      "vic": {
        "price": 4.5,
        "promoText": " ",
        "packageSize": "3 pack",
        "packagePrice": "$0.60 per 100mL"
      }
    }
  },
  {
    "id": "sanitarium-weet-bix-go-vanilla-macadamia",
    "brand": "Sanitarium",
    "name": "Weet-Bix GO Vanilla Macadamia Breakfast Biscuits 50g",
    "imageUrl": "https://shop.coles.com.au/wcsstore/Coles-CAS/images/2/7/1/2715918-th.jpg",
    "categories": ["pantry"],
    "tags": ["breakfast", "on-the-go"],
    "locations": {
      "vic": {
        "price": 4.75,
        "promoText": " ",
        "packageSize": "5 pack",
        "packagePrice": "$1.90 per 100G"
      }
    }
  },
  {
    "id": "sanitarium-up-go-fridge-pack-12pk-3723503p",
    "brand": "Sanitarium",
    "name": "Up&Go Vanilla No Added Sugar 250mL",
    "imageUrl": "https://shop.coles.com.au/wcsstore/Coles-CAS/images/3/7/2/3723503-th.jpg",
    "categories": ["pantry"],
    "tags": ["breakfast", "on-the-go"],
    "locations": {
      "vic": {
        "price": 13,
        "promoText": " ",
        "packageSize": "12 Pack",
        "packagePrice": "$4.33 per 1L"
      }
    }
  },
  {
    "id": "sanitarium-u-g-(edlp)-vanilla-ice-nas",
    "brand": "Sanitarium",
    "name": "UP&GO Vanilla Ice Cereal No Added Sugar 3x250mL",
    "imageUrl": "https://shop.coles.com.au/wcsstore/Coles-CAS/images/3/7/2/3723467-th.jpg",
    "categories": ["pantry"],
    "tags": ["breakfast", "on-the-go"],
    "locations": {
      "vic": {
        "price": 4.8,
        "promoText": " ",
        "packageSize": "750mL",
        "packagePrice": "$6.40 per 1L"
      }
    }
  },
  {
    "id": "uncle-tobys-oats-quick-cups-creamy-honey-1196270p",
    "brand": "Uncle Tobys",
    "name": "Quick Oats Cups Creamy Honey",
    "imageUrl": "https://shop.coles.com.au/wcsstore/Coles-CAS/images/1/1/9/1196270-th.jpg",
    "categories": ["pantry"],
    "tags": ["breakfast", "on-the-go"],
    "locations": {
      "vic": {
        "price": 2.15,
        "promoText": " ",
        "packageSize": "50g",
        "packagePrice": "$4.30 per 100G"
      }
    }
  },
  {
    "id": "kelloggs-cereal-sustain-original",
    "brand": "Kellogg's",
    "name": "Sustain Breakfast Cereal with Whole Grain Flakes",
    "imageUrl": "https://shop.coles.com.au/wcsstore/Coles-CAS/images/8/4/9/8494174-th.jpg",
    "categories": ["pantry"],
    "tags": ["breakfast", "healthier-start"],
    "locations": {
      "vic": {
        "price": 5.7,
        "promoText": " ",
        "packageSize": "480g",
        "packagePrice": "$1.19 per 100G"
      }
    }
  },
  {
    "id": "kelloggs-cereal-special-k-8491653p",
    "brand": "Kellogg's",
    "name": "Special K Original Breakfast Cereal with Grain Based Protein",
    "imageUrl": "https://shop.coles.com.au/wcsstore/Coles-CAS/images/8/4/9/8491653-th.jpg",
    "categories": ["pantry"],
    "tags": ["breakfast", "healthier-start"],
    "locations": {
      "vic": {
        "price": 4.95,
        "promoText": " ",
        "packageSize": "300g",
        "packagePrice": "$1.65 per 100G"
      }
    }
  },
  {
    "id": "kelloggs-cereal-special-k",
    "brand": "Kellogg's",
    "name": "Special K Original Breakfast Cereal with Grain Based Protein",
    "imageUrl": "https://shop.coles.com.au/wcsstore/Coles-CAS/images/8/4/9/8495891-th.jpg",
    "categories": ["pantry"],
    "tags": ["breakfast", "healthier-start"],
    "locations": {
      "vic": {
        "price": 5.5,
        "promoText": "$2.15 ",
        "packageSize": "535g",
        "packagePrice": "$1.03 per 100G"
      }
    }
  },
  {
    "id": "kelloggs-cereal-all-bran-original",
    "brand": "Kellogg's",
    "name": "All-Bran Original High Fibre Breakfast Cereal",
    "imageUrl": "https://shop.coles.com.au/wcsstore/Coles-CAS/images/9/2/6/9269209-th.jpg",
    "categories": ["pantry"],
    "tags": ["breakfast", "healthier-start"],
    "locations": {
      "vic": {
        "price": 4.4,
        "promoText": " ",
        "packageSize": "350g",
        "packagePrice": "$1.26 per 100G"
      }
    }
  },
  {
    "id": "uncle-tobys-cereal-plus-antioxidant",
    "brand": "Uncle Tobys",
    "name": "Plus Antioxidant Cereal",
    "imageUrl": "https://shop.coles.com.au/wcsstore/Coles-CAS/images/8/9/3/8937956-th.jpg",
    "categories": ["pantry"],
    "tags": ["breakfast", "healthier-start"],
    "locations": {
      "vic": {
        "price": 3.75,
        "promoText": "$3.75 ",
        "packageSize": "765g",
        "packagePrice": "$0.49 per 100G"
      }
    }
  },
  {
    "id": "kelloggs-cereal-just-right-original-8492678p",
    "brand": "Kellogg's",
    "name": "Just Right Breakfast Cereal With Whole Grains Apricot Pieces And Sultanas",
    "imageUrl": "https://shop.coles.com.au/wcsstore/Coles-CAS/images/8/4/9/8492678-th.jpg",
    "categories": ["pantry"],
    "tags": ["breakfast", "healthier-start"],
    "locations": {
      "vic": {
        "price": 5.9,
        "promoText": " ",
        "packageSize": "460g",
        "packagePrice": "$1.28 per 100G"
      }
    }
  },
  {
    "id": "kelloggs-cereal-all-bran",
    "brand": "Kellogg's",
    "name": "All-Bran Original High Fibre Breakfast Cereal",
    "imageUrl": "https://shop.coles.com.au/wcsstore/Coles-CAS/images/8/4/9/8491915-th.jpg",
    "categories": ["pantry"],
    "tags": ["breakfast", "healthier-start"],
    "locations": {
      "vic": {
        "price": 5.25,
        "promoText": " ",
        "packageSize": "530g",
        "packagePrice": "$0.99 per 100G"
      }
    }
  },
  {
    "id": "kelloggs-cereal-special-k-advantage",
    "brand": "Kellogg's",
    "name": "Special K High Fibre Advantage Breakfast Cereal",
    "imageUrl": "https://shop.coles.com.au/wcsstore/Coles-CAS/images/8/4/9/8492725-th.jpg",
    "categories": ["pantry"],
    "tags": ["breakfast", "healthier-start"],
    "locations": {
      "vic": {
        "price": 4.8,
        "promoText": " ",
        "packageSize": "315g",
        "packagePrice": "$1.52 per 100G"
      }
    }
  },
  {
    "id": "jordans-oat-granola-with-berries",
    "brand": "Jordans",
    "name": "Crunchy Oat Granola With Berries Cereal",
    "imageUrl": "https://shop.coles.com.au/wcsstore/Coles-CAS/images/1/7/5/1750254-th.jpg",
    "categories": ["pantry"],
    "tags": ["breakfast", "healthier-start"],
    "locations": {
      "vic": {
        "price": 7,
        "promoText": " ",
        "packageSize": "500g",
        "packagePrice": "$1.40 per 100G"
      }
    }
  },
  {
    "id": "jordans-crispy-oat-clusters-nuts",
    "brand": "Jordans",
    "name": "Crispy Oat Clusters Chunky Nut",
    "imageUrl": "https://shop.coles.com.au/wcsstore/Coles-CAS/images/1/3/1/1315346-th.jpg",
    "categories": ["pantry"],
    "tags": ["breakfast", "healthier-start"],
    "locations": {
      "vic": {
        "price": 7,
        "promoText": " ",
        "packageSize": "500g",
        "packagePrice": "$1.40 per 100G"
      }
    }
  },
  {
    "id": "kelloggs-cereal-just-right-original",
    "brand": "Kellogg's",
    "name": "Just Right Cereal",
    "imageUrl": "https://shop.coles.com.au/wcsstore/Coles-CAS/images/8/4/9/8495778-th.jpg",
    "categories": ["pantry"],
    "tags": ["breakfast", "healthier-start"],
    "locations": {
      "vic": {
        "price": 8.5,
        "promoText": " ",
        "packageSize": "790g",
        "packagePrice": "$1.08 per 100G"
      }
    }
  },
  {
    "id": "uncle-tobys-plus-iron",
    "brand": "Uncle Tobys",
    "name": "Plus Iron Cereal",
    "imageUrl": "https://shop.coles.com.au/wcsstore/Coles-CAS/images/2/2/6/2264524-th.jpg",
    "categories": ["pantry"],
    "tags": ["breakfast", "healthier-start"],
    "locations": {
      "vic": {
        "price": 3.75,
        "promoText": "$3.75 ",
        "packageSize": "710g",
        "packagePrice": "$0.53 per 100G"
      }
    }
  },
  {
    "id": "carmans-muesli-clusters-honey-roasted-nut",
    "brand": "Carman's",
    "name": "Honey Roasted Nut Crunchy Clusters",
    "imageUrl": "https://shop.coles.com.au/wcsstore/Coles-CAS/images/8/9/4/8944102-th.jpg",
    "categories": ["pantry"],
    "tags": ["breakfast", "healthier-start"],
    "locations": {
      "vic": {
        "price": 6.9,
        "promoText": " ",
        "packageSize": "500g",
        "packagePrice": "$1.38 per 100G"
      }
    }
  },
  {
    "id": "kelloggs-cereal-all-bran-wheat-flakes",
    "brand": "Kellogg's",
    "name": "All-Bran Wheat Flakes Breakfast Cereal",
    "imageUrl": "https://shop.coles.com.au/wcsstore/Coles-CAS/images/8/4/9/8491948-th.jpg",
    "categories": ["pantry"],
    "tags": ["breakfast", "healthier-start"],
    "locations": {
      "vic": {
        "price": 4.5,
        "promoText": " ",
        "packageSize": "330g",
        "packagePrice": "$1.36 per 100G"
      }
    }
  },
  {
    "id": "kelloggs-cereal-all-bran-honey-almond",
    "brand": "Kellogg's",
    "name": "All-Bran Wheat Flakes Honey Almond Breakfast Cereal",
    "imageUrl": "https://shop.coles.com.au/wcsstore/Coles-CAS/images/8/4/9/8491857-th.jpg",
    "categories": ["pantry"],
    "tags": ["breakfast", "healthier-start"],
    "locations": {
      "vic": {
        "price": 6.5,
        "promoText": " ",
        "packageSize": "420g",
        "packagePrice": "$1.55 per 100G"
      }
    }
  },
  {
    "id": "kellogg-s-special-k-lower-sugar-420g",
    "brand": "Kellogg's",
    "name": "Special K Lower Sugar 420g",
    "imageUrl": "https://shop.coles.com.au/wcsstore/Coles-CAS/images/3/7/8/3780744-th.jpg",
    "categories": ["pantry"],
    "tags": ["breakfast", "healthier-start"],
    "locations": {
      "vic": {
        "price": 5.99,
        "promoText": " ",
        "packageSize": "420g",
        "packagePrice": "$1.43 per 100G"
      }
    }
  },
  {
    "id": "uncle-tobys-cereal-plus-omega-3",
    "brand": "Uncle Tobys",
    "name": "Plus Omega 3 Cereal",
    "imageUrl": "https://shop.coles.com.au/wcsstore/Coles-CAS/images/8/9/3/8930254-th.jpg",
    "categories": ["pantry"],
    "tags": ["breakfast", "healthier-start"],
    "locations": {
      "vic": {
        "price": 3.75,
        "promoText": "$3.75 ",
        "packageSize": "775g",
        "packagePrice": "$0.48 per 100G"
      }
    }
  },
  {
    "id": "dick-smith-cereal-bush-food",
    "brand": "Dick Smith's",
    "name": "Bush Foods Breakfast Cereal",
    "imageUrl": "https://shop.coles.com.au/wcsstore/Coles-CAS/images/9/3/0/9307352-th.jpg",
    "categories": ["pantry"],
    "tags": ["breakfast", "healthier-start"],
    "locations": {
      "vic": {
        "price": 5.35,
        "promoText": " ",
        "packageSize": "500g",
        "packagePrice": "$1.07 per 100G"
      }
    }
  },
  {
    "id": "jordans-simply-crunchy-oat-granola",
    "brand": "Jordans",
    "name": "Simply Crunchy Oat Granola",
    "imageUrl": "https://shop.coles.com.au/wcsstore/Coles-CAS/images/2/4/9/2499255-th.jpg",
    "categories": ["pantry"],
    "tags": ["breakfast", "healthier-start"],
    "locations": {
      "vic": {
        "price": 7,
        "promoText": " ",
        "packageSize": "750g",
        "packagePrice": "$0.93 per 100G"
      }
    }
  },
  {
    "id": "kelloggs-cereal-guardian",
    "brand": "Kellogg's",
    "name": "Guardian Psyllium Breakfast Cereal",
    "imageUrl": "https://shop.coles.com.au/wcsstore/Coles-CAS/images/8/4/9/8492237-th.jpg",
    "categories": ["pantry"],
    "tags": ["breakfast", "healthier-start"],
    "locations": {
      "vic": {
        "price": 6.3,
        "promoText": " ",
        "packageSize": "360g",
        "packagePrice": "$1.75 per 100G"
      }
    }
  },
  {
    "id": "sanitarium-light-tasty-macadamia-oat-clusters",
    "brand": "Sanitarium",
    "name": "Light 'N' Tasty Macadamia Oat Clusters Breakfast Cereal",
    "imageUrl": "https://shop.coles.com.au/wcsstore/Coles-CAS/images/3/5/0/3504667-th.jpg",
    "categories": ["pantry"],
    "tags": ["breakfast", "healthier-start"],
    "locations": {
      "vic": {
        "price": 3,
        "promoText": "$3.00 ",
        "packageSize": "410g",
        "packagePrice": "$0.73 per 100G"
      }
    }
  },
  {
    "id": "uncle-tobys-cereal-plus-fibre",
    "brand": "Uncle Tobys",
    "name": "Plus Fibre Cereal",
    "imageUrl": "https://shop.coles.com.au/wcsstore/Coles-CAS/images/8/9/3/8930221-th.jpg",
    "categories": ["pantry"],
    "tags": ["breakfast", "healthier-start"],
    "locations": {
      "vic": {
        "price": 3.75,
        "promoText": "$3.75 ",
        "packageSize": "775g",
        "packagePrice": "$0.48 per 100G"
      }
    }
  },
  {
    "id": "be-natural-cereal-cashew-almond-hazelnut-coconut",
    "brand": "Be Natural",
    "name": "Flakes and Clusters Breakfast Cereal With Cashew Almond Hazelnut & Coconut",
    "imageUrl": "https://shop.coles.com.au/wcsstore/Coles-CAS/images/9/9/9/9991378-th.jpg",
    "categories": ["pantry"],
    "tags": ["breakfast", "healthier-start"],
    "locations": {
      "vic": {
        "price": 4.4,
        "promoText": "$1.10 ",
        "packageSize": "415g",
        "packagePrice": "$1.06 per 100G"
      }
    }
  },
  {
    "id": "be-natural-cereal-apple-raisin",
    "brand": "Be Natural",
    "name": "Flakes and Clusters Breakfast Cereal With Pink Lady Apple & Flame Raisins",
    "imageUrl": "https://shop.coles.com.au/wcsstore/Coles-CAS/images/9/9/9/9991367-th.jpg",
    "categories": ["pantry"],
    "tags": ["breakfast", "healthier-start"],
    "locations": {
      "vic": {
        "price": 4.4,
        "promoText": "$1.10 ",
        "packageSize": "405g",
        "packagePrice": "$1.09 per 100G"
      }
    }
  },
  {
    "id": "be-natural-5-wholegrain-flakes-cereal",
    "brand": "Be Natural",
    "name": "5 Whole Grain Flakes Breakfast Cereal",
    "imageUrl": "https://shop.coles.com.au/wcsstore/Coles-CAS/images/8/4/8/8489436-th.jpg",
    "categories": ["pantry"],
    "tags": ["breakfast", "healthier-start"],
    "locations": {
      "vic": {
        "price": 3.1,
        "promoText": "$0.80 ",
        "packageSize": "325g",
        "packagePrice": "$0.95 per 100G"
      }
    }
  },
  {
    "id": "heritage-mill-deluxe-cluster-pear-walnut-carda",
    "brand": "Heritage Mill",
    "name": "Spiced Pear & Walnut Clusters",
    "imageUrl": "https://shop.coles.com.au/wcsstore/Coles-CAS/images/3/5/0/3504736-th.jpg",
    "categories": ["pantry"],
    "tags": ["breakfast", "healthier-start"],
    "locations": {
      "vic": {
        "price": 7,
        "promoText": " ",
        "packageSize": "500g",
        "packagePrice": "$1.40 per 100G"
      }
    }
  },
  {
    "id": "jordans-crispy-oat-clusters-strawberry",
    "brand": "Jordans",
    "name": "Crispy Oat Clusters Strawberry",
    "imageUrl": "https://shop.coles.com.au/wcsstore/Coles-CAS/images/1/3/1/1315368-th.jpg",
    "categories": ["pantry"],
    "tags": ["breakfast", "healthier-start"],
    "locations": {
      "vic": {
        "price": 7,
        "promoText": " ",
        "packageSize": "500g",
        "packagePrice": "$1.40 per 100G"
      }
    }
  },
  {
    "id": "jordans-crispy-oat-clusters-maple-pecan",
    "brand": "Jordans",
    "name": "Crispy Oat Clusters Maple & Pecan Cereal",
    "imageUrl": "https://shop.coles.com.au/wcsstore/Coles-CAS/images/2/8/7/2876101-th.jpg",
    "categories": ["pantry"],
    "tags": ["breakfast", "healthier-start"],
    "locations": {
      "vic": {
        "price": 7,
        "promoText": " ",
        "packageSize": "500g",
        "packagePrice": "$1.40 per 100G"
      }
    }
  },
  {
    "id": "kelloggs-cereal-special-k-forest-berries",
    "brand": "Kellogg's",
    "name": "Special K Forest Berries Breakfast Cereal",
    "imageUrl": "https://shop.coles.com.au/wcsstore/Coles-CAS/images/8/4/9/8492758-th.jpg",
    "categories": ["pantry"],
    "tags": ["breakfast", "healthier-start"],
    "locations": {
      "vic": {
        "price": 5.9,
        "promoText": " ",
        "packageSize": "380g",
        "packagePrice": "$1.55 per 100G"
      }
    }
  },
  {
    "id": "uncle-tobys-cereal-plus-protein-8930298p",
    "brand": "Uncle Tobys",
    "name": "Plus Protein Cereal",
    "imageUrl": "https://shop.coles.com.au/wcsstore/Coles-CAS/images/8/9/3/8930298-th.jpg",
    "categories": ["pantry"],
    "tags": ["breakfast", "healthier-start"],
    "locations": {
      "vic": {
        "price": 3.75,
        "promoText": "$3.75 ",
        "packageSize": "705g",
        "packagePrice": "$0.53 per 100G"
      }
    }
  },
  {
    "id": "be-natural-organics-whole-grain-bites-orig",
    "brand": "Be Natural",
    "name": "Original Mini Bites Organic Breakfast Cereal With Whole Grains",
    "imageUrl": "https://shop.coles.com.au/wcsstore/Coles-CAS/images/2/8/6/2865025-th.jpg",
    "categories": ["pantry"],
    "tags": ["breakfast", "healthier-start"],
    "locations": {
      "vic": {
        "price": 5.2,
        "promoText": "$1.30 ",
        "packageSize": "460g",
        "packagePrice": "$1.13 per 100G"
      }
    }
  },
  {
    "id": "heritage-mill-deluxe-clusters-lemon-raspberry",
    "brand": "Heritage Mill",
    "name": "Zesty Lemon &  Raspberry Clusters",
    "imageUrl": "https://shop.coles.com.au/wcsstore/Coles-CAS/images/3/5/0/3504747-th.jpg",
    "categories": ["pantry"],
    "tags": ["breakfast", "healthier-start"],
    "locations": {
      "vic": {
        "price": 7,
        "promoText": " ",
        "packageSize": "500g",
        "packagePrice": "$1.40 per 100G"
      }
    }
  },
  {
    "id": "heritage-mill-deluxe-muesli-peach-vanilla",
    "brand": "Heritage Mill",
    "name": "Honey Roasted Almond & Peach Natural Muesli",
    "imageUrl": "https://shop.coles.com.au/wcsstore/Coles-CAS/images/3/5/0/3504690-th.jpg",
    "categories": ["pantry"],
    "tags": ["breakfast", "healthier-start"],
    "locations": {
      "vic": {
        "price": 7,
        "promoText": " ",
        "packageSize": "500g",
        "packagePrice": "$1.40 per 100G"
      }
    }
  },
  {
    "id": "jordans-crispy-oat-clusters-wild-about-berries",
    "brand": "Jordans",
    "name": "Crispy Oat Clusters Wild About Berries Cereal",
    "imageUrl": "https://shop.coles.com.au/wcsstore/Coles-CAS/images/2/4/9/2499084-th.jpg",
    "categories": ["pantry"],
    "tags": ["breakfast", "healthier-start"],
    "locations": {
      "vic": {
        "price": 7,
        "promoText": " ",
        "packageSize": "500g",
        "packagePrice": "$1.40 per 100G"
      }
    }
  },
  {
    "id": "kelloggs-cereal-special-k-fruit-nut",
    "brand": "Kellogg's",
    "name": "Special K Fruit & Nut Breakfast Cereal with Grain and Nut Based Protein",
    "imageUrl": "https://shop.coles.com.au/wcsstore/Coles-CAS/images/8/6/0/8609968-th.jpg",
    "categories": ["pantry"],
    "tags": ["breakfast", "healthier-start"],
    "locations": {
      "vic": {
        "price": 6,
        "promoText": " ",
        "packageSize": "430g",
        "packagePrice": "$1.40 per 100G"
      }
    }
  },
  {
    "id": "be-natural-organics-whole-grain-bites",
    "brand": "Be Natural",
    "name": "Whole Grain Mini Bites Cinnamon",
    "imageUrl": "https://shop.coles.com.au/wcsstore/Coles-CAS/images/2/8/1/2817656-th.jpg",
    "categories": ["pantry"],
    "tags": ["breakfast", "healthier-start"],
    "locations": {
      "vic": {
        "price": 5.2,
        "promoText": "$0.80 ",
        "packageSize": "460g",
        "packagePrice": "$1.13 per 100G"
      }
    }
  },
  {
    "id": "carmans-muesli-clusters-cranberry-apple",
    "brand": "Carman's",
    "name": "Cranberry Apple & Nut Crunchy Clusters",
    "imageUrl": "https://shop.coles.com.au/wcsstore/Coles-CAS/images/8/9/4/8944113-th.jpg",
    "categories": ["pantry"],
    "tags": ["breakfast", "healthier-start"],
    "locations": {
      "vic": {
        "price": 6.9,
        "promoText": " ",
        "packageSize": "500g",
        "packagePrice": "$1.38 per 100G"
      }
    }
  },
  {
    "id": "coles-right-start-fruit-fibre-cereal",
    "brand": "Coles",
    "name": "Right Start Fruit & Fibre Cereal",
    "imageUrl": "https://shop.coles.com.au/wcsstore/Coles-CAS/images/2/0/2/2024098-th.jpg",
    "categories": ["pantry"],
    "tags": ["breakfast", "healthier-start"],
    "locations": {
      "vic": {
        "price": 2.8,
        "promoText": "Was $3.00 on Aug 2019 ",
        "packageSize": "420g",
        "packagePrice": "$0.67 per 100G"
      }
    }
  },
  {
    "id": "heritage-mill-deluxe-muesli-nut-coconut",
    "brand": "Heritage Mill",
    "name": "Deluxe Roasted Nut Muesli",
    "imageUrl": "https://shop.coles.com.au/wcsstore/Coles-CAS/images/3/5/0/3504689-th.jpg",
    "categories": ["pantry"],
    "tags": ["breakfast", "healthier-start"],
    "locations": {
      "vic": {
        "price": 7,
        "promoText": " ",
        "packageSize": "500g",
        "packagePrice": "$1.40 per 100G"
      }
    }
  },
  {
    "id": "jordans-extremely-nutty-granola",
    "brand": "Jordans",
    "name": "Crunchy Oat Granola Extremely Nutty",
    "imageUrl": "https://shop.coles.com.au/wcsstore/Coles-CAS/images/2/0/1/2010719-th.jpg",
    "categories": ["pantry"],
    "tags": ["breakfast", "healthier-start"],
    "locations": {
      "vic": {
        "price": 7,
        "promoText": " ",
        "packageSize": "500g",
        "packagePrice": "$1.40 per 100G"
      }
    }
  },
  {
    "id": "sanitarium-light-tasty-berry",
    "brand": "Sanitarium",
    "name": "Light 'N' Tasty Berry Flavour Breakfast Cereal",
    "imageUrl": "https://shop.coles.com.au/wcsstore/Coles-CAS/images/3/5/0/3504656-th.jpg",
    "categories": ["pantry"],
    "tags": ["breakfast", "healthier-start"],
    "locations": {
      "vic": {
        "price": 3,
        "promoText": "$3.00 ",
        "packageSize": "500g",
        "packagePrice": "$0.60 per 100G"
      }
    }
  },
  {
    "id": "uncle-tobys-cereal-plus-antioxidant-8953282p",
    "brand": "Uncle Tobys",
    "name": "Plus Antioxidant Cereal",
    "imageUrl": "https://shop.coles.com.au/wcsstore/Coles-CAS/images/8/9/5/8953282-th.jpg",
    "categories": ["pantry"],
    "tags": ["breakfast", "healthier-start"],
    "locations": {
      "vic": {
        "price": 4.75,
        "promoText": " ",
        "packageSize": "435g",
        "packagePrice": "$1.09 per 100G"
      }
    }
  },
  {
    "id": "uncle-tobys-cereal-plus-muesli-flakes-8930367p",
    "brand": "Uncle Tobys",
    "name": "Plus Muesli Flakes",
    "imageUrl": "https://shop.coles.com.au/wcsstore/Coles-CAS/images/8/9/3/8930367-th.jpg",
    "categories": ["pantry"],
    "tags": ["breakfast", "healthier-start"],
    "locations": {
      "vic": {
        "price": 3.75,
        "promoText": "$3.75 ",
        "packageSize": "820g",
        "packagePrice": "$0.46 per 100G"
      }
    }
  },
  {
    "id": "uncle-tobys-breakfast-plus-cereal",
    "brand": "Uncle Tobys",
    "name": "Plus Iron Cereal",
    "imageUrl": "https://shop.coles.com.au/wcsstore/Coles-CAS/images/2/3/5/2353067-th.jpg",
    "categories": ["pantry"],
    "tags": ["breakfast", "healthier-start"],
    "locations": {
      "vic": {
        "price": 4.75,
        "promoText": " ",
        "packageSize": "410g",
        "packagePrice": "$1.16 per 100G"
      }
    }
  },
  {
    "id": "vogels-cereal-grain-cluster",
    "brand": "Vogel's",
    "name": "Classic Golden Baked Cluster Crunch Breakfast Granola",
    "imageUrl": "https://shop.coles.com.au/wcsstore/Coles-CAS/images/5/4/0/5407322-th.jpg",
    "categories": ["pantry"],
    "tags": ["breakfast", "healthier-start"],
    "locations": {
      "vic": {
        "price": 5.5,
        "promoText": "$1.30 ",
        "packageSize": "500g",
        "packagePrice": "$1.10 per 100G"
      }
    }
  },
  {
    "id": "carmans-crunchy-clusters-blueberry-coconut-almond",
    "brand": "Carman's",
    "name": "Blueberry, Coconut & Almond Crunchy Clusters",
    "imageUrl": "https://shop.coles.com.au/wcsstore/Coles-CAS/images/2/7/1/2714449-th.jpg",
    "categories": ["pantry"],
    "tags": ["breakfast", "healthier-start"],
    "locations": {
      "vic": {
        "price": 6.9,
        "promoText": " ",
        "packageSize": "500g",
        "packagePrice": "$1.38 per 100G"
      }
    }
  },
  {
    "id": "kelloggs--special-k-nourish-cas-mac-coconut",
    "brand": "Kellogg's",
    "name": "Special K Nourish Cashew, Macadamia and Coconut Breakfast Cereal",
    "imageUrl": "https://shop.coles.com.au/wcsstore/Coles-CAS/images/2/8/7/2876815-th.jpg",
    "categories": ["pantry"],
    "tags": ["breakfast", "healthier-start"],
    "locations": {
      "vic": {
        "price": 6.1,
        "promoText": " ",
        "packageSize": "390g",
        "packagePrice": "$1.56 per 100G"
      }
    }
  },
  {
    "id": "nestle-milo-protein-clusters",
    "brand": "Nestle",
    "name": "Milo Protein Clusters",
    "imageUrl": "https://shop.coles.com.au/wcsstore/Coles-CAS/images/2/5/9/2595055-th.jpg",
    "categories": ["pantry"],
    "tags": ["breakfast", "healthier-start"],
    "locations": {
      "vic": {
        "price": 6.5,
        "promoText": " ",
        "packageSize": "500g",
        "packagePrice": "$1.30 per 100G"
      }
    }
  },
  {
    "id": "sanitarium-weet-bix-protein",
    "brand": "Sanitarium",
    "name": "Weet-Bix Protein Honey Breakfast Cereal",
    "imageUrl": "https://shop.coles.com.au/wcsstore/Coles-CAS/images/3/5/0/3504601-th.jpg",
    "categories": ["pantry"],
    "tags": ["breakfast", "healthier-start"],
    "locations": {
      "vic": {
        "price": 6,
        "promoText": " ",
        "packageSize": "500g",
        "packagePrice": "$1.20 per 100G"
      }
    }
  },
  {
    "id": "uncle-tobys-cereal-plus-calcium-1175178p",
    "brand": "Uncle Tobys",
    "name": "Plus Calcium Cereal",
    "imageUrl": "https://shop.coles.com.au/wcsstore/Coles-CAS/images/1/1/7/1175178-th.jpg",
    "categories": ["pantry"],
    "tags": ["breakfast", "healthier-start"],
    "locations": {
      "vic": {
        "price": 3.75,
        "promoText": "$3.75 ",
        "packageSize": "690g",
        "packagePrice": "$0.54 per 100G"
      }
    }
  },
  {
    "id": "kelloggs-cereal-rice-bubbles-8495803p",
    "brand": "Kellogg's",
    "name": "Rice Bubbles Puffed Rice Breakfast Cereal",
    "imageUrl": "https://shop.coles.com.au/wcsstore/Coles-CAS/images/8/4/9/8495803-th.jpg",
    "categories": ["pantry"],
    "tags": ["breakfast", "family-favourites"],
    "locations": {
      "vic": {
        "price": 5.3,
        "promoText": " ",
        "packageSize": "410g",
        "packagePrice": "$1.29 per 100G"
      }
    }
  },
  {
    "id": "sanitarium-weet-bix-2001784p",
    "brand": "Sanitarium",
    "name": "Weet-Bix Breakfast Cereal",
    "imageUrl": "https://shop.coles.com.au/wcsstore/Coles-CAS/images/2/0/0/2001784-th.jpg",
    "categories": ["pantry"],
    "tags": ["breakfast", "family-favourites"],
    "locations": {
      "vic": {
        "price": 3.8,
        "promoText": " ",
        "packageSize": "575g",
        "packagePrice": "$0.66 per 100G"
      }
    }
  },
  {
    "id": "brekky-heroes-choc-boulders",
    "brand": "Freedom Foods",
    "name": "Brekky Heroes Choc Boulders",
    "imageUrl": "https://shop.coles.com.au/wcsstore/Coles-CAS/images/3/2/0/3208278-th.jpg",
    "categories": ["pantry"],
    "tags": ["breakfast", "family-favourites"],
    "locations": {
      "vic": {
        "price": 4,
        "promoText": " ",
        "packageSize": "260g",
        "packagePrice": "$1.54 per 100G"
      }
    }
  },
  {
    "id": "brekky-heroes-honey-bolts",
    "brand": "Freedom Foods",
    "name": "Brekky Heroes Honey Bolts",
    "imageUrl": "https://shop.coles.com.au/wcsstore/Coles-CAS/images/3/2/0/3208289-th.jpg",
    "categories": ["pantry"],
    "tags": ["breakfast", "family-favourites"],
    "locations": {
      "vic": {
        "price": 4,
        "promoText": " ",
        "packageSize": "300g",
        "packagePrice": "$1.33 per 100G"
      }
    }
  },
  {
    "id": "brekky-heroes-fruity-hoops",
    "brand": "Freedom Foods",
    "name": "Brekky Heroes Fruity Hoops",
    "imageUrl": "https://shop.coles.com.au/wcsstore/Coles-CAS/images/3/2/0/3208303-th.jpg",
    "categories": ["pantry"],
    "tags": ["breakfast", "family-favourites"],
    "locations": {
      "vic": {
        "price": 4,
        "promoText": " ",
        "packageSize": "285g",
        "packagePrice": "$1.40 per 100G"
      }
    }
  },
  {
    "id": "kelloggs-special-k-gluten-free",
    "brand": "Kellogg's",
    "name": "Special K Gluten Free Breakfast Cereal",
    "imageUrl": "https://shop.coles.com.au/wcsstore/Coles-CAS/images/2/6/9/2692878-th.jpg",
    "categories": ["pantry"],
    "tags": ["breakfast", "family-favourites"],
    "locations": {
      "vic": {
        "price": 5.5,
        "promoText": " ",
        "packageSize": "330g",
        "packagePrice": "$1.67 per 100G"
      }
    }
  },
  {
    "id": "kelloggs-gluten-free-corn-flakes",
    "brand": "Kellogg's",
    "name": "Gluten Free Corn Flakes Breakfast Cereal",
    "imageUrl": "https://shop.coles.com.au/wcsstore/Coles-CAS/images/2/6/9/2692856-th.jpg",
    "categories": ["pantry"],
    "tags": ["breakfast", "family-favourites"],
    "locations": {
      "vic": {
        "price": 3.5,
        "promoText": " ",
        "packageSize": "270g",
        "packagePrice": "$1.30 per 100G"
      }
    }
  },
  {
    "id": "sanitarium-weet-bix-9393015p",
    "brand": "Sanitarium",
    "name": "Weet-Bix Breakfast Cereal",
    "imageUrl": "https://shop.coles.com.au/wcsstore/Coles-CAS/images/9/3/9/9393015-th.jpg",
    "categories": ["pantry"],
    "tags": ["breakfast", "family-favourites"],
    "locations": {
      "vic": {
        "price": 5,
        "promoText": " ",
        "packageSize": "1.2kg",
        "packagePrice": "$0.42 per 100G"
      }
    }
  },
  {
    "id": "kelloggs-cereal-nutri-grain-8491755p",
    "brand": "Kellogg's",
    "name": "Nutri-Grain Protein Breakfast Cereal",
    "imageUrl": "https://shop.coles.com.au/wcsstore/Coles-CAS/images/8/4/9/8491755-th.jpg",
    "categories": ["pantry"],
    "tags": ["breakfast", "family-favourites"],
    "locations": {
      "vic": {
        "price": 4.95,
        "promoText": " ",
        "packageSize": "290g",
        "packagePrice": "$1.71 per 100G"
      }
    }
  },
  {
    "id": "kelloggs-cereal-sultana-bran-8491212p",
    "brand": "Kellogg's",
    "name": "Sultana Bran High Fibre Breakfast Cereal",
    "imageUrl": "https://shop.coles.com.au/wcsstore/Coles-CAS/images/8/4/9/8491212-th.jpg",
    "categories": ["pantry"],
    "tags": ["breakfast", "family-favourites"],
    "locations": {
      "vic": {
        "price": 5.3,
        "promoText": " ",
        "packageSize": "420g",
        "packagePrice": "$1.26 per 100G"
      }
    }
  },
  {
    "id": "kelloggs-cereal-cornflakes",
    "brand": "Kellogg's",
    "name": "Corn Flakes Breakfast Cereal",
    "imageUrl": "https://shop.coles.com.au/wcsstore/Coles-CAS/images/8/4/9/8496249-th.jpg",
    "categories": ["pantry"],
    "tags": ["breakfast", "family-favourites"],
    "locations": {
      "vic": {
        "price": 4.5,
        "promoText": " ",
        "packageSize": "725g",
        "packagePrice": "$0.62 per 100G"
      }
    }
  },
  {
    "id": "kelloggs-cereal-coco-pops-8490209p",
    "brand": "Kellogg's",
    "name": "Coco Pops Chocolatey Breakfast Cereal",
    "imageUrl": "https://shop.coles.com.au/wcsstore/Coles-CAS/images/8/4/9/8490209-th.jpg",
    "categories": ["pantry"],
    "tags": ["breakfast", "family-favourites"],
    "locations": {
      "vic": {
        "price": 5.4,
        "promoText": " ",
        "packageSize": "375g",
        "packagePrice": "$1.44 per 100G"
      }
    }
  },
  {
    "id": "kelloggs-cereal-nutri-grain",
    "brand": "Kellogg's",
    "name": "Nutri-Grain Protein Breakfast Cereal",
    "imageUrl": "https://shop.coles.com.au/wcsstore/Coles-CAS/images/8/4/9/8495790-th.jpg",
    "categories": ["pantry"],
    "tags": ["breakfast", "family-favourites"],
    "locations": {
      "vic": {
        "price": 5.4,
        "promoText": "$1.35 ",
        "packageSize": "500g",
        "packagePrice": "$1.08 per 100G"
      }
    }
  },
  {
    "id": "kelloggs-cereal-crunchy-nut-cornflakes-8492044p",
    "brand": "Kellogg's",
    "name": "Crunchy Nut Corn Flakes Breakfast Cereal",
    "imageUrl": "https://shop.coles.com.au/wcsstore/Coles-CAS/images/8/4/9/8492044-th.jpg",
    "categories": ["pantry"],
    "tags": ["breakfast", "family-favourites"],
    "locations": {
      "vic": {
        "price": 4.95,
        "promoText": " ",
        "packageSize": "380g",
        "packagePrice": "$1.30 per 100G"
      }
    }
  },
  {
    "id": "kelloggs-rice-bubbles",
    "brand": "Kellogg's",
    "name": "Rice Bubbles Puffed Rice Breakfast Cereal",
    "imageUrl": "https://shop.coles.com.au/wcsstore/Coles-CAS/images/1/7/5/1758609-th.jpg",
    "categories": ["pantry"],
    "tags": ["breakfast", "family-favourites"],
    "locations": {
      "vic": {
        "price": 6,
        "promoText": " ",
        "packageSize": "705g",
        "packagePrice": "$0.85 per 100G"
      }
    }
  },
  {
    "id": "nestle-cereal-milo-value-pack",
    "brand": "Nestle",
    "name": "Whole Grain Energy & Fibre Milo Cereal Family Pack",
    "imageUrl": "https://shop.coles.com.au/wcsstore/Coles-CAS/images/9/7/3/9730410-th.jpg",
    "categories": ["pantry"],
    "tags": ["breakfast", "family-favourites"],
    "locations": {
      "vic": {
        "price": 3.75,
        "promoText": "$3.75 ",
        "packageSize": "700g",
        "packagePrice": "$0.54 per 100G"
      }
    }
  },
  {
    "id": "coles-rice-puffs",
    "brand": "Coles",
    "name": "Rice Puffs",
    "imageUrl": "https://shop.coles.com.au/wcsstore/Coles-CAS/images/2/0/2/2024360-th.jpg",
    "categories": ["pantry"],
    "tags": ["breakfast", "family-favourites"],
    "locations": {
      "vic": {
        "price": 1.85,
        "promoText": " ",
        "packageSize": "360g",
        "packagePrice": "$0.51 per 100G"
      }
    }
  },
  {
    "id": "sanitarium-cereal-weet-bix-133128p",
    "brand": "Sanitarium",
    "name": "Weet-Bix Breakfast Cereal",
    "imageUrl": "https://shop.coles.com.au/wcsstore/Coles-CAS/images/1/3/3/133128-th.jpg",
    "categories": ["pantry"],
    "tags": ["breakfast", "family-favourites"],
    "locations": {
      "vic": {
        "price": 4,
        "promoText": " ",
        "packageSize": "800g",
        "packagePrice": "$0.50 per 100G"
      }
    }
  },
  {
    "id": "kelloggs-cereal-cornflakes-8491085p",
    "brand": "Kellogg's",
    "name": "Corn Flakes Breakfast Cereal",
    "imageUrl": "https://shop.coles.com.au/wcsstore/Coles-CAS/images/8/4/9/8491085-th.jpg",
    "categories": ["pantry"],
    "tags": ["breakfast", "family-favourites"],
    "locations": {
      "vic": {
        "price": 2.9,
        "promoText": " ",
        "packageSize": "220g",
        "packagePrice": "$1.32 per 100G"
      }
    }
  },
  {
    "id": "sanitarium-cereal-weet-bix-bites-fruity-wild-berry",
    "brand": "Sanitarium",
    "name": "Weet-Bix Bites Wild berry Breakfast Cereal",
    "imageUrl": "https://shop.coles.com.au/wcsstore/Coles-CAS/images/4/9/5/4951398-th.jpg",
    "categories": ["pantry"],
    "tags": ["breakfast", "family-favourites"],
    "locations": {
      "vic": {
        "price": 4,
        "promoText": "Was $4.45 on Jun 2018 ",
        "packageSize": "500g",
        "packagePrice": "$0.80 per 100G"
      }
    }
  },
  {
    "id": "sanitarium-cereal-weet-bix-kids",
    "brand": "Sanitarium",
    "name": "Weet-Bix Kids Breakfast Cereal",
    "imageUrl": "https://shop.coles.com.au/wcsstore/Coles-CAS/images/4/9/4/4948757-th.jpg",
    "categories": ["pantry"],
    "tags": ["breakfast", "family-favourites"],
    "locations": {
      "vic": {
        "price": 3.2,
        "promoText": " ",
        "packageSize": "375g",
        "packagePrice": "$0.85 per 100G"
      }
    }
  },
  {
    "id": "uncle-tobys-cereal-cheerios-multigrain",
    "brand": "Uncle Tobys",
    "name": "Cheerios Multigrains Cereal",
    "imageUrl": "https://shop.coles.com.au/wcsstore/Coles-CAS/images/1/1/7/1175145-th.jpg",
    "categories": ["pantry"],
    "tags": ["breakfast", "family-favourites"],
    "locations": {
      "vic": {
        "price": 3.25,
        "promoText": "$3.25 ",
        "packageSize": "580g",
        "packagePrice": "$0.56 per 100G"
      }
    }
  },
  {
    "id": "coles-cereal-corn-flakes",
    "brand": "Coles",
    "name": "Corn Flakes",
    "imageUrl": "https://shop.coles.com.au/wcsstore/Coles-CAS/images/8/7/2/8728071-th.jpg",
    "categories": ["pantry"],
    "tags": ["breakfast", "family-favourites"],
    "locations": {
      "vic": {
        "price": 1.7,
        "promoText": " ",
        "packageSize": "475g",
        "packagePrice": "$0.36 per 100G"
      }
    }
  },
  {
    "id": "sanitarium-gluten-free-weet-bix",
    "brand": "Sanitarium",
    "name": "Weet-Bix Gluten Free Breakfast Cereal",
    "imageUrl": "https://shop.coles.com.au/wcsstore/Coles-CAS/images/2/0/0/2001365-th.jpg",
    "categories": ["pantry"],
    "tags": ["breakfast", "family-favourites"],
    "locations": {
      "vic": {
        "price": 4.5,
        "promoText": " ",
        "packageSize": "375g",
        "packagePrice": "$1.20 per 100G"
      }
    }
  },
  {
    "id": "uncle-tobys-cereal-vita-brits",
    "brand": "Uncle Tobys",
    "name": "Vita Brits Cereal",
    "imageUrl": "https://shop.coles.com.au/wcsstore/Coles-CAS/images/1/3/3/133015-th.jpg",
    "categories": ["pantry"],
    "tags": ["breakfast", "family-favourites"],
    "locations": {
      "vic": {
        "price": 5,
        "promoText": " ",
        "packageSize": "1kg",
        "packagePrice": "$0.50 per 100G"
      }
    }
  },
  {
    "id": "sanitarium-cereal-weet-bix",
    "brand": "Sanitarium",
    "name": "Weet-Bix Breakfast Cereal",
    "imageUrl": "https://shop.coles.com.au/wcsstore/Coles-CAS/images/1/3/3/133117-th.jpg",
    "categories": ["pantry"],
    "tags": ["breakfast", "family-favourites"],
    "locations": {
      "vic": {
        "price": 2.9,
        "promoText": " ",
        "packageSize": "375g",
        "packagePrice": "$0.77 per 100G"
      }
    }
  },
  {
    "id": "kelloggs-cereal-nutri-grain-9770517p",
    "brand": "Kellogg's",
    "name": "Nutri-Grain Protein Breakfast Cereal Value Pack",
    "imageUrl": "https://shop.coles.com.au/wcsstore/Coles-CAS/images/9/7/7/9770517-th.jpg",
    "categories": ["pantry"],
    "tags": ["breakfast", "family-favourites"],
    "locations": {
      "vic": {
        "price": 8.5,
        "promoText": " ",
        "packageSize": "805g",
        "packagePrice": "$1.06 per 100G"
      }
    }
  },
  {
    "id": "kelloggs-cereal-sultana-bran-buds-1603169p",
    "brand": "Kellogg's",
    "name": "Sultana Bran Buds High Fibre Breakfast Cereal Snack",
    "imageUrl": "https://shop.coles.com.au/wcsstore/Coles-CAS/images/1/6/0/1603169-th.jpg",
    "categories": ["pantry"],
    "tags": ["breakfast", "family-favourites"],
    "locations": {
      "vic": {
        "price": 6,
        "promoText": " ",
        "packageSize": "450g",
        "packagePrice": "$1.33 per 100G"
      }
    }
  },
  {
    "id": "coles-cocoa-puffs-cereal",
    "brand": "Coles",
    "name": "Cocoa Puffs",
    "imageUrl": "https://shop.coles.com.au/wcsstore/Coles-CAS/images/2/0/2/2024349-th.jpg",
    "categories": ["pantry"],
    "tags": ["breakfast", "family-favourites"],
    "locations": {
      "vic": {
        "price": 1.9,
        "promoText": "Was $2.00 on Aug 2019 ",
        "packageSize": "300g",
        "packagePrice": "$0.63 per 100G"
      }
    }
  },
  {
    "id": "kelloggs-cereal-froot-loops-8492066p",
    "brand": "Kellogg's",
    "name": "Froot Loops Breakfast Cereal",
    "imageUrl": "https://shop.coles.com.au/wcsstore/Coles-CAS/images/8/4/9/8492066-th.jpg",
    "categories": ["pantry"],
    "tags": ["breakfast", "family-favourites"],
    "locations": {
      "vic": {
        "price": 5.7,
        "promoText": " ",
        "packageSize": "285g",
        "packagePrice": "$2.00 per 100G"
      }
    }
  },
  {
    "id": "uncle-tobys-vita-weeties",
    "brand": "Uncle Tobys",
    "name": "Original Vita Weeties",
    "imageUrl": "https://shop.coles.com.au/wcsstore/Coles-CAS/images/3/2/0/3208212-th.jpg",
    "categories": ["pantry"],
    "tags": ["breakfast", "family-favourites"],
    "locations": {
      "vic": {
        "price": 6,
        "promoText": " ",
        "packageSize": "700g",
        "packagePrice": "$0.86 per 100G"
      }
    }
  },
  {
    "id": "kelloggs-cereal-coco-pops",
    "brand": "Kellogg's",
    "name": "Coco Pops Chocolatey Breakfast Cereal",
    "imageUrl": "https://shop.coles.com.au/wcsstore/Coles-CAS/images/8/4/9/8494298-th.jpg",
    "categories": ["pantry"],
    "tags": ["breakfast", "family-favourites"],
    "locations": {
      "vic": {
        "price": 5.5,
        "promoText": "$2.00 ",
        "packageSize": "650g",
        "packagePrice": "$0.85 per 100G"
      }
    }
  },
  {
    "id": "kelloggs-cereal-froot-loops",
    "brand": "Kellogg's",
    "name": "Froot Loops Breakfast Cereal",
    "imageUrl": "https://shop.coles.com.au/wcsstore/Coles-CAS/images/8/4/9/8495712-th.jpg",
    "categories": ["pantry"],
    "tags": ["breakfast", "family-favourites"],
    "locations": {
      "vic": {
        "price": 8.5,
        "promoText": " ",
        "packageSize": "500g",
        "packagePrice": "$1.70 per 100G"
      }
    }
  },
  {
    "id": "sanitarium-cereal-weet-bix-crunch-honey",
    "brand": "Sanitarium",
    "name": "Weet-Bix Bites Crunchy Honey Breakfast Cereal",
    "imageUrl": "https://shop.coles.com.au/wcsstore/Coles-CAS/images/9/6/2/9623884-th.jpg",
    "categories": ["pantry"],
    "tags": ["breakfast", "family-favourites"],
    "locations": {
      "vic": {
        "price": 4,
        "promoText": "Was $4.65 on Jun 2018 ",
        "packageSize": "510g",
        "packagePrice": "$0.78 per 100G"
      }
    }
  },
  {
    "id": "kellogg-s-coco-pops-white-chocolate-flavour-350g",
    "brand": "Kellogg's",
    "name": "Coco Pops White Chocolate Flavour 350g",
    "imageUrl": "https://shop.coles.com.au/wcsstore/Coles-CAS/images/3/7/8/3780303-th.jpg",
    "categories": ["pantry"],
    "tags": ["breakfast", "family-favourites"],
    "locations": {
      "vic": {
        "price": 5.4,
        "promoText": " ",
        "packageSize": "350g",
        "packagePrice": "$1.54 per 100G"
      }
    }
  },
  {
    "id": "kelloggs-cereal-sultana-bran",
    "brand": "Kellogg's",
    "name": "Sultana Bran Cereal",
    "imageUrl": "https://shop.coles.com.au/wcsstore/Coles-CAS/images/8/4/9/8495905-th.jpg",
    "categories": ["pantry"],
    "tags": ["breakfast", "family-favourites"],
    "locations": {
      "vic": {
        "price": 5.5,
        "promoText": "$2.00 ",
        "packageSize": "730g",
        "packagePrice": "$0.75 per 100G"
      }
    }
  },
  {
    "id": "nestle-cereal-milo",
    "brand": "Nestle",
    "name": "Whole Grain Energy & Fibre Milo Cereal",
    "imageUrl": "https://shop.coles.com.au/wcsstore/Coles-CAS/images/9/5/7/9579760-th.jpg",
    "categories": ["pantry"],
    "tags": ["breakfast", "family-favourites"],
    "locations": {
      "vic": {
        "price": 5.3,
        "promoText": " ",
        "packageSize": "350g",
        "packagePrice": "$1.51 per 100G"
      }
    }
  },
  {
    "id": "uncle-tobys-cereal-cheerios-honey-oats-1175167p",
    "brand": "Uncle Tobys",
    "name": "Cheerios Honey Multigrain Cereal",
    "imageUrl": "https://shop.coles.com.au/wcsstore/Coles-CAS/images/1/1/7/1175167-th.jpg",
    "categories": ["pantry"],
    "tags": ["breakfast", "family-favourites"],
    "locations": {
      "vic": {
        "price": 3.25,
        "promoText": "$3.25 ",
        "packageSize": "570g",
        "packagePrice": "$0.57 per 100G"
      }
    }
  },
  {
    "id": "kelloggs-cereal-frosties",
    "brand": "Kellogg's",
    "name": "Frosties Breakfast Cereal",
    "imageUrl": "https://shop.coles.com.au/wcsstore/Coles-CAS/images/1/0/3/1033628-th.jpg",
    "categories": ["pantry"],
    "tags": ["breakfast", "family-favourites"],
    "locations": {
      "vic": {
        "price": 4.95,
        "promoText": " ",
        "packageSize": "350g",
        "packagePrice": "$1.41 per 100G"
      }
    }
  },
  {
    "id": "kelloggs-cereal-coco-pops-chex",
    "brand": "Kellogg's",
    "name": "Coco Pops Chex Chocolatey Breakfast Cereal",
    "imageUrl": "https://shop.coles.com.au/wcsstore/Coles-CAS/images/8/4/9/8494301-th.jpg",
    "categories": ["pantry"],
    "tags": ["breakfast", "family-favourites"],
    "locations": {
      "vic": {
        "price": 7,
        "promoText": " ",
        "packageSize": "500g",
        "packagePrice": "$1.40 per 100G"
      }
    }
  },
  {
    "id": "nestle-milo-duo-6778840p",
    "brand": "Nestle",
    "name": "Milo Duo",
    "imageUrl": "https://shop.coles.com.au/wcsstore/Coles-CAS/images/6/7/7/6778840-th.jpg",
    "categories": ["pantry"],
    "tags": ["breakfast", "family-favourites"],
    "locations": {
      "vic": {
        "price": 5,
        "promoText": " ",
        "packageSize": "340g",
        "packagePrice": "$1.47 per 100G"
      }
    }
  },
  {
    "id": "sanitarium-cereal-weet-bix-organic",
    "brand": "Sanitarium",
    "name": "Weet-Bix Organic Breakfast Cereal",
    "imageUrl": "https://shop.coles.com.au/wcsstore/Coles-CAS/images/4/9/7/4975895-th.jpg",
    "categories": ["pantry"],
    "tags": ["breakfast", "family-favourites"],
    "locations": {
      "vic": {
        "price": 5.65,
        "promoText": " ",
        "packageSize": "750g",
        "packagePrice": "$0.75 per 100G"
      }
    }
  },
  {
    "id": "sanitarium--weet-bix-gluten-free-coconut-cinnamon",
    "brand": "Sanitarium",
    "name": "Weet-Bix Gluten Free Coconut & Cinnamon Breakfast Cereal",
    "imageUrl": "https://shop.coles.com.au/wcsstore/Coles-CAS/images/2/7/1/2715962-th.jpg",
    "categories": ["pantry"],
    "tags": ["breakfast", "family-favourites"],
    "locations": {
      "vic": {
        "price": 5,
        "promoText": " ",
        "packageSize": "400g",
        "packagePrice": "$1.25 per 100G"
      }
    }
  },
  {
    "id": "sanitarium-weet-bix-blends-multi-grain",
    "brand": "Sanitarium",
    "name": "Weet-Bix Blends Multi-Grain+ Breakfast Cereal",
    "imageUrl": "https://shop.coles.com.au/wcsstore/Coles-CAS/images/3/2/1/3214339-th.jpg",
    "categories": ["pantry"],
    "tags": ["breakfast", "family-favourites"],
    "locations": {
      "vic": {
        "price": 7.4,
        "promoText": " ",
        "packageSize": "860g",
        "packagePrice": "$0.86 per 100G"
      }
    }
  },
  {
    "id": "uncle-toby-cereal-fruity-bite-wldbry",
    "brand": "Uncle Tobys",
    "name": "Fruity Bites Wildberry Flavour Cereal",
    "imageUrl": "https://shop.coles.com.au/wcsstore/Coles-CAS/images/5/3/6/5362610-th.jpg",
    "categories": ["pantry"],
    "tags": ["breakfast", "family-favourites"],
    "locations": {
      "vic": {
        "price": 5.5,
        "promoText": " ",
        "packageSize": "500g",
        "packagePrice": "$1.10 per 100G"
      }
    }
  },
  {
    "id": "coles-cereal-mighty-grain",
    "brand": "Coles",
    "name": "Mighty Grain Cereal",
    "imageUrl": "https://shop.coles.com.au/wcsstore/Coles-CAS/images/7/9/7/7973422-th.jpg",
    "categories": ["pantry"],
    "tags": ["breakfast", "family-favourites"],
    "locations": {
      "vic": {
        "price": 3.5,
        "promoText": " ",
        "packageSize": "560g",
        "packagePrice": "$0.63 per 100G"
      }
    }
  },
  {
    "id": "coles-cereal-bran-flakes-with-sultanas",
    "brand": "Coles",
    "name": "Bran Flakes With Sultanas",
    "imageUrl": "https://shop.coles.com.au/wcsstore/Coles-CAS/images/6/8/6/6860125-th.jpg",
    "categories": ["pantry"],
    "tags": ["breakfast", "family-favourites"],
    "locations": {
      "vic": {
        "price": 3.3,
        "promoText": " ",
        "packageSize": "500g",
        "packagePrice": "$0.66 per 100G"
      }
    }
  },
  {
    "id": "coles-smart-buy-cereal-wheat-biscuit",
    "brand": "Coles",
    "name": "Wheat Biscuits",
    "imageUrl": "https://shop.coles.com.au/wcsstore/Coles-CAS/images/7/2/9/7299242-th.jpg",
    "categories": ["pantry"],
    "tags": ["breakfast", "family-favourites"],
    "locations": {
      "vic": {
        "price": 3.2,
        "promoText": " ",
        "packageSize": "1.12kg",
        "packagePrice": "$2.86 per 1Kg"
      }
    }
  },
  {
    "id": "kelloggs-cereal-crunchy-nut-cornflakes",
    "brand": "Kellogg's",
    "name": "Crunchy Nut Corn Flakes Breakfast Cereal",
    "imageUrl": "https://shop.coles.com.au/wcsstore/Coles-CAS/images/8/4/9/8495188-th.jpg",
    "categories": ["pantry"],
    "tags": ["breakfast", "family-favourites"],
    "locations": {
      "vic": {
        "price": 8.5,
        "promoText": " ",
        "packageSize": "670g",
        "packagePrice": "$1.27 per 100G"
      }
    }
  },
  {
    "id": "nestle-cereal-milo-duo",
    "brand": "Nestle",
    "name": "Milo Duo Cereal",
    "imageUrl": "https://shop.coles.com.au/wcsstore/Coles-CAS/images/8/6/1/8610173-th.jpg",
    "categories": ["pantry"],
    "tags": ["breakfast", "family-favourites"],
    "locations": {
      "vic": {
        "price": 3.75,
        "promoText": "$3.75 ",
        "packageSize": "660g",
        "packagePrice": "$0.57 per 100G"
      }
    }
  },
  {
    "id": "coles-frooty-rings-cereal",
    "brand": "Coles",
    "name": "Cereal Frooty Rings",
    "imageUrl": "https://shop.coles.com.au/wcsstore/Coles-CAS/images/2/0/5/2057574-th.jpg",
    "categories": ["pantry"],
    "tags": ["breakfast", "family-favourites"],
    "locations": {
      "vic": {
        "price": 2.5,
        "promoText": " ",
        "packageSize": "300g",
        "packagePrice": "$0.83 per 100G"
      }
    }
  },
  {
    "id": "brekky-heroes-malt-clusters",
    "brand": "Freedom Foods",
    "name": "Brekky Heroes Choc Malt Clusters",
    "imageUrl": "https://shop.coles.com.au/wcsstore/Coles-CAS/images/3/5/0/3507122-th.jpg",
    "categories": ["pantry"],
    "tags": ["breakfast", "family-favourites"],
    "locations": {
      "vic": {
        "price": 4,
        "promoText": " ",
        "packageSize": "390g",
        "packagePrice": "$1.03 per 100G"
      }
    }
  },
  {
    "id": "kelloggs-cereal-rice-bubbles-8492690p",
    "brand": "Kellogg's",
    "name": "Rice Bubbles Puffed Rice Breakfast Cereal",
    "imageUrl": "https://shop.coles.com.au/wcsstore/Coles-CAS/images/8/4/9/8492690-th.jpg",
    "categories": ["pantry"],
    "tags": ["breakfast", "family-favourites"],
    "locations": {
      "vic": {
        "price": 4.15,
        "promoText": " ",
        "packageSize": "250g",
        "packagePrice": "$1.66 per 100G"
      }
    }
  },
  {
    "id": "kelloggs-sultana-bran-3779359p",
    "brand": "Kellogg's",
    "name": "Sultana Bran",
    "imageUrl": "https://shop.coles.com.au/wcsstore/Coles-CAS/images/3/7/7/3779359-th.jpg",
    "categories": ["pantry"],
    "tags": ["breakfast", "family-favourites"],
    "locations": {
      "vic": {
        "price": 10,
        "promoText": " ",
        "packageSize": "1.4kg",
        "packagePrice": "$0.71 per 100G"
      }
    }
  },
  {
    "id": "sanitarium-cereal-weet-bix-multigrain",
    "brand": "Sanitarium",
    "name": "Weet-Bix Blends Multi-Grain Breakfast Cereal",
    "imageUrl": "https://shop.coles.com.au/wcsstore/Coles-CAS/images/4/2/9/429612-th.jpg",
    "categories": ["pantry"],
    "tags": ["breakfast", "family-favourites"],
    "locations": {
      "vic": {
        "price": 5.3,
        "promoText": " ",
        "packageSize": "575g",
        "packagePrice": "$0.92 per 100G"
      }
    }
  },
  {
    "id": "uncle-tobys-cereal-shredded-wheat",
    "brand": "Uncle Tobys",
    "name": "Shredded Wheat Cereal",
    "imageUrl": "https://shop.coles.com.au/wcsstore/Coles-CAS/images/9/6/8/9685531-th.jpg",
    "categories": ["pantry"],
    "tags": ["breakfast", "family-favourites"],
    "locations": {
      "vic": {
        "price": 5,
        "promoText": " ",
        "packageSize": "270g",
        "packagePrice": "$1.85 per 100G"
      }
    }
  },
  {
    "id": "nestle-cereal-nesquik",
    "brand": "Nestle",
    "name": "Nesquik Cereal",
    "imageUrl": "https://shop.coles.com.au/wcsstore/Coles-CAS/images/4/9/4/4944891-th.jpg",
    "categories": ["pantry"],
    "tags": ["breakfast", "family-favourites"],
    "locations": {
      "vic": {
        "price": 3.75,
        "promoText": "$3.75 ",
        "packageSize": "650g",
        "packagePrice": "$0.58 per 100G"
      }
    }
  },
  {
    "id": "sanitarium-cereal-weet-bix-hi-bran",
    "brand": "Sanitarium",
    "name": "Weet-Bix Blends Hi-Bran+ Breakfast Cereal",
    "imageUrl": "https://shop.coles.com.au/wcsstore/Coles-CAS/images/9/6/3/9639319-th.jpg",
    "categories": ["pantry"],
    "tags": ["breakfast", "family-favourites"],
    "locations": {
      "vic": {
        "price": 5.7,
        "promoText": " ",
        "packageSize": "750g",
        "packagePrice": "$0.76 per 100G"
      }
    }
  },
  {
    "id": "sanitarium-weet-bix-cholesterol-lowering",
    "brand": "Sanitarium",
    "name": "Weet-Bix Cholesterol Lowering Breakfast Cereal",
    "imageUrl": "https://shop.coles.com.au/wcsstore/Coles-CAS/images/3/0/4/3049630-th.jpg",
    "categories": ["pantry"],
    "tags": ["breakfast", "family-favourites"],
    "locations": {
      "vic": {
        "price": 6.35,
        "promoText": " ",
        "packageSize": "440g",
        "packagePrice": "$1.44 per 100G"
      }
    }
  },
  {
    "id": "uncle-tobys-cereal-oat-flakes",
    "brand": "Uncle Tobys",
    "name": "Oat Flakes Cereal",
    "imageUrl": "https://shop.coles.com.au/wcsstore/Coles-CAS/images/5/5/8/5589274-th.jpg",
    "categories": ["pantry"],
    "tags": ["breakfast", "family-favourites"],
    "locations": {
      "vic": {
        "price": 5,
        "promoText": " ",
        "packageSize": "640g",
        "packagePrice": "$0.78 per 100G"
      }
    }
  },
  {
    "id": "coles-honey-crunch-with-nuts",
    "brand": "Coles",
    "name": "Honey Crunch With Nuts",
    "imageUrl": "https://shop.coles.com.au/wcsstore/Coles-CAS/images/2/0/1/2011278-th.jpg",
    "categories": ["pantry"],
    "tags": ["breakfast", "family-favourites"],
    "locations": {
      "vic": {
        "price": 3.5,
        "promoText": " ",
        "packageSize": "400g",
        "packagePrice": "$0.88 per 100G"
      }
    }
  },
  {
    "id": "brekky-heroes-berry-loops",
    "brand": "Freedom Foods",
    "name": "Brekky Heroes Berry Loops",
    "imageUrl": "https://shop.coles.com.au/wcsstore/Coles-CAS/images/3/5/0/3507133-th.jpg",
    "categories": ["pantry"],
    "tags": ["breakfast", "family-favourites"],
    "locations": {
      "vic": {
        "price": 4,
        "promoText": " ",
        "packageSize": "275g",
        "packagePrice": "$1.45 per 100G"
      }
    }
  },
  {
    "id": "kelloggs-crispix",
    "brand": "Kellogg's",
    "name": "Crispix Honey Pillows Breakfast Cereal",
    "imageUrl": "https://shop.coles.com.au/wcsstore/Coles-CAS/images/2/0/1/2011289-th.jpg",
    "categories": ["pantry"],
    "tags": ["breakfast", "family-favourites"],
    "locations": {
      "vic": {
        "price": 5.5,
        "promoText": " ",
        "packageSize": "460g",
        "packagePrice": "$1.20 per 100G"
      }
    }
  },
  {
    "id": "nutri-grain-gold",
    "brand": "Nutri Grain",
    "name": "Gold",
    "imageUrl": "https://shop.coles.com.au/wcsstore/Coles-CAS/images/3/7/3/3738125-th.jpg",
    "categories": ["pantry"],
    "tags": ["breakfast", "family-favourites"],
    "locations": {
      "vic": {
        "price": 11,
        "promoText": " ",
        "packageSize": "1.2kg",
        "packagePrice": "$0.92 per 100G"
      }
    }
  },
  {
    "id": "sanitarium--weet-bix-blends-cranberry-coconut",
    "brand": "Sanitarium",
    "name": "Weet-Bix Blends Cranberry & Coconut Breakfast Cereal",
    "imageUrl": "https://shop.coles.com.au/wcsstore/Coles-CAS/images/2/7/1/2715951-th.jpg",
    "categories": ["pantry"],
    "tags": ["breakfast", "family-favourites"],
    "locations": {
      "vic": {
        "price": 5.3,
        "promoText": " ",
        "packageSize": "450g",
        "packagePrice": "$1.18 per 100G"
      }
    }
  },
  {
    "id": "sanitarium-weet-bix-blends-apple-cinnamon",
    "brand": "Sanitarium",
    "name": "Weet-Bix Blends Apple & Cinnamon Breakfast Cereal",
    "imageUrl": "https://shop.coles.com.au/wcsstore/Coles-CAS/images/3/2/0/3208063-th.jpg",
    "categories": ["pantry"],
    "tags": ["breakfast", "family-favourites"],
    "locations": {
      "vic": {
        "price": 5.3,
        "promoText": " ",
        "packageSize": "450g",
        "packagePrice": "$1.18 per 100G"
      }
    }
  },
  {
    "id": "heritage-mill-porridge-vanilla-honey-chia",
    "brand": "Freedom Foods",
    "name": "Honey & Vanilla Heritage Mill Porridge Sachets 8 Pack",
    "imageUrl": "https://shop.coles.com.au/wcsstore/Coles-CAS/images/3/2/7/3274272-th.jpg",
    "categories": ["pantry"],
    "tags": ["breakfast", "breakfast-oats"],
    "locations": {
      "vic": {
        "price": 5,
        "promoText": " ",
        "packageSize": "320g",
        "packagePrice": "$1.56 per 100G"
      }
    }
  },
  {
    "id": "heritage-mill-porridge-maple-date-pecan",
    "brand": "Freedom Foods",
    "name": "Heritage Mill Maple Date & Pecan Porridge Sachets 8 pack",
    "imageUrl": "https://shop.coles.com.au/wcsstore/Coles-CAS/images/3/2/7/3274240-th.jpg",
    "categories": ["pantry"],
    "tags": ["breakfast", "breakfast-oats"],
    "locations": {
      "vic": {
        "price": 5,
        "promoText": " ",
        "packageSize": "320g",
        "packagePrice": "$1.56 per 100G"
      }
    }
  },
  {
    "id": "coles-smart-buy-oats-rolled",
    "brand": "Coles",
    "name": "Rolled Oats",
    "imageUrl": "https://shop.coles.com.au/wcsstore/Coles-CAS/images/5/2/9/5290305-th.jpg",
    "categories": ["pantry"],
    "tags": ["breakfast", "breakfast-oats"],
    "locations": {
      "vic": {
        "price": 1.65,
        "promoText": " ",
        "packageSize": "900g",
        "packagePrice": "$0.18 per 100G"
      }
    }
  },
  {
    "id": "uncle-tobys-oats-porridge-traditional-254971p",
    "brand": "Uncle Tobys",
    "name": "Traditional Porridge Oats",
    "imageUrl": "https://shop.coles.com.au/wcsstore/Coles-CAS/images/2/5/4/254971-th.jpg",
    "categories": ["pantry"],
    "tags": ["breakfast", "breakfast-oats"],
    "locations": {
      "vic": {
        "price": 3,
        "promoText": " ",
        "packageSize": "1kg",
        "packagePrice": "$0.30 per 100G"
      }
    }
  },
  {
    "id": "coles-smart-buy-oats-quick",
    "brand": "Coles",
    "name": "Quick Oats",
    "imageUrl": "https://shop.coles.com.au/wcsstore/Coles-CAS/images/5/2/9/5290338-th.jpg",
    "categories": ["pantry"],
    "tags": ["breakfast", "breakfast-oats"],
    "locations": {
      "vic": {
        "price": 1.65,
        "promoText": " ",
        "packageSize": "900g",
        "packagePrice": "$0.18 per 100G"
      }
    }
  },
  {
    "id": "uncle-tobys-oats-quick-porridge-152009p",
    "brand": "Uncle Tobys",
    "name": "Quick Oats Porridge",
    "imageUrl": "https://shop.coles.com.au/wcsstore/Coles-CAS/images/1/5/2/152009-th.jpg",
    "categories": ["pantry"],
    "tags": ["breakfast", "breakfast-oats"],
    "locations": {
      "vic": {
        "price": 3,
        "promoText": " ",
        "packageSize": "1kg",
        "packagePrice": "$0.30 per 100G"
      }
    }
  },
  {
    "id": "uncle-tobys-oats-quick-sachets-10-pack",
    "brand": "Uncle Tobys",
    "name": "Original Oats Quick Sachets 10 pack",
    "imageUrl": "https://shop.coles.com.au/wcsstore/Coles-CAS/images/9/7/2/9720268-th.jpg",
    "categories": ["pantry"],
    "tags": ["breakfast", "breakfast-oats"],
    "locations": {
      "vic": {
        "price": 4.8,
        "promoText": " ",
        "packageSize": "340g",
        "packagePrice": "$1.41 per 100G"
      }
    }
  },
  {
    "id": "red-tractor-australian-rolled-oats",
    "brand": "Red Tractor",
    "name": "Australian Rolled Oats",
    "imageUrl": "https://shop.coles.com.au/wcsstore/Coles-CAS/images/3/1/8/3185310-th.jpg",
    "categories": ["pantry"],
    "tags": ["breakfast", "breakfast-oats"],
    "locations": {
      "vic": {
        "price": 4,
        "promoText": " ",
        "packageSize": "1kg",
        "packagePrice": "$0.40 per 100G"
      }
    }
  },
  {
    "id": "uncle-tobys-oats-quick-sachets-big-bowl-creamy-honey-10-pack",
    "brand": "Uncle Tobys",
    "name": "Oats Quick Sachets Big Bowl Creamy Honey 10 pack",
    "imageUrl": "https://shop.coles.com.au/wcsstore/Coles-CAS/images/1/7/3/1736162-th.jpg",
    "categories": ["pantry"],
    "tags": ["breakfast", "breakfast-oats"],
    "locations": {
      "vic": {
        "price": 3.15,
        "promoText": "$3.15 ",
        "packageSize": "460g",
        "packagePrice": "$0.68 per 100G"
      }
    }
  },
  {
    "id": "red-tractor-organic-rolled-oats",
    "brand": "Red Tractor",
    "name": "Organic Rolled Oats",
    "imageUrl": "https://shop.coles.com.au/wcsstore/Coles-CAS/images/3/1/8/3185296-th.jpg",
    "categories": ["pantry"],
    "tags": ["breakfast", "breakfast-oats"],
    "locations": {
      "vic": {
        "price": 6.5,
        "promoText": " ",
        "packageSize": "1kg",
        "packagePrice": "$0.65 per 100G"
      }
    }
  },
  {
    "id": "red-tractor-australian-instant-oats",
    "brand": "Red Tractor",
    "name": "Australian Instant Oats",
    "imageUrl": "https://shop.coles.com.au/wcsstore/Coles-CAS/images/3/1/8/3185321-th.jpg",
    "categories": ["pantry"],
    "tags": ["breakfast", "breakfast-oats"],
    "locations": {
      "vic": {
        "price": 4,
        "promoText": " ",
        "packageSize": "1kg",
        "packagePrice": "$0.40 per 100G"
      }
    }
  },
  {
    "id": "red-tractor-organic-instant-oats",
    "brand": "Red Tractor",
    "name": "Organic Instant Oats",
    "imageUrl": "https://shop.coles.com.au/wcsstore/Coles-CAS/images/3/1/8/3185300-th.jpg",
    "categories": ["pantry"],
    "tags": ["breakfast", "breakfast-oats"],
    "locations": {
      "vic": {
        "price": 6.5,
        "promoText": " ",
        "packageSize": "1kg",
        "packagePrice": "$0.65 per 100G"
      }
    }
  },
  {
    "id": "uncle-tobys--ancient-grains-cereal",
    "brand": "Uncle Tobys",
    "name": "Ancient Grains Oats",
    "imageUrl": "https://shop.coles.com.au/wcsstore/Coles-CAS/images/2/6/9/2697930-th.jpg",
    "categories": ["pantry"],
    "tags": ["breakfast", "breakfast-oats"],
    "locations": {
      "vic": {
        "price": 6,
        "promoText": " ",
        "packageSize": "700g",
        "packagePrice": "$0.86 per 100G"
      }
    }
  },
  {
    "id": "carmans-gourmet-porridge-sachet-super-berry-coconut",
    "brand": "Carman's",
    "name": "Gourmet Porridge Sachet Super Berry & Coconut",
    "imageUrl": "https://shop.coles.com.au/wcsstore/Coles-CAS/images/2/3/9/2390700-th.jpg",
    "categories": ["pantry"],
    "tags": ["breakfast", "breakfast-oats"],
    "locations": {
      "vic": {
        "price": 4,
        "promoText": "$2.00 ",
        "packageSize": "320g",
        "packagePrice": "$1.25 per 100G"
      }
    }
  },
  {
    "id": "uncle-tobys-oats-porridge-traditional",
    "brand": "Uncle Tobys",
    "name": "Traditional Rolled Oats",
    "imageUrl": "https://shop.coles.com.au/wcsstore/Coles-CAS/images/2/9/9/299732-th.jpg",
    "categories": ["pantry"],
    "tags": ["breakfast", "breakfast-oats"],
    "locations": {
      "vic": {
        "price": 4.25,
        "promoText": " ",
        "packageSize": "500g",
        "packagePrice": "$0.85 per 100G"
      }
    }
  },
  {
    "id": "uncle-tobys-oats-super-blends-almond-cinnamon",
    "brand": "Uncle Tobys",
    "name": "Super Blends Protein Oats Rye & Spelt With Almond & Cinnamon",
    "imageUrl": "https://shop.coles.com.au/wcsstore/Coles-CAS/images/3/4/3/3433128-th.jpg",
    "categories": ["pantry"],
    "tags": ["breakfast", "breakfast-oats"],
    "locations": {
      "vic": {
        "price": 6.95,
        "promoText": " ",
        "packageSize": "368g",
        "packagePrice": "$1.89 per 100G"
      }
    }
  },
  {
    "id": "coles-smart-buy-oats-bran",
    "brand": "Coles",
    "name": "Oat Bran For Baking And Finishing",
    "imageUrl": "https://shop.coles.com.au/wcsstore/Coles-CAS/images/5/2/9/5290280-th.jpg",
    "categories": ["pantry"],
    "tags": ["breakfast", "breakfast-oats"],
    "locations": {
      "vic": {
        "price": 2,
        "promoText": " ",
        "packageSize": "500g",
        "packagePrice": "$0.40 per 100G"
      }
    }
  },
  {
    "id": "uncle-tobys-oats-quick-sachets-creamy-honey",
    "brand": "Uncle Tobys",
    "name": "Creamy Honey Oats Quick Sachets 12 pack",
    "imageUrl": "https://shop.coles.com.au/wcsstore/Coles-CAS/images/5/6/0/5604560-th.jpg",
    "categories": ["pantry"],
    "tags": ["breakfast", "breakfast-oats"],
    "locations": {
      "vic": {
        "price": 6,
        "promoText": " ",
        "packageSize": "420g",
        "packagePrice": "$1.43 per 100G"
      }
    }
  },
  {
    "id": "uncle-tobys-oats-quick-sachets-creamy-vanilla-1196156p",
    "brand": "Uncle Tobys",
    "name": "Creamy Vanilla Oats Quick Sachets 12 pack",
    "imageUrl": "https://shop.coles.com.au/wcsstore/Coles-CAS/images/1/1/9/1196156-th.jpg",
    "categories": ["pantry"],
    "tags": ["breakfast", "breakfast-oats"],
    "locations": {
      "vic": {
        "price": 6,
        "promoText": " ",
        "packageSize": "420g",
        "packagePrice": "$1.43 per 100G"
      }
    }
  },
  {
    "id": "carmans-honey-roasted-nut-gourmet-porridge-sachets-8-pack",
    "brand": "Carman's",
    "name": "Honey Roasted Nut Gourmet Porridge Sachets 8 pack",
    "imageUrl": "https://shop.coles.com.au/wcsstore/Coles-CAS/images/1/7/3/1736774-th.jpg",
    "categories": ["pantry"],
    "tags": ["breakfast", "breakfast-oats"],
    "locations": {
      "vic": {
        "price": 4,
        "promoText": "$2.00 ",
        "packageSize": "320g",
        "packagePrice": "$1.25 per 100G"
      }
    }
  },
  {
    "id": "carmans-fruit-seed-gourmet-porridge-sachets-8-pack",
    "brand": "Carman's",
    "name": "Carman'sÂ Apple Sultana & Cinnamon Porridge Sachets 8 pack",
    "imageUrl": "https://shop.coles.com.au/wcsstore/Coles-CAS/images/1/7/3/1736763-th.jpg",
    "categories": ["pantry"],
    "tags": ["breakfast", "breakfast-oats"],
    "locations": {
      "vic": {
        "price": 4,
        "promoText": "$2.00 ",
        "packageSize": "320g",
        "packagePrice": "$1.25 per 100G"
      }
    }
  },
  {
    "id": "carmans--gourmet-porridge-sachet-with-honey-vanilla-cinnamon",
    "brand": "Carman's",
    "name": "Gourmet Porridge Sachet with Honey Vanilla & Cinnamon",
    "imageUrl": "https://shop.coles.com.au/wcsstore/Coles-CAS/images/2/8/7/2877090-th.jpg",
    "categories": ["pantry"],
    "tags": ["breakfast", "breakfast-oats"],
    "locations": {
      "vic": {
        "price": 4,
        "promoText": "$2.00 ",
        "packageSize": "320g",
        "packagePrice": "$1.25 per 100G"
      }
    }
  },
  {
    "id": "heritage-mill-oats-traditional",
    "brand": "Heritage Mill",
    "name": "Traditional Oats",
    "imageUrl": "https://shop.coles.com.au/wcsstore/Coles-CAS/images/3/4/3/3432861-th.jpg",
    "categories": ["pantry"],
    "tags": ["breakfast", "breakfast-oats"],
    "locations": {
      "vic": {
        "price": 3.5,
        "promoText": "Was $5.00 on Apr 2020 ",
        "packageSize": "1kg",
        "packagePrice": "$0.35 per 100G"
      }
    }
  },
  {
    "id": "red-tractor-protein-porridge",
    "brand": "Red Tractor",
    "name": "Creamy Style Protein Porridge Oats",
    "imageUrl": "https://shop.coles.com.au/wcsstore/Coles-CAS/images/3/4/3/3433150-th.jpg",
    "categories": ["pantry"],
    "tags": ["breakfast", "breakfast-oats"],
    "locations": {
      "vic": {
        "price": 6,
        "promoText": " ",
        "packageSize": "750g",
        "packagePrice": "$0.80 per 100G"
      }
    }
  },
  {
    "id": "uncle-tobys-oats-quick-sachets-hi-fibre",
    "brand": "Uncle Tobys",
    "name": "Hi-Fibre Oats Quick Sachets",
    "imageUrl": "https://shop.coles.com.au/wcsstore/Coles-CAS/images/8/9/4/8949795-th.jpg",
    "categories": ["pantry"],
    "tags": ["breakfast", "breakfast-oats"],
    "locations": {
      "vic": {
        "price": 6,
        "promoText": " ",
        "packageSize": "400g",
        "packagePrice": "$1.50 per 100G"
      }
    }
  },
  {
    "id": "uncle-tobys-oats-quick-sachets-classic",
    "brand": "Uncle Tobys",
    "name": "Quick Oats Sachets Classic Variety 12 Pack",
    "imageUrl": "https://shop.coles.com.au/wcsstore/Coles-CAS/images/8/0/4/8047813-th.jpg",
    "categories": ["pantry"],
    "tags": ["breakfast", "breakfast-oats"],
    "locations": {
      "vic": {
        "price": 6,
        "promoText": " ",
        "packageSize": "420g",
        "packagePrice": "$1.43 per 100G"
      }
    }
  },
  {
    "id": "carmans-gourmet-porridge-sachet-5-grain",
    "brand": "Carman's",
    "name": "Natural 5 Grain & Super Seed Gourmet Porridge Sachets",
    "imageUrl": "https://shop.coles.com.au/wcsstore/Coles-CAS/images/2/8/7/2877104-th.jpg",
    "categories": ["pantry"],
    "tags": ["breakfast", "breakfast-oats"],
    "locations": {
      "vic": {
        "price": 4,
        "promoText": "$2.00 ",
        "packageSize": "320g",
        "packagePrice": "$1.25 per 100G"
      }
    }
  },
  {
    "id": "heritage-mill-porridge-berry-licious",
    "brand": "Freedom Foods",
    "name": "Heritage Mill Berry-Licious Porridge Sachets 8 pack",
    "imageUrl": "https://shop.coles.com.au/wcsstore/Coles-CAS/images/3/2/7/3274250-th.jpg",
    "categories": ["pantry"],
    "tags": ["breakfast", "breakfast-oats"],
    "locations": {
      "vic": {
        "price": 5,
        "promoText": " ",
        "packageSize": "320g",
        "packagePrice": "$1.56 per 100G"
      }
    }
  },
  {
    "id": "uncle-tobys-oats-super-blends-cranberry-chia",
    "brand": "Uncle Tobys",
    "name": "Super Blends Protein Oats Rye & Barley With Cranberry & Chia",
    "imageUrl": "https://shop.coles.com.au/wcsstore/Coles-CAS/images/3/4/3/3433117-th.jpg",
    "categories": ["pantry"],
    "tags": ["breakfast", "breakfast-oats"],
    "locations": {
      "vic": {
        "price": 6.95,
        "promoText": " ",
        "packageSize": "368g",
        "packagePrice": "$1.89 per 100G"
      }
    }
  },
  {
    "id": "carmans-gourmet-porridge-almond-pecan-hazelnut",
    "brand": "Carmans",
    "name": "Gourmet Porridge Almond Pecan & Hazelnut",
    "imageUrl": "https://shop.coles.com.au/wcsstore/Coles-CAS/images/3/1/8/3185343-th.jpg",
    "categories": ["pantry"],
    "tags": ["breakfast", "breakfast-oats"],
    "locations": {
      "vic": {
        "price": 4,
        "promoText": "$2.00 ",
        "packageSize": "320g",
        "packagePrice": "$1.25 per 100G"
      }
    }
  },
  {
    "id": "coles-creamy-honey-porridge-sachets",
    "brand": "Coles",
    "name": "Quick Oats Creamy Honey Porridge 12 Sachets",
    "imageUrl": "https://shop.coles.com.au/wcsstore/Coles-CAS/images/2/6/0/2604189-th.jpg",
    "categories": ["pantry"],
    "tags": ["breakfast", "breakfast-oats"],
    "locations": {
      "vic": {
        "price": 4,
        "promoText": " ",
        "packageSize": "420g",
        "packagePrice": "$0.95 per 100G"
      }
    }
  },
  {
    "id": "heritage-mill-oats-quick",
    "brand": "Heritage Mill",
    "name": "Quick Oats",
    "imageUrl": "https://shop.coles.com.au/wcsstore/Coles-CAS/images/3/4/3/3432872-th.jpg",
    "categories": ["pantry"],
    "tags": ["breakfast", "breakfast-oats"],
    "locations": {
      "vic": {
        "price": 3.5,
        "promoText": "Was $5.00 on Apr 2020 ",
        "packageSize": "1kg",
        "packagePrice": "$0.35 per 100G"
      }
    }
  },
  {
    "id": "red-tractor-gourment-protein-oats",
    "brand": "Red Tractor Gourment",
    "name": "Protein Oats",
    "imageUrl": "https://shop.coles.com.au/wcsstore/Coles-CAS/images/3/7/3/3739300-th.jpg",
    "categories": ["pantry"],
    "tags": ["breakfast", "breakfast-oats"],
    "locations": {
      "vic": {
        "price": 6.5,
        "promoText": " ",
        "packageSize": "600g",
        "packagePrice": "$1.08 per 100G"
      }
    }
  },
  {
    "id": "uncle-tobys-quick-sachet-banana-honey",
    "brand": "Uncle Toby's",
    "name": "Banana Honey Quick Sachets",
    "imageUrl": "https://shop.coles.com.au/wcsstore/Coles-CAS/images/3/7/3/3739140-th.jpg",
    "categories": ["pantry"],
    "tags": ["breakfast", "breakfast-oats"],
    "locations": {
      "vic": {
        "price": 3.15,
        "promoText": "$3.15 ",
        "packageSize": "460g",
        "packagePrice": "$0.68 per 100G"
      }
    }
  },
  {
    "id": "uncle-tobys-oats-quick-porridge",
    "brand": "Uncle Tobys",
    "name": "Quick Oats Porridge",
    "imageUrl": "https://shop.coles.com.au/wcsstore/Coles-CAS/images/1/5/2/152020-th.jpg",
    "categories": ["pantry"],
    "tags": ["breakfast", "breakfast-oats"],
    "locations": {
      "vic": {
        "price": 4.25,
        "promoText": " ",
        "packageSize": "500g",
        "packagePrice": "$0.85 per 100G"
      }
    }
  },
  {
    "id": "uncle-tobys-oats-quick-sachets-fruit-variety-12-pack",
    "brand": "Uncle Tobys",
    "name": "Oats Quick Sachets Fruit Variety 12 pack",
    "imageUrl": "https://shop.coles.com.au/wcsstore/Coles-CAS/images/1/7/3/1734247-th.jpg",
    "categories": ["pantry"],
    "tags": ["breakfast", "breakfast-oats"],
    "locations": {
      "vic": {
        "price": 6,
        "promoText": " ",
        "packageSize": "420g",
        "packagePrice": "$1.43 per 100G"
      }
    }
  },
  {
    "id": "uncle-tobys-oats-quick-sachets-berry-variety-12-pack",
    "brand": "Uncle Tobys",
    "name": "Berry Variety Oats Quick Sachets 12 pack",
    "imageUrl": "https://shop.coles.com.au/wcsstore/Coles-CAS/images/1/7/3/1734236-th.jpg",
    "categories": ["pantry"],
    "tags": ["breakfast", "breakfast-oats"],
    "locations": {
      "vic": {
        "price": 6,
        "promoText": " ",
        "packageSize": "420g",
        "packagePrice": "$1.43 per 100G"
      }
    }
  },
  {
    "id": "uncle-tobys-original-jumbo-quick-oats-sachets",
    "brand": "Uncle Tobys",
    "name": "Original Big Bowl Oats Sachets",
    "imageUrl": "https://shop.coles.com.au/wcsstore/Coles-CAS/images/1/9/0/1902090-th.jpg",
    "categories": ["pantry"],
    "tags": ["breakfast", "breakfast-oats"],
    "locations": {
      "vic": {
        "price": 3.15,
        "promoText": "$3.15 ",
        "packageSize": "460g",
        "packagePrice": "$0.68 per 100G"
      }
    }
  },
  {
    "id": "carmans-gourmet-porridge-5-grain-super-seed",
    "brand": "Carman's",
    "name": "Gourmet Porridge Oats",
    "imageUrl": "https://shop.coles.com.au/wcsstore/Coles-CAS/images/3/4/3/3432930-th.jpg",
    "categories": ["pantry"],
    "tags": ["breakfast", "breakfast-oats"],
    "locations": {
      "vic": {
        "price": 8,
        "promoText": "Was $9.00 on Dec 2019 ",
        "packageSize": "775g",
        "packagePrice": "$1.03 per 100G"
      }
    }
  },
  {
    "id": "carmans-porridge-vanilla-cinnamon",
    "brand": "Carman's",
    "name": "Porridge Vanilla & Cinnamon",
    "imageUrl": "https://shop.coles.com.au/wcsstore/Coles-CAS/images/3/7/4/3742166-th.jpg",
    "categories": ["pantry"],
    "tags": ["breakfast", "breakfast-oats"],
    "locations": {
      "vic": {
        "price": 8,
        "promoText": " ",
        "packageSize": "775g",
        "packagePrice": "$1.03 per 100G"
      }
    }
  },
  {
    "id": "red-tractor-gourment-oats-honey-cinnamon",
    "brand": "Red Tractor Gourment",
    "name": "Oats Honey Cinnamon",
    "imageUrl": "https://shop.coles.com.au/wcsstore/Coles-CAS/images/3/7/3/3739285-th.jpg",
    "categories": ["pantry"],
    "tags": ["breakfast", "breakfast-oats"],
    "locations": {
      "vic": {
        "price": 6.5,
        "promoText": " ",
        "packageSize": "600g",
        "packagePrice": "$1.08 per 100G"
      }
    }
  },
  {
    "id": "uncle-tobys-oats-quick-sachets-brown-cinnamon",
    "brand": "Uncle Tobys",
    "name": "Oats Brown Sugar And Cinnamon Quick Sachets",
    "imageUrl": "https://shop.coles.com.au/wcsstore/Coles-CAS/images/6/2/8/6280012-th.jpg",
    "categories": ["pantry"],
    "tags": ["breakfast", "breakfast-oats"],
    "locations": {
      "vic": {
        "price": 6,
        "promoText": " ",
        "packageSize": "420g",
        "packagePrice": "$1.43 per 100G"
      }
    }
  },
  {
    "id": "uncle-tobys-golden-syrup-quick-sachet-oats",
    "brand": "Uncle Tobys",
    "name": "Golden Syrup Oats Quick Sachets 12 pack",
    "imageUrl": "https://shop.coles.com.au/wcsstore/Coles-CAS/images/7/4/7/7477012-th.jpg",
    "categories": ["pantry"],
    "tags": ["breakfast", "breakfast-oats"],
    "locations": {
      "vic": {
        "price": 6,
        "promoText": " ",
        "packageSize": "420g",
        "packagePrice": "$1.43 per 100G"
      }
    }
  },
  {
    "id": "morning-sun-muesli-natural-apricot-almond",
    "brand": "Morning Sun",
    "name": "Natural Apricot & Almond Muesli",
    "imageUrl": "https://shop.coles.com.au/wcsstore/Coles-CAS/images/3/7/6/376980-th.jpg",
    "categories": ["pantry"],
    "tags": ["breakfast", "breakfast-muesli"],
    "locations": {
      "vic": {
        "price": 3.5,
        "promoText": "Was $4.00 on Nov 2018 ",
        "packageSize": "650g",
        "packagePrice": "$0.54 per 100G"
      }
    }
  },
  {
    "id": "carmans-muesli-original-fruit-free",
    "brand": "Carman's",
    "name": "Original Fruit Free Muesli",
    "imageUrl": "https://shop.coles.com.au/wcsstore/Coles-CAS/images/5/7/9/5792267-th.jpg",
    "categories": ["pantry"],
    "tags": ["breakfast", "breakfast-muesli"],
    "locations": {
      "vic": {
        "price": 6,
        "promoText": " ",
        "packageSize": "500g",
        "packagePrice": "$1.20 per 100G"
      }
    }
  },
  {
    "id": "morning-sun-muesli-natural-fruit-97",
    "brand": "Morning Sun",
    "name": "Natural Fruit Muesli",
    "imageUrl": "https://shop.coles.com.au/wcsstore/Coles-CAS/images/2/8/7/2870885-th.jpg",
    "categories": ["pantry"],
    "tags": ["breakfast", "breakfast-muesli"],
    "locations": {
      "vic": {
        "price": 3.5,
        "promoText": "Was $4.00 on Nov 2018 ",
        "packageSize": "650g",
        "packagePrice": "$0.54 per 100G"
      }
    }
  },
  {
    "id": "carmans-muesli-classic",
    "brand": "Carman's",
    "name": "Classic Fruit & Nut Muesli",
    "imageUrl": "https://shop.coles.com.au/wcsstore/Coles-CAS/images/3/5/0/3500270-th.jpg",
    "categories": ["pantry"],
    "tags": ["breakfast", "breakfast-muesli"],
    "locations": {
      "vic": {
        "price": 8,
        "promoText": "Was $9.00 on Aug 2019 ",
        "packageSize": "875g",
        "packagePrice": "$0.91 per 100G"
      }
    }
  },
  {
    "id": "carmans-granola-almond-vanilla-cinnamon",
    "brand": "Carman's",
    "name": "Almond Vanilla & Cinnamon 5 Grain & Seed Granola",
    "imageUrl": "https://shop.coles.com.au/wcsstore/Coles-CAS/images/3/5/0/3500327-th.jpg",
    "categories": ["pantry"],
    "tags": ["breakfast", "breakfast-muesli"],
    "locations": {
      "vic": {
        "price": 6.9,
        "promoText": " ",
        "packageSize": "450g",
        "packagePrice": "$1.53 per 100G"
      }
    }
  },
  {
    "id": "heritage-mill-clusters-apple-crumble",
    "brand": "Freedom Foods",
    "name": "Heritage Mill Apple Crumble Clusters",
    "imageUrl": "https://shop.coles.com.au/wcsstore/Coles-CAS/images/3/2/1/3211931-th.jpg",
    "categories": ["pantry"],
    "tags": ["breakfast", "breakfast-muesli"],
    "locations": {
      "vic": {
        "price": 4.9,
        "promoText": "$2.10 ",
        "packageSize": "1kg",
        "packagePrice": "$0.49 per 100G"
      }
    }
  },
  {
    "id": "be-natural-granola-berry-bliss",
    "brand": "Be Natural",
    "name": "Berry Bliss Granola Breakfast Cereal with Whole Grains",
    "imageUrl": "https://shop.coles.com.au/wcsstore/Coles-CAS/images/3/3/6/3368558-th.jpg",
    "categories": ["pantry"],
    "tags": ["breakfast", "breakfast-muesli"],
    "locations": {
      "vic": {
        "price": 5.2,
        "promoText": "$1.30 ",
        "packageSize": "450g",
        "packagePrice": "$1.16 per 100G"
      }
    }
  },
  {
    "id": "carmans-muesli-natural",
    "brand": "Carman's",
    "name": "Natural Bircher Muesli",
    "imageUrl": "https://shop.coles.com.au/wcsstore/Coles-CAS/images/3/5/0/3500291-th.jpg",
    "categories": ["pantry"],
    "tags": ["breakfast", "breakfast-muesli"],
    "locations": {
      "vic": {
        "price": 8,
        "promoText": "Was $9.00 on Aug 2019 ",
        "packageSize": "875g",
        "packagePrice": "$0.91 per 100G"
      }
    }
  },
  {
    "id": "sunsol-muesli-lovers-blend",
    "brand": "Sunsol",
    "name": "Almonds Cashew Macadamia & Walnut Muesli",
    "imageUrl": "https://shop.coles.com.au/wcsstore/Coles-CAS/images/2/8/5/2855597-th.jpg",
    "categories": ["pantry"],
    "tags": ["breakfast", "breakfast-muesli"],
    "locations": {
      "vic": {
        "price": 6,
        "promoText": " ",
        "packageSize": "500g",
        "packagePrice": "$1.20 per 100G"
      }
    }
  },
  {
    "id": "be-natural-granola-low-sugar",
    "brand": "Be Natural",
    "name": "Low Sugar Granola Breakfast Cereal With Whole Grains and Honey Blossom Flavour",
    "imageUrl": "https://shop.coles.com.au/wcsstore/Coles-CAS/images/3/5/0/3504408-th.jpg",
    "categories": ["pantry"],
    "tags": ["breakfast", "breakfast-muesli"],
    "locations": {
      "vic": {
        "price": 5.2,
        "promoText": "$1.30 ",
        "packageSize": "400g",
        "packagePrice": "$1.30 per 100G"
      }
    }
  },
  {
    "id": "carmans-muesli-original",
    "brand": "Carman's",
    "name": "Original Fruit Free Muesli",
    "imageUrl": "https://shop.coles.com.au/wcsstore/Coles-CAS/images/3/5/0/3500269-th.jpg",
    "categories": ["pantry"],
    "tags": ["breakfast", "breakfast-muesli"],
    "locations": {
      "vic": {
        "price": 8,
        "promoText": "Was $9.00 on Aug 2019 ",
        "packageSize": "875g",
        "packagePrice": "$0.91 per 100G"
      }
    }
  },
  {
    "id": "coles-muesli-toasted-original",
    "brand": "Coles",
    "name": "Toasted Original Muesli",
    "imageUrl": "https://shop.coles.com.au/wcsstore/Coles-CAS/images/7/0/1/7015480-th.jpg",
    "categories": ["pantry"],
    "tags": ["breakfast", "breakfast-muesli"],
    "locations": {
      "vic": {
        "price": 3.5,
        "promoText": " ",
        "packageSize": "750g",
        "packagePrice": "$0.47 per 100G"
      }
    }
  },
  {
    "id": "carmans-muesli-classic-fruit",
    "brand": "Carman's",
    "name": "Classic Fruit & Nut Muesli",
    "imageUrl": "https://shop.coles.com.au/wcsstore/Coles-CAS/images/6/9/2/6920566-th.jpg",
    "categories": ["pantry"],
    "tags": ["breakfast", "breakfast-muesli"],
    "locations": {
      "vic": {
        "price": 6,
        "promoText": " ",
        "packageSize": "500g",
        "packagePrice": "$1.20 per 100G"
      }
    }
  },
  {
    "id": "carmans-super-berry-cranberry-blueberry-goji-muesli",
    "brand": "Carman's",
    "name": "Super Berry Cranberry Blueberry & Goji Muesli",
    "imageUrl": "https://shop.coles.com.au/wcsstore/Coles-CAS/images/2/4/9/2496461-th.jpg",
    "categories": ["pantry"],
    "tags": ["breakfast", "breakfast-muesli"],
    "locations": {
      "vic": {
        "price": 6,
        "promoText": " ",
        "packageSize": "500g",
        "packagePrice": "$1.20 per 100G"
      }
    }
  },
  {
    "id": "carmans-delus-fruit-free-muesli",
    "brand": "Carman's",
    "name": "Gluten Free Almond & Maple Muesli",
    "imageUrl": "https://shop.coles.com.au/wcsstore/Coles-CAS/images/2/8/7/2877217-th.jpg",
    "categories": ["pantry"],
    "tags": ["breakfast", "breakfast-muesli"],
    "locations": {
      "vic": {
        "price": 6.9,
        "promoText": " ",
        "packageSize": "400g",
        "packagePrice": "$1.73 per 100G"
      }
    }
  },
  {
    "id": "barley-clusters-protein",
    "brand": "Freedom Foods",
    "name": "Barley+ Protein Clusters",
    "imageUrl": "https://shop.coles.com.au/wcsstore/Coles-CAS/images/3/5/0/3504292-th.jpg",
    "categories": ["pantry"],
    "tags": ["breakfast", "breakfast-muesli"],
    "locations": {
      "vic": {
        "price": 6,
        "promoText": " ",
        "packageSize": "400g",
        "packagePrice": "$1.50 per 100G"
      }
    }
  },
  {
    "id": "carmans-muesli-natural-bircher",
    "brand": "Carman's",
    "name": "Natural Bircher Muesli",
    "imageUrl": "https://shop.coles.com.au/wcsstore/Coles-CAS/images/8/5/6/8563721-th.jpg",
    "categories": ["pantry"],
    "tags": ["breakfast", "breakfast-muesli"],
    "locations": {
      "vic": {
        "price": 6,
        "promoText": " ",
        "packageSize": "500g",
        "packagePrice": "$1.20 per 100G"
      }
    }
  },
  {
    "id": "carmans-muesli-deluxe-fruit",
    "brand": "Carman's",
    "name": "Deluxe Fruit Muesli",
    "imageUrl": "https://shop.coles.com.au/wcsstore/Coles-CAS/images/6/0/2/6022924-th.jpg",
    "categories": ["pantry"],
    "tags": ["breakfast", "breakfast-muesli"],
    "locations": {
      "vic": {
        "price": 6.9,
        "promoText": " ",
        "packageSize": "400g",
        "packagePrice": "$1.73 per 100G"
      }
    }
  },
  {
    "id": "coles-muesli-apricot-almond-date",
    "brand": "Coles",
    "name": "Apricot Date & Almond Muesli",
    "imageUrl": "https://shop.coles.com.au/wcsstore/Coles-CAS/images/7/0/1/7015470-th.jpg",
    "categories": ["pantry"],
    "tags": ["breakfast", "breakfast-muesli"],
    "locations": {
      "vic": {
        "price": 3.5,
        "promoText": " ",
        "packageSize": "750g",
        "packagePrice": "$0.47 per 100G"
      }
    }
  },
  {
    "id": "heritage-mill-muesli-natural-fruit-nut",
    "brand": "Freedom Foods",
    "name": "Heritage Mill Fruit & Nut Natural Muesli",
    "imageUrl": "https://shop.coles.com.au/wcsstore/Coles-CAS/images/3/2/1/3211975-th.jpg",
    "categories": ["pantry"],
    "tags": ["breakfast", "breakfast-muesli"],
    "locations": {
      "vic": {
        "price": 4.9,
        "promoText": "$2.10 ",
        "packageSize": "1kg",
        "packagePrice": "$0.49 per 100G"
      }
    }
  },
  {
    "id": "lowan-muesli-apricot-almond-650g",
    "brand": "Lowan",
    "name": "Muesli Apricot & Almond",
    "imageUrl": "https://shop.coles.com.au/wcsstore/Coles-CAS/images/3/7/6/3768170-th.jpg",
    "categories": ["pantry"],
    "tags": ["breakfast", "breakfast-muesli"],
    "locations": {
      "vic": {
        "price": 4.5,
        "promoText": " ",
        "packageSize": "650g",
        "packagePrice": "$0.69 per 100G"
      }
    }
  },
  {
    "id": "carmans-clusters-baked-apple-cinnamon",
    "brand": "Carmans",
    "name": "Baked Apple & Cinnamon Crunchy Clusters",
    "imageUrl": "https://shop.coles.com.au/wcsstore/Coles-CAS/images/3/2/1/3215262-th.jpg",
    "categories": ["pantry"],
    "tags": ["breakfast", "breakfast-muesli"],
    "locations": {
      "vic": {
        "price": 6.9,
        "promoText": " ",
        "packageSize": "500g",
        "packagePrice": "$1.38 per 100G"
      }
    }
  },
  {
    "id": "coles-muesli-summer-fruits",
    "brand": "Coles",
    "name": "Summer Fruits Muesli",
    "imageUrl": "https://shop.coles.com.au/wcsstore/Coles-CAS/images/7/0/1/7015334-th.jpg",
    "categories": ["pantry"],
    "tags": ["breakfast", "breakfast-muesli"],
    "locations": {
      "vic": {
        "price": 3.5,
        "promoText": " ",
        "packageSize": "750g",
        "packagePrice": "$0.47 per 100G"
      }
    }
  },
  {
    "id": "coles-clusters-cocoa-hazelnut-almond",
    "brand": "Coles",
    "name": "Cocoa Hazelnut & Almond Clusters",
    "imageUrl": "https://shop.coles.com.au/wcsstore/Coles-CAS/images/3/5/1/3513114-th.jpg",
    "categories": ["pantry"],
    "tags": ["breakfast", "breakfast-muesli"],
    "locations": {
      "vic": {
        "price": 4,
        "promoText": " ",
        "packageSize": "750g",
        "packagePrice": "$0.53 per 100G"
      }
    }
  },
  {
    "id": "heritage-mill-clusters-cocoa-coconut",
    "brand": "Freedom Foods",
    "name": "Heritage Mill Cocoa Coconut Clusters",
    "imageUrl": "https://shop.coles.com.au/wcsstore/Coles-CAS/images/3/2/1/3211953-th.jpg",
    "categories": ["pantry"],
    "tags": ["breakfast", "breakfast-muesli"],
    "locations": {
      "vic": {
        "price": 4.9,
        "promoText": "$2.10 ",
        "packageSize": "1kg",
        "packagePrice": "$0.49 per 100G"
      }
    }
  },
  {
    "id": "heritage-mill-clusters-sea-salted-caramel",
    "brand": "Freedom Foods",
    "name": "Heritage Mill Salted Caramel Hazelnut Clusters",
    "imageUrl": "https://shop.coles.com.au/wcsstore/Coles-CAS/images/3/3/6/3367453-th.jpg",
    "categories": ["pantry"],
    "tags": ["breakfast", "breakfast-muesli"],
    "locations": {
      "vic": {
        "price": 4.9,
        "promoText": "$2.10 ",
        "packageSize": "1 kg",
        "packagePrice": "$0.49 per 100G"
      }
    }
  },
  {
    "id": "lowan-muesli-swiss-650g",
    "brand": "Lowan",
    "name": "Muesli Swiss",
    "imageUrl": "https://shop.coles.com.au/wcsstore/Coles-CAS/images/3/7/6/3768160-th.jpg",
    "categories": ["pantry"],
    "tags": ["breakfast", "breakfast-muesli"],
    "locations": {
      "vic": {
        "price": 4.5,
        "promoText": " ",
        "packageSize": "650g",
        "packagePrice": "$0.69 per 100G"
      }
    }
  },
  {
    "id": "uncle-tobys-muesli-natural-style",
    "brand": "Uncle Tobys",
    "name": "Natural Style Muesli",
    "imageUrl": "https://shop.coles.com.au/wcsstore/Coles-CAS/images/1/3/2/132748-th.jpg",
    "categories": ["pantry"],
    "tags": ["breakfast", "breakfast-muesli"],
    "locations": {
      "vic": {
        "price": 7.5,
        "promoText": " ",
        "packageSize": "1kg",
        "packagePrice": "$0.75 per 100G"
      }
    }
  },
  {
    "id": "carmans-muesli-macadamia-raspberry",
    "brand": "Carman's",
    "name": "Macadamia & Raspberry Muesli",
    "imageUrl": "https://shop.coles.com.au/wcsstore/Coles-CAS/images/3/7/8/3789964-th.jpg",
    "categories": ["pantry"],
    "tags": ["breakfast", "breakfast-muesli"],
    "locations": {
      "vic": {
        "price": 6.9,
        "promoText": " ",
        "packageSize": "400g",
        "packagePrice": "$1.73 per 100G"
      }
    }
  },
  {
    "id": "carmans-crunchy-clusters-oat-vanilla-cinnamon-750g",
    "brand": "Carman's",
    "name": "Crunchy Clusters Cereal Oat Vanilla & Cinnamon",
    "imageUrl": "https://shop.coles.com.au/wcsstore/Coles-CAS/images/3/7/7/3779927-th.jpg",
    "categories": ["pantry"],
    "tags": ["breakfast", "breakfast-muesli"],
    "locations": {
      "vic": {
        "price": 8,
        "promoText": "Was $9.00 on Jun 2020 ",
        "packageSize": "750g",
        "packagePrice": "$1.07 per 100G"
      }
    }
  },
  {
    "id": "coles-clusters-cashew-peanut-honey",
    "brand": "Coles",
    "name": "Cashew Peanut & Honey Clusters",
    "imageUrl": "https://shop.coles.com.au/wcsstore/Coles-CAS/images/3/5/1/3513103-th.jpg",
    "categories": ["pantry"],
    "tags": ["breakfast", "breakfast-muesli"],
    "locations": {
      "vic": {
        "price": 4,
        "promoText": " ",
        "packageSize": "750g",
        "packagePrice": "$0.53 per 100G"
      }
    }
  },
  {
    "id": "heritage-mill-muesli-verry-berry-toasted",
    "brand": "Freedom Foods",
    "name": "Heritage Mill Very Berry Toasted Muesli",
    "imageUrl": "https://shop.coles.com.au/wcsstore/Coles-CAS/images/3/2/1/3212005-th.jpg",
    "categories": ["pantry"],
    "tags": ["breakfast", "breakfast-muesli"],
    "locations": {
      "vic": {
        "price": 4.9,
        "promoText": "$2.10 ",
        "packageSize": "1kg",
        "packagePrice": "$0.49 per 100G"
      }
    }
  },
  {
    "id": "heritage-mill-clusters-berry-bliss",
    "brand": "Freedom Foods",
    "name": "Heritage Mill Berry Bliss Clusters",
    "imageUrl": "https://shop.coles.com.au/wcsstore/Coles-CAS/images/3/2/1/3211942-th.jpg",
    "categories": ["pantry"],
    "tags": ["breakfast", "breakfast-muesli"],
    "locations": {
      "vic": {
        "price": 4.9,
        "promoText": "$2.10 ",
        "packageSize": "1Kg",
        "packagePrice": "$4.90 per 1Kg"
      }
    }
  },
  {
    "id": "jordans-low-sugar-granola-almond-hazelnut",
    "brand": "Jordans",
    "name": "Low Sugar Granola Almond  And Hazelnut",
    "imageUrl": "https://shop.coles.com.au/wcsstore/Coles-CAS/images/3/2/1/3215105-th.jpg",
    "categories": ["pantry"],
    "tags": ["breakfast", "breakfast-muesli"],
    "locations": {
      "vic": {
        "price": 7,
        "promoText": " ",
        "packageSize": "500g",
        "packagePrice": "$1.40 per 100G"
      }
    }
  },
  {
    "id": "jordans-dorset-ryvita-low-sugar-granola",
    "brand": "Jordans",
    "name": "Dorset Ryvita Jordans Low Sugar Granola Blueberry & Coconut",
    "imageUrl": "https://shop.coles.com.au/wcsstore/Coles-CAS/images/3/7/7/3779381-th.jpg",
    "categories": ["pantry"],
    "tags": ["breakfast", "breakfast-muesli"],
    "locations": {
      "vic": {
        "price": 7,
        "promoText": " ",
        "packageSize": "500g",
        "packagePrice": "$1.40 per 100G"
      }
    }
  },
  {
    "id": "pureharvest-muesli-organic-natural",
    "brand": "Pureharvest",
    "name": "Organic Natural Muesli",
    "imageUrl": "https://shop.coles.com.au/wcsstore/Coles-CAS/images/7/0/0/7002037-th.jpg",
    "categories": ["pantry"],
    "tags": ["breakfast", "breakfast-muesli"],
    "locations": {
      "vic": {
        "price": 6.5,
        "promoText": " ",
        "packageSize": "750g",
        "packagePrice": "$0.87 per 100G"
      }
    }
  },
  {
    "id": "be-natural-honey-flakes-clusters",
    "brand": "Be Natural",
    "name": "Breakfast Cereal With Honey Flakes & Clusters",
    "imageUrl": "https://shop.coles.com.au/wcsstore/Coles-CAS/images/3/3/7/3370980-th.jpg",
    "categories": ["pantry"],
    "tags": ["breakfast", "breakfast-muesli"],
    "locations": {
      "vic": {
        "price": 4.4,
        "promoText": "$1.10 ",
        "packageSize": "405g",
        "packagePrice": "$1.09 per 100G"
      }
    }
  },
  {
    "id": "carmans-bircher-muesli-berry",
    "brand": "Carman's",
    "name": "Natural Berry Bircher Muesli",
    "imageUrl": "https://shop.coles.com.au/wcsstore/Coles-CAS/images/3/2/1/3215284-th.jpg",
    "categories": ["pantry"],
    "tags": ["breakfast", "breakfast-muesli"],
    "locations": {
      "vic": {
        "price": 6,
        "promoText": " ",
        "packageSize": "500g",
        "packagePrice": "$1.20 per 100G"
      }
    }
  },
  {
    "id": "carmans-super-berry-muesli-875g",
    "brand": "Carman's",
    "name": "Super Berry Muesli",
    "imageUrl": "https://shop.coles.com.au/wcsstore/Coles-CAS/images/3/7/7/3779905-th.jpg",
    "categories": ["pantry"],
    "tags": ["breakfast", "breakfast-muesli"],
    "locations": {
      "vic": {
        "price": 8,
        "promoText": " ",
        "packageSize": "875g",
        "packagePrice": "$0.91 per 100G"
      }
    }
  },
  {
    "id": "coles-entry-muesli",
    "brand": "Coles",
    "name": "Muesli",
    "imageUrl": "https://shop.coles.com.au/wcsstore/Coles-CAS/images/2/6/4/2649835-th.jpg",
    "categories": ["pantry"],
    "tags": ["breakfast", "breakfast-muesli"],
    "locations": {
      "vic": {
        "price": 2.1,
        "promoText": " ",
        "packageSize": "750g",
        "packagePrice": "$0.28 per 100G"
      }
    }
  },
  {
    "id": "coles-toasted-nutty-muesli",
    "brand": "Coles",
    "name": "Toasted Nutty Muesli",
    "imageUrl": "https://shop.coles.com.au/wcsstore/Coles-CAS/images/3/2/1/3214146-th.jpg",
    "categories": ["pantry"],
    "tags": ["breakfast", "breakfast-muesli"],
    "locations": {
      "vic": {
        "price": 3.85,
        "promoText": " ",
        "packageSize": "750g",
        "packagePrice": "$0.51 per 100G"
      }
    }
  },
  {
    "id": "heritage-mill-muesli-maple-date-toasted",
    "brand": "Freedom Foods",
    "name": "Heritage Mill Maple Date Toasted Muesli",
    "imageUrl": "https://shop.coles.com.au/wcsstore/Coles-CAS/images/3/2/1/3212027-th.jpg",
    "categories": ["pantry"],
    "tags": ["breakfast", "breakfast-muesli"],
    "locations": {
      "vic": {
        "price": 4.9,
        "promoText": "$2.10 ",
        "packageSize": "1kg",
        "packagePrice": "$0.49 per 100G"
      }
    }
  },
  {
    "id": "barley-clusters-barley",
    "brand": "Freedom Foods",
    "name": "Barley Clusters",
    "imageUrl": "https://shop.coles.com.au/wcsstore/Coles-CAS/images/3/5/0/3504306-th.jpg",
    "categories": ["pantry"],
    "tags": ["breakfast", "breakfast-muesli"],
    "locations": {
      "vic": {
        "price": 6,
        "promoText": " ",
        "packageSize": "400g",
        "packagePrice": "$1.50 per 100G"
      }
    }
  },
  {
    "id": "barley-muesli-cranberryalmond",
    "brand": "Freedom Foods",
    "name": "Barley+ Muesli Cranberry Almond & Cinnamon",
    "imageUrl": "https://shop.coles.com.au/wcsstore/Coles-CAS/images/3/5/0/3504270-th.jpg",
    "categories": ["pantry"],
    "tags": ["breakfast", "breakfast-muesli"],
    "locations": {
      "vic": {
        "price": 6,
        "promoText": " ",
        "packageSize": "500g",
        "packagePrice": "$1.20 per 100G"
      }
    }
  },
  {
    "id": "barley-muesli-apple-sultana",
    "brand": "Freedom Foods",
    "name": "Barley+ Muesli Apple & Sultana",
    "imageUrl": "https://shop.coles.com.au/wcsstore/Coles-CAS/images/3/5/0/3504259-th.jpg",
    "categories": ["pantry"],
    "tags": ["breakfast", "breakfast-muesli"],
    "locations": {
      "vic": {
        "price": 6,
        "promoText": " ",
        "packageSize": "500g",
        "packagePrice": "$1.20 per 100G"
      }
    }
  },
  {
    "id": "heritage-mill-caramel-coffe-clusters-muesli",
    "brand": "Heritage Mill",
    "name": "Caramel Coffee Clusters Muesli",
    "imageUrl": "https://shop.coles.com.au/wcsstore/Coles-CAS/images/3/7/8/3780471-th.jpg",
    "categories": ["pantry"],
    "tags": ["breakfast", "breakfast-muesli"],
    "locations": {
      "vic": {
        "price": 4.9,
        "promoText": "$2.10 ",
        "packageSize": "1kg",
        "packagePrice": "$0.49 per 100G"
      }
    }
  },
  {
    "id": "jordans-low-sugar-granola-cherry-almond",
    "brand": "Jordans",
    "name": "Low Sugar Granola Cherry And Almond",
    "imageUrl": "https://shop.coles.com.au/wcsstore/Coles-CAS/images/3/2/1/3215070-th.jpg",
    "categories": ["pantry"],
    "tags": ["breakfast", "breakfast-muesli"],
    "locations": {
      "vic": {
        "price": 7,
        "promoText": " ",
        "packageSize": "500g",
        "packagePrice": "$1.40 per 100G"
      }
    }
  },
  {
    "id": "lowan-muesli-coconut-chia-650g",
    "brand": "Lowan",
    "name": "Muesli Coconut & Chia",
    "imageUrl": "https://shop.coles.com.au/wcsstore/Coles-CAS/images/3/7/6/3768181-th.jpg",
    "categories": ["pantry"],
    "tags": ["breakfast", "breakfast-muesli"],
    "locations": {
      "vic": {
        "price": 4.5,
        "promoText": " ",
        "packageSize": "650g",
        "packagePrice": "$0.69 per 100G"
      }
    }
  },
  {
    "id": "murray-river-organic-macadamia-cranberry",
    "brand": "Murray River Organics",
    "name": "Macadamia & Cranberry",
    "imageUrl": "https://shop.coles.com.au/wcsstore/Coles-CAS/images/3/7/9/3791015-th.jpg",
    "categories": ["pantry"],
    "tags": ["breakfast", "breakfast-muesli"],
    "locations": {
      "vic": {
        "price": 7.5,
        "promoText": " ",
        "packageSize": "400g",
        "packagePrice": "$1.88 per 100G"
      }
    }
  },
  {
    "id": "sunsol-muesli-ancient-grains-superfruits",
    "brand": "Sunsol",
    "name": "Blueberries Chia Goji Berries & Coconut Muesli",
    "imageUrl": "https://shop.coles.com.au/wcsstore/Coles-CAS/images/2/8/5/2855622-th.jpg",
    "categories": ["pantry"],
    "tags": ["breakfast", "breakfast-muesli"],
    "locations": {
      "vic": {
        "price": 6,
        "promoText": " ",
        "packageSize": "500g",
        "packagePrice": "$1.20 per 100G"
      }
    }
  },
  {
    "id": "sunsol-probiotic-almond-cashew-chia",
    "brand": "Sunsol",
    "name": "Probiotic Almond Cashew & Chia Toasted Muesli",
    "imageUrl": "https://shop.coles.com.au/wcsstore/Coles-CAS/images/3/5/1/3515721-th.jpg",
    "categories": ["pantry"],
    "tags": ["breakfast", "breakfast-muesli"],
    "locations": {
      "vic": {
        "price": 7,
        "promoText": " ",
        "packageSize": "400g",
        "packagePrice": "$1.75 per 100G"
      }
    }
  },
  {
    "id": "carmans-granola-pink-lady-apple-blueberry",
    "brand": "Carman's",
    "name": "Pink Lady Apple & Blueberry 5 Grain & Seed Granola",
    "imageUrl": "https://shop.coles.com.au/wcsstore/Coles-CAS/images/3/5/0/3500382-th.jpg",
    "categories": ["pantry"],
    "tags": ["breakfast", "breakfast-muesli"],
    "locations": {
      "vic": {
        "price": 6.9,
        "promoText": " ",
        "packageSize": "450g",
        "packagePrice": "$1.53 per 100G"
      }
    }
  },
  {
    "id": "carmans-muesli-crispy-berry-vanilla-coconut",
    "brand": "Carman's",
    "name": "Crispy Deluxe Berry Vanilla & Coconut Muesli",
    "imageUrl": "https://shop.coles.com.au/wcsstore/Coles-CAS/images/3/7/8/3788597-th.jpg",
    "categories": ["pantry"],
    "tags": ["breakfast", "breakfast-muesli"],
    "locations": {
      "vic": {
        "price": 6.9,
        "promoText": " ",
        "packageSize": "400g",
        "packagePrice": "$1.73 per 100G"
      }
    }
  },
  {
    "id": "carmans-crunchy-clusters-oat-super-sed-750g",
    "brand": "Carman's",
    "name": "Crunchy Clusters Cereal Golden Oat & Super Seed",
    "imageUrl": "https://shop.coles.com.au/wcsstore/Coles-CAS/images/3/7/7/3779938-th.jpg",
    "categories": ["pantry"],
    "tags": ["breakfast", "breakfast-muesli"],
    "locations": {
      "vic": {
        "price": 8,
        "promoText": "Was $9.00 on Jun 2020 ",
        "packageSize": "750g",
        "packagePrice": "$1.07 per 100G"
      }
    }
  },
  {
    "id": "coles-clusters-vanilla-almond",
    "brand": "Coles",
    "name": "Vanilla Almond Clusters",
    "imageUrl": "https://shop.coles.com.au/wcsstore/Coles-CAS/images/3/5/1/3513089-th.jpg",
    "categories": ["pantry"],
    "tags": ["breakfast", "breakfast-muesli"],
    "locations": {
      "vic": {
        "price": 4,
        "promoText": " ",
        "packageSize": "750g",
        "packagePrice": "$0.53 per 100G"
      }
    }
  },
  {
    "id": "coles-god-yum-chocolate-kids-granola-400gram",
    "brand": "Coles",
    "name": "Good Yum Chocolate Kids Granola",
    "imageUrl": "https://shop.coles.com.au/wcsstore/Coles-CAS/images/3/7/5/3756954-th.jpg",
    "categories": ["pantry"],
    "tags": ["breakfast", "breakfast-muesli"],
    "locations": {
      "vic": {
        "price": 4,
        "promoText": " ",
        "packageSize": "400g",
        "packagePrice": "$1.00 per 100G"
      }
    }
  },
  {
    "id": "coles-god-yum-honey-kids-granola-400gram",
    "brand": "Coles",
    "name": "Good Yum Honey Kids Granola",
    "imageUrl": "https://shop.coles.com.au/wcsstore/Coles-CAS/images/3/7/5/3756998-th.jpg",
    "categories": ["pantry"],
    "tags": ["breakfast", "breakfast-muesli"],
    "locations": {
      "vic": {
        "price": 4,
        "promoText": " ",
        "packageSize": "400g",
        "packagePrice": "$1.00 per 100G"
      }
    }
  },
  {
    "id": "jordans-dorset-ryvita-dorset-nut-granola",
    "brand": "Jordans",
    "name": "Dorset Ryvita Nut Granola",
    "imageUrl": "https://shop.coles.com.au/wcsstore/Coles-CAS/images/3/7/7/3779450-th.jpg",
    "categories": ["pantry"],
    "tags": ["breakfast", "breakfast-muesli"],
    "locations": {
      "vic": {
        "price": 7,
        "promoText": " ",
        "packageSize": "450g",
        "packagePrice": "$1.56 per 100G"
      }
    }
  },
  {
    "id": "jordans-dorset-ryvita-muesli-really-nutty",
    "brand": "Jordans",
    "name": "Dorset Ryvita Muesli Really Nutty",
    "imageUrl": "https://shop.coles.com.au/wcsstore/Coles-CAS/images/3/7/7/3779392-th.jpg",
    "categories": ["pantry"],
    "tags": ["breakfast", "breakfast-muesli"],
    "locations": {
      "vic": {
        "price": 7,
        "promoText": " ",
        "packageSize": "450g",
        "packagePrice": "$1.56 per 100G"
      }
    }
  },
  {
    "id": "jordans-dorset-ryvita-dorset-berry-granola",
    "brand": "Jordans",
    "name": "Dorset Ryvita Berry Granola",
    "imageUrl": "https://shop.coles.com.au/wcsstore/Coles-CAS/images/3/7/7/3779428-th.jpg",
    "categories": ["pantry"],
    "tags": ["breakfast", "breakfast-muesli"],
    "locations": {
      "vic": {
        "price": 7,
        "promoText": " ",
        "packageSize": "450g",
        "packagePrice": "$1.56 per 100G"
      }
    }
  },
  {
    "id": "murray-river-organics-tropical-muesli",
    "brand": "Murray River Organics",
    "name": "Tropical Muesli",
    "imageUrl": "https://shop.coles.com.au/wcsstore/Coles-CAS/images/3/7/9/3791059-th.jpg",
    "categories": ["pantry"],
    "tags": ["breakfast", "breakfast-muesli"],
    "locations": {
      "vic": {
        "price": 7.5,
        "promoText": " ",
        "packageSize": "300g",
        "packagePrice": "$2.50 per 100G"
      }
    }
  },
  {
    "id": "murray-river-organics-tropical-muesli-400g",
    "brand": "Murray River Organics",
    "name": "Tropical Muesli",
    "imageUrl": "https://shop.coles.com.au/wcsstore/Coles-CAS/images/3/7/9/3791004-th.jpg",
    "categories": ["pantry"],
    "tags": ["breakfast", "breakfast-muesli"],
    "locations": {
      "vic": {
        "price": 7.5,
        "promoText": " ",
        "packageSize": "400g",
        "packagePrice": "$1.88 per 100G"
      }
    }
  },
  {
    "id": "murray-river-organics-berry-banana-muesli-400g",
    "brand": "Murray River Organics",
    "name": "Berry Banana Muesli",
    "imageUrl": "https://shop.coles.com.au/wcsstore/Coles-CAS/images/3/7/9/3790996-th.jpg",
    "categories": ["pantry"],
    "tags": ["breakfast", "breakfast-muesli"],
    "locations": {
      "vic": {
        "price": 7.5,
        "promoText": " ",
        "packageSize": "400g",
        "packagePrice": "$1.88 per 100G"
      }
    }
  },
  {
    "id": "murray-river-organics-apple-cinamon-muesli-400g",
    "brand": "Murray River Organics",
    "name": "Apple Cinnamon Muesli",
    "imageUrl": "https://shop.coles.com.au/wcsstore/Coles-CAS/images/3/7/9/3790985-th.jpg",
    "categories": ["pantry"],
    "tags": ["breakfast", "breakfast-muesli"],
    "locations": {
      "vic": {
        "price": 7.5,
        "promoText": " ",
        "packageSize": "400g",
        "packagePrice": "$1.88 per 100G"
      }
    }
  },
  {
    "id": "murray-river-organic-berry-banana-muesli-5pk",
    "brand": "Murray River Organics",
    "name": "Berry Banana Muesli 5 Pack",
    "imageUrl": "https://shop.coles.com.au/wcsstore/Coles-CAS/images/3/7/9/3791048-th.jpg",
    "categories": ["pantry"],
    "tags": ["breakfast", "breakfast-muesli"],
    "locations": {
      "vic": {
        "price": 7.5,
        "promoText": " ",
        "packageSize": "300g",
        "packagePrice": "$2.50 per 100G"
      }
    }
  },
  {
    "id": "murray-river-organics-apple-cinamon-muesli-5pk",
    "brand": "Murray River Organics",
    "name": "Apple Cinnamon Muesli 5 Pack",
    "imageUrl": "https://shop.coles.com.au/wcsstore/Coles-CAS/images/3/7/9/3791026-th.jpg",
    "categories": ["pantry"],
    "tags": ["breakfast", "breakfast-muesli"],
    "locations": {
      "vic": {
        "price": 7.5,
        "promoText": " ",
        "packageSize": "300g",
        "packagePrice": "$2.50 per 100G"
      }
    }
  },
  {
    "id": "murray-river-organic-coffe-fruit-muesli-400g",
    "brand": "Murray River Organics",
    "name": "Coffee Fruit Muesli",
    "imageUrl": "https://shop.coles.com.au/wcsstore/Coles-CAS/images/3/7/9/3790974-th.jpg",
    "categories": ["pantry"],
    "tags": ["breakfast", "breakfast-muesli"],
    "locations": {
      "vic": {
        "price": 7.5,
        "promoText": " ",
        "packageSize": "400g",
        "packagePrice": "$1.88 per 100G"
      }
    }
  },
  {
    "id": "sunsol-probiotic-manuka-honey-almond",
    "brand": "Sunsol",
    "name": "Probiotic Almond & Manuka Honey Toasted Muesli",
    "imageUrl": "https://shop.coles.com.au/wcsstore/Coles-CAS/images/3/5/1/3515710-th.jpg",
    "categories": ["pantry"],
    "tags": ["breakfast", "breakfast-muesli"],
    "locations": {
      "vic": {
        "price": 7,
        "promoText": " ",
        "packageSize": "400g",
        "packagePrice": "$1.75 per 100G"
      }
    }
  },
  {
    "id": "sunsol-probiotic-kids-cereal-apple-crunch-230g",
    "brand": "Sunsol",
    "name": "Probiotic Kids Cereal Apple Crunch",
    "imageUrl": "https://shop.coles.com.au/wcsstore/Coles-CAS/images/3/7/7/3774548-th.jpg",
    "categories": ["pantry"],
    "tags": ["breakfast", "breakfast-muesli"],
    "locations": {
      "vic": {
        "price": 5,
        "promoText": " ",
        "packageSize": "230g",
        "packagePrice": "$2.17 per 100G"
      }
    }
  },
  {
    "id": "sunsol-probiotic-kids-cereal-strawberry-crunch",
    "brand": "Sunsol",
    "name": "Probiotic Kids Cereal Strawberry Crunch",
    "imageUrl": "https://shop.coles.com.au/wcsstore/Coles-CAS/images/3/7/7/3774515-th.jpg",
    "categories": ["pantry"],
    "tags": ["breakfast", "breakfast-muesli"],
    "locations": {
      "vic": {
        "price": 5,
        "promoText": " ",
        "packageSize": "230g",
        "packagePrice": "$2.17 per 100G"
      }
    }
  },
  {
    "id": "carmans-fibre-rich-probiotic-honey-almond",
    "brand": "Carman's",
    "name": "Fibre Rich Probiotic Honey & Almond",
    "imageUrl": "https://shop.coles.com.au/wcsstore/Coles-CAS/images/3/7/4/3741673-th.jpg",
    "categories": ["pantry"],
    "tags": ["breakfast", "everyday-cereal"],
    "locations": {
      "vic": {
        "price": 4,
        "promoText": "$2.00 ",
        "packageSize": "240g",
        "packagePrice": "$1.67 per 100G"
      }
    }
  },
  {
    "id": "camrmans-fibre-rich-probiotic-vanila-bean",
    "brand": "Carman's",
    "name": "Fibre Rich Probiotic Cereal Vanilla Bean & Seed",
    "imageUrl": "https://shop.coles.com.au/wcsstore/Coles-CAS/images/3/7/4/3741684-th.jpg",
    "categories": ["pantry"],
    "tags": ["breakfast", "everyday-cereal"],
    "locations": {
      "vic": {
        "price": 4,
        "promoText": "$2.00 ",
        "packageSize": "240g",
        "packagePrice": "$1.67 per 100G"
      }
    }
  },
  {
    "id": "parkers-pretzels-original",
    "brand": "Parker's",
    "name": "Original Pretzels 6 pack",
    "imageUrl": "https://shop.coles.com.au/wcsstore/Coles-CAS/images/9/2/8/9283061-th.jpg",
    "categories": ["pantry"],
    "tags": ["snacks", "potato-chips"],
    "locations": {
      "vic": {
        "price": 3.1,
        "promoText": "Any 2 $5",
        "packageSize": "150g",
        "packagePrice": "$2.07 per 100G"
      }
    }
  },
  {
    "id": "kettle--potato-chips-sea-salt",
    "brand": "Kettle",
    "name": "Sea Salt Potato Chips",
    "imageUrl": "https://shop.coles.com.au/wcsstore/Coles-CAS/images/8/1/5/8156535-th.jpg",
    "categories": ["pantry"],
    "tags": ["snacks", "potato-chips"],
    "locations": {
      "vic": {
        "price": 4.65,
        "promoText": "Any 2 $7",
        "packageSize": "175g",
        "packagePrice": "$2.66 per 100G"
      }
    }
  },
  {
    "id": "thins-potato-chips-original",
    "brand": "Thins",
    "name": "Original Potato Chips",
    "imageUrl": "https://shop.coles.com.au/wcsstore/Coles-CAS/images/6/8/3/6833891-th.jpg",
    "categories": ["pantry"],
    "tags": ["snacks", "potato-chips"],
    "locations": {
      "vic": {
        "price": 3.5,
        "promoText": "Any 2 $5",
        "packageSize": "175g",
        "packagePrice": "$2.00 per 100G"
      }
    }
  },
  {
    "id": "natural-chip-company-chips-sea-salt-1260302p",
    "brand": "Natural Chip Co.",
    "name": "Sea Salt Potato Chips",
    "imageUrl": "https://shop.coles.com.au/wcsstore/Coles-CAS/images/1/2/6/1260302-th.jpg",
    "categories": ["pantry"],
    "tags": ["snacks", "potato-chips"],
    "locations": {
      "vic": {
        "price": 3.5,
        "promoText": "Any 2 $5",
        "packageSize": "175g",
        "packagePrice": "$2.00 per 100G"
      }
    }
  },
  {
    "id": "cobs-lightly-salted-slightly-sweet-popcorn-mp",
    "brand": "Cobs",
    "name": "Lightly Salted & Slightly Sweet Natural Popcorn 5 pack",
    "imageUrl": "https://shop.coles.com.au/wcsstore/Coles-CAS/images/3/4/7/3478400-th.jpg",
    "categories": ["pantry"],
    "tags": ["snacks", "potato-chips"],
    "locations": {
      "vic": {
        "price": 3.15,
        "promoText": "Any 2 $5",
        "packageSize": "65g",
        "packagePrice": "$4.85 per 100G"
      }
    }
  },
  {
    "id": "kettle-potato-chips-sea-salt-vinegar",
    "brand": "Kettle",
    "name": "Sea Salt & Vinegar Potato Chips",
    "imageUrl": "https://shop.coles.com.au/wcsstore/Coles-CAS/images/8/1/5/8156557-th.jpg",
    "categories": ["pantry"],
    "tags": ["snacks", "potato-chips"],
    "locations": {
      "vic": {
        "price": 4.65,
        "promoText": "Any 2 $7",
        "packageSize": "175g",
        "packagePrice": "$2.66 per 100G"
      }
    }
  },
  {
    "id": "cheezels-cheese",
    "brand": "Cheezels",
    "name": "Original Cheese Snacks",
    "imageUrl": "https://shop.coles.com.au/wcsstore/Coles-CAS/images/7/8/7/7879468-th.jpg",
    "categories": ["pantry"],
    "tags": ["snacks", "potato-chips"],
    "locations": {
      "vic": {
        "price": 2.5,
        "promoText": "2 for $4",
        "packageSize": "110g",
        "packagePrice": "$2.27 per 100G"
      }
    }
  },
  {
    "id": "thins-potato-chips-salt-vinegar",
    "brand": "Thins",
    "name": "Salt & Vinegar Potato Chips",
    "imageUrl": "https://shop.coles.com.au/wcsstore/Coles-CAS/images/6/8/3/6833949-th.jpg",
    "categories": ["pantry"],
    "tags": ["snacks", "potato-chips"],
    "locations": {
      "vic": {
        "price": 3.5,
        "promoText": "Any 2 $5",
        "packageSize": "175g",
        "packagePrice": "$2.00 per 100G"
      }
    }
  },
  {
    "id": "red-rock-deli-sea-salt-balsamic-vinegar-potato-chips-1786171p",
    "brand": "Red Rock Deli",
    "name": "Sea Salt & Balsamic Vinegar Potato Chips",
    "imageUrl": "https://shop.coles.com.au/wcsstore/Coles-CAS/images/1/7/8/1786171-th.jpg",
    "categories": ["pantry"],
    "tags": ["snacks", "potato-chips"],
    "locations": {
      "vic": {
        "price": 4.65,
        "promoText": "Any 2 $7",
        "packageSize": "165g",
        "packagePrice": "$2.82 per 100G"
      }
    }
  },
  {
    "id": "red-rock-deli-sea-salt-potato-chips",
    "brand": "Red Rock Deli",
    "name": "Sea Salt Potato Chips",
    "imageUrl": "https://shop.coles.com.au/wcsstore/Coles-CAS/images/1/7/8/1786150-th.jpg",
    "categories": ["pantry"],
    "tags": ["snacks", "potato-chips"],
    "locations": {
      "vic": {
        "price": 4.65,
        "promoText": "Any 2 $7",
        "packageSize": "165g",
        "packagePrice": "$2.82 per 100G"
      }
    }
  },
  {
    "id": "tyrrells--lightly-salted-english-crisps",
    "brand": "Tyrrells",
    "name": "Lightly Salted English Crisps",
    "imageUrl": "https://shop.coles.com.au/wcsstore/Coles-CAS/images/2/6/6/2664431-th.jpg",
    "categories": ["pantry"],
    "tags": ["snacks", "potato-chips"],
    "locations": {
      "vic": {
        "price": 2.25,
        "promoText": "$2.25 ",
        "packageSize": "165g",
        "packagePrice": "$1.36 per 100G"
      }
    }
  },
  {
    "id": "red-rock-deli-lime-pepper-potato-chips",
    "brand": "Red Rock Deli",
    "name": "Lime & Pepper Potato Chips",
    "imageUrl": "https://shop.coles.com.au/wcsstore/Coles-CAS/images/1/7/8/1786193-th.jpg",
    "categories": ["pantry"],
    "tags": ["snacks", "potato-chips"],
    "locations": {
      "vic": {
        "price": 4.65,
        "promoText": "Any 2 $7",
        "packageSize": "165g",
        "packagePrice": "$2.82 per 100G"
      }
    }
  },
  {
    "id": "red-rock-deli-sweet-chilli-sour-cream-potato-chips",
    "brand": "Red Rock Deli",
    "name": "Sweet Chilli & Sour Cream Potato Chips",
    "imageUrl": "https://shop.coles.com.au/wcsstore/Coles-CAS/images/1/7/8/1786182-th.jpg",
    "categories": ["pantry"],
    "tags": ["snacks", "potato-chips"],
    "locations": {
      "vic": {
        "price": 4.65,
        "promoText": "Any 2 $7",
        "packageSize": "165g",
        "packagePrice": "$2.82 per 100G"
      }
    }
  },
  {
    "id": "smiths-potato-chips-crinkle-cut-original",
    "brand": "Smith's",
    "name": "Crinkle Cut Original Potato Chips 6 pack",
    "imageUrl": "https://shop.coles.com.au/wcsstore/Coles-CAS/images/7/1/1/7117968-th.jpg",
    "categories": ["pantry"],
    "tags": ["snacks", "potato-chips"],
    "locations": {
      "vic": {
        "price": 3.14,
        "promoText": "Any 2 $5",
        "packageSize": "114g",
        "packagePrice": "$2.75 per 100G"
      }
    }
  },
  {
    "id": "grainwaves-chips-sour-cream-chives-multi-5-pack",
    "brand": "Grainwaves",
    "name": "Sour Cream & Chives Grain Waves 5 pack",
    "imageUrl": "https://shop.coles.com.au/wcsstore/Coles-CAS/images/9/2/8/9283040-th.jpg",
    "categories": ["pantry"],
    "tags": ["snacks", "potato-chips"],
    "locations": {
      "vic": {
        "price": 3.1,
        "promoText": "Any 2 $5",
        "packageSize": "110g",
        "packagePrice": "$2.82 per 100G"
      }
    }
  },
  {
    "id": "smiths-crinkle-cut-original-potato-chips",
    "brand": "Smith's",
    "name": "Crinkle Cut Original Potato Chips",
    "imageUrl": "https://shop.coles.com.au/wcsstore/Coles-CAS/images/2/3/5/2358275-th.jpg",
    "categories": ["pantry"],
    "tags": ["snacks", "potato-chips"],
    "locations": {
      "vic": {
        "price": 3.5,
        "promoText": "Any 2 $5",
        "packageSize": "170g",
        "packagePrice": "$2.06 per 100G"
      }
    }
  },
  {
    "id": "kettle-honey-soy-chicken-potato-chips",
    "brand": "Kettle",
    "name": "Honey Soy Chicken Potato Chips",
    "imageUrl": "https://shop.coles.com.au/wcsstore/Coles-CAS/images/1/7/9/1795310-th.jpg",
    "categories": ["pantry"],
    "tags": ["snacks", "potato-chips"],
    "locations": {
      "vic": {
        "price": 4.65,
        "promoText": "Any 2 $7",
        "packageSize": "175g",
        "packagePrice": "$2.66 per 100G"
      }
    }
  },
  {
    "id": "red-rock-deli-honey-soy-chicken-potato-chips",
    "brand": "Red Rock Deli",
    "name": "Honey Soy Chicken Potato Chips",
    "imageUrl": "https://shop.coles.com.au/wcsstore/Coles-CAS/images/1/7/8/1786160-th.jpg",
    "categories": ["pantry"],
    "tags": ["snacks", "potato-chips"],
    "locations": {
      "vic": {
        "price": 4.65,
        "promoText": "Any 2 $7",
        "packageSize": "165g",
        "packagePrice": "$2.82 per 100G"
      }
    }
  },
  {
    "id": "thins-potato-chips-light-tangy",
    "brand": "Thins",
    "name": "Light & Tangy Potato Chips",
    "imageUrl": "https://shop.coles.com.au/wcsstore/Coles-CAS/images/6/8/3/6833927-th.jpg",
    "categories": ["pantry"],
    "tags": ["snacks", "potato-chips"],
    "locations": {
      "vic": {
        "price": 3.5,
        "promoText": "Any 2 $5",
        "packageSize": "175g",
        "packagePrice": "$2.00 per 100G"
      }
    }
  },
  {
    "id": "thins-sour-cream-chives-potato-chips",
    "brand": "Thins",
    "name": "Sour Cream & Chives Potato Chips",
    "imageUrl": "https://shop.coles.com.au/wcsstore/Coles-CAS/images/1/7/2/1721846-th.jpg",
    "categories": ["pantry"],
    "tags": ["snacks", "potato-chips"],
    "locations": {
      "vic": {
        "price": 3.5,
        "promoText": "Any 2 $5",
        "packageSize": "175g",
        "packagePrice": "$2.00 per 100G"
      }
    }
  },
  {
    "id": "kettle-natural-potato-chips-chilli",
    "brand": "Kettle",
    "name": "Chilli Potato Chips",
    "imageUrl": "https://shop.coles.com.au/wcsstore/Coles-CAS/images/9/1/3/9139724-th.jpg",
    "categories": ["pantry"],
    "tags": ["snacks", "potato-chips"],
    "locations": {
      "vic": {
        "price": 4.65,
        "promoText": "Any 2 $7",
        "packageSize": "175g",
        "packagePrice": "$2.66 per 100G"
      }
    }
  },
  {
    "id": "harvest-snaps-origiinal-multi-pack",
    "brand": "Calbee",
    "name": "Gluten Free Harvest Snaps Original Salted Baked Pea Crisps 5 pack",
    "imageUrl": "https://shop.coles.com.au/wcsstore/Coles-CAS/images/3/4/3/3434095-th.jpg",
    "categories": ["pantry"],
    "tags": ["snacks", "potato-chips"],
    "locations": {
      "vic": {
        "price": 3.5,
        "promoText": "Any 2 $5",
        "packageSize": "80g",
        "packagePrice": "$4.38 per 100G"
      }
    }
  },
  {
    "id": "twisties-cheese",
    "brand": "Smith's",
    "name": "Cheese Twisties 6 pack",
    "imageUrl": "https://shop.coles.com.au/wcsstore/Coles-CAS/images/7/1/1/7118188-th.jpg",
    "categories": ["pantry"],
    "tags": ["snacks", "potato-chips"],
    "locations": {
      "vic": {
        "price": 3.14,
        "promoText": "Any 2 $5",
        "packageSize": "114g",
        "packagePrice": "$2.75 per 100G"
      }
    }
  },
  {
    "id": "smiths-crinkle-cut-salt-vinegar-potato-chips",
    "brand": "Smith's",
    "name": "Crinkle Cut Salt & Vinegar Potato Chips",
    "imageUrl": "https://shop.coles.com.au/wcsstore/Coles-CAS/images/2/3/5/2358286-th.jpg",
    "categories": ["pantry"],
    "tags": ["snacks", "potato-chips"],
    "locations": {
      "vic": {
        "price": 3.5,
        "promoText": "Any 2 $5",
        "packageSize": "170g",
        "packagePrice": "$2.06 per 100G"
      }
    }
  },
  {
    "id": "tyrrells--cider-vinegar-seasalt-english-crisps",
    "brand": "Tyrrells",
    "name": "Sea Salt & Vinegar Hand Cooked Crisps",
    "imageUrl": "https://shop.coles.com.au/wcsstore/Coles-CAS/images/2/6/6/2664475-th.jpg",
    "categories": ["pantry"],
    "tags": ["snacks", "potato-chips"],
    "locations": {
      "vic": {
        "price": 2.25,
        "promoText": "$2.25 ",
        "packageSize": "165g",
        "packagePrice": "$1.36 per 100G"
      }
    }
  },
  {
    "id": "tyrrells--cheddar-cheese-chives-english-chips",
    "brand": "Tyrrells",
    "name": "Cheddar Cheese & Chives English Chips",
    "imageUrl": "https://shop.coles.com.au/wcsstore/Coles-CAS/images/2/6/6/2664442-th.jpg",
    "categories": ["pantry"],
    "tags": ["snacks", "potato-chips"],
    "locations": {
      "vic": {
        "price": 2.25,
        "promoText": "$2.25 ",
        "packageSize": "165g",
        "packagePrice": "$1.36 per 100G"
      }
    }
  },
  {
    "id": "kettle-chunky-potato-chips-crushed-sea-salt",
    "brand": "Kettle Chunky Chips",
    "name": "Himalayan Salt",
    "imageUrl": "https://shop.coles.com.au/wcsstore/Coles-CAS/images/1/2/6/1260073-th.jpg",
    "categories": ["pantry"],
    "tags": ["snacks", "potato-chips"],
    "locations": {
      "vic": {
        "price": 2.25,
        "promoText": "$2.25 ",
        "packageSize": "150g",
        "packagePrice": "$1.50 per 100G"
      }
    }
  },
  {
    "id": "smiths-potato-chips-thin-sliced-original",
    "brand": "Smith's",
    "name": "Original Thinly Cut Potato Chips",
    "imageUrl": "https://shop.coles.com.au/wcsstore/Coles-CAS/images/5/7/0/5706221-th.jpg",
    "categories": ["pantry"],
    "tags": ["snacks", "potato-chips"],
    "locations": {
      "vic": {
        "price": 2,
        "promoText": "Was $3.30 on May 2018 ",
        "packageSize": "175g",
        "packagePrice": "$1.14 per 100G"
      }
    }
  },
  {
    "id": "thins-potato-chips-chicken",
    "brand": "Thins",
    "name": "Chicken Potato Chips",
    "imageUrl": "https://shop.coles.com.au/wcsstore/Coles-CAS/images/6/8/3/6833950-th.jpg",
    "categories": ["pantry"],
    "tags": ["snacks", "potato-chips"],
    "locations": {
      "vic": {
        "price": 3.5,
        "promoText": "Any 2 $5",
        "packageSize": "175g",
        "packagePrice": "$2.00 per 100G"
      }
    }
  },
  {
    "id": "smiths-potato-chips-crinkle-cut-flavour-mix",
    "brand": "Smith's",
    "name": "Crinkle Cut Variety Multipack",
    "imageUrl": "https://shop.coles.com.au/wcsstore/Coles-CAS/images/4/8/2/4826829-th.jpg",
    "categories": ["pantry"],
    "tags": ["snacks", "potato-chips"],
    "locations": {
      "vic": {
        "price": 5.5,
        "promoText": "Was $6.70 on Oct 2016 ",
        "packageSize": "20 pack",
        "packagePrice": "$1.45 per 100G"
      }
    }
  },
  {
    "id": "smiths-crinkle-cut-bbq-potato-chips",
    "brand": "Smith's",
    "name": "Crinkle Cut BBQ Potato Chips",
    "imageUrl": "https://shop.coles.com.au/wcsstore/Coles-CAS/images/2/3/5/2358264-th.jpg",
    "categories": ["pantry"],
    "tags": ["snacks", "potato-chips"],
    "locations": {
      "vic": {
        "price": 3.5,
        "promoText": "Any 2 $5",
        "packageSize": "170g",
        "packagePrice": "$2.06 per 100G"
      }
    }
  },
  {
    "id": "smiths-potato-chips-salt-vinegar-60g",
    "brand": "Smith's",
    "name": "Salt & Vinegar Crinkle Potato Chips",
    "imageUrl": "https://shop.coles.com.au/wcsstore/Coles-CAS/images/2/8/7/2873169-th.jpg",
    "categories": ["pantry"],
    "tags": ["snacks", "potato-chips"],
    "locations": {
      "vic": {
        "price": 1.05,
        "promoText": "$1.05 ",
        "packageSize": "60g",
        "packagePrice": "$1.75 per 100G"
      }
    }
  },
  {
    "id": "smiths-crinkle-potato-chips-original-big-bag",
    "brand": "Smith's",
    "name": "Original Potato Crinkle Chips",
    "imageUrl": "https://shop.coles.com.au/wcsstore/Coles-CAS/images/3/5/7/3572157-th.jpg",
    "categories": ["pantry"],
    "tags": ["snacks", "potato-chips"],
    "locations": {
      "vic": {
        "price": 7,
        "promoText": " ",
        "packageSize": "380g",
        "packagePrice": "$1.84 per 100G"
      }
    }
  },
  {
    "id": "red-rock-deli-potato-chips-variety",
    "brand": "Red Rock Deli",
    "name": "Variety Multipack Potato Chips",
    "imageUrl": "https://shop.coles.com.au/wcsstore/Coles-CAS/images/6/3/0/6307108-th.jpg",
    "categories": ["pantry"],
    "tags": ["snacks", "potato-chips"],
    "locations": {
      "vic": {
        "price": 5.5,
        "promoText": "Was $6.35 on May 2017 ",
        "packageSize": "10 pack",
        "packagePrice": "$1.96 per 100G"
      }
    }
  },
  {
    "id": "smiths-potato-chips-crinkle-cut-salt-vinegar",
    "brand": "Smith's",
    "name": "Crinkle Cut Salt & Vinegar Potato Chips 6 pack",
    "imageUrl": "https://shop.coles.com.au/wcsstore/Coles-CAS/images/7/1/1/7117979-th.jpg",
    "categories": ["pantry"],
    "tags": ["snacks", "potato-chips"],
    "locations": {
      "vic": {
        "price": 3.14,
        "promoText": "Any 2 $5",
        "packageSize": "114g",
        "packagePrice": "$2.75 per 100G"
      }
    }
  },
  {
    "id": "smiths-thin-cut-salt-vinegar-potato-chips",
    "brand": "Smith's",
    "name": "Salt & Vinegar Thinly Cut Potato Chips",
    "imageUrl": "https://shop.coles.com.au/wcsstore/Coles-CAS/images/5/7/0/5706254-th.jpg",
    "categories": ["pantry"],
    "tags": ["snacks", "potato-chips"],
    "locations": {
      "vic": {
        "price": 2,
        "promoText": "Was $3.30 on May 2018 ",
        "packageSize": "175g",
        "packagePrice": "$1.14 per 100G"
      }
    }
  },
  {
    "id": "smiths-crinkle-cut-chicken-potato-chips",
    "brand": "Smith's",
    "name": "Crinkle Cut Chicken Potato Chips",
    "imageUrl": "https://shop.coles.com.au/wcsstore/Coles-CAS/images/2/3/5/2358300-th.jpg",
    "categories": ["pantry"],
    "tags": ["snacks", "potato-chips"],
    "locations": {
      "vic": {
        "price": 3.5,
        "promoText": "Any 2 $5",
        "packageSize": "170g",
        "packagePrice": "$2.06 per 100G"
      }
    }
  },
  {
    "id": "smiths-crinkle-cut-cheese-onion-potato-chips",
    "brand": "Smith's",
    "name": "Crinkle Cut Cheese & Onion Potato Chips",
    "imageUrl": "https://shop.coles.com.au/wcsstore/Coles-CAS/images/2/3/5/2358297-th.jpg",
    "categories": ["pantry"],
    "tags": ["snacks", "potato-chips"],
    "locations": {
      "vic": {
        "price": 3.5,
        "promoText": "Any 2 $5",
        "packageSize": "170g",
        "packagePrice": "$2.06 per 100G"
      }
    }
  },
  {
    "id": "coles-sour-cream-onion-stacked-chips",
    "brand": "Coles",
    "name": "Sour Cream & Onion Stacked Chips",
    "imageUrl": "https://shop.coles.com.au/wcsstore/Coles-CAS/images/2/0/7/2072862-th.jpg",
    "categories": ["pantry"],
    "tags": ["snacks", "potato-chips"],
    "locations": {
      "vic": {
        "price": 1.75,
        "promoText": " ",
        "packageSize": "160g",
        "packagePrice": "$1.09 per 100G"
      }
    }
  },
  {
    "id": "french-fries-potato-chips-original-7117775p",
    "brand": "French Fries",
    "name": "Original Potato Chips",
    "imageUrl": "https://shop.coles.com.au/wcsstore/Coles-CAS/images/7/1/1/7117775-th.jpg",
    "categories": ["pantry"],
    "tags": ["snacks", "potato-chips"],
    "locations": {
      "vic": {
        "price": 3.5,
        "promoText": " ",
        "packageSize": "175g",
        "packagePrice": "$2.00 per 100G"
      }
    }
  },
  {
    "id": "kettle-sweet-chilli-sour-cream-potato-chips",
    "brand": "Kettle",
    "name": "Sweet Chilli & Sour Cream Potato Chips",
    "imageUrl": "https://shop.coles.com.au/wcsstore/Coles-CAS/images/2/6/7/2670081-th.jpg",
    "categories": ["pantry"],
    "tags": ["snacks", "potato-chips"],
    "locations": {
      "vic": {
        "price": 4.65,
        "promoText": "Any 2 $7",
        "packageSize": "175g",
        "packagePrice": "$2.66 per 100G"
      }
    }
  },
  {
    "id": "natural-chip-company-chips-honey-soy-chicken-1260335p",
    "brand": "Natural Chip Co.",
    "name": "Honey Soy Chicken Potato Chips",
    "imageUrl": "https://shop.coles.com.au/wcsstore/Coles-CAS/images/1/2/6/1260335-th.jpg",
    "categories": ["pantry"],
    "tags": ["snacks", "potato-chips"],
    "locations": {
      "vic": {
        "price": 3.5,
        "promoText": "Any 2 $5",
        "packageSize": "175g",
        "packagePrice": "$2.00 per 100G"
      }
    }
  },
  {
    "id": "smiths-twisties-cheese-party-bag",
    "brand": "Smith's",
    "name": "Twisties Cheese Party Bag",
    "imageUrl": "https://shop.coles.com.au/wcsstore/Coles-CAS/images/2/8/7/2871913-th.jpg",
    "categories": ["pantry"],
    "tags": ["snacks", "potato-chips"],
    "locations": {
      "vic": {
        "price": 3,
        "promoText": " ",
        "packageSize": "270g",
        "packagePrice": "$1.11 per 100G"
      }
    }
  },
  {
    "id": "doritos-chips-cheese-supreme",
    "brand": "Doritos",
    "name": "Cheese Supreme Corn Chips 6 pack",
    "imageUrl": "https://shop.coles.com.au/wcsstore/Coles-CAS/images/8/1/5/8156058-th.jpg",
    "categories": ["pantry"],
    "tags": ["snacks", "potato-chips"],
    "locations": {
      "vic": {
        "price": 3.14,
        "promoText": "Any 2 $5",
        "packageSize": "114g",
        "packagePrice": "$2.75 per 100G"
      }
    }
  },
  {
    "id": "natural-chip-company-chips-sea-salt-vinegar",
    "brand": "Natural Chip Co.",
    "name": "Sea Salt & Vinegar Potato Chips",
    "imageUrl": "https://shop.coles.com.au/wcsstore/Coles-CAS/images/1/2/6/1260313-th.jpg",
    "categories": ["pantry"],
    "tags": ["snacks", "potato-chips"],
    "locations": {
      "vic": {
        "price": 3.5,
        "promoText": "Any 2 $5",
        "packageSize": "175g",
        "packagePrice": "$2.00 per 100G"
      }
    }
  },
  {
    "id": "smiths-snack-mix-20-pack",
    "brand": "Smiths",
    "name": "Snack Mix 20 Pack",
    "imageUrl": "https://shop.coles.com.au/wcsstore/Coles-CAS/images/3/7/0/3706060-th.jpg",
    "categories": ["pantry"],
    "tags": ["snacks", "potato-chips"],
    "locations": {
      "vic": {
        "price": 5.5,
        "promoText": "Was $6.70 on Jan 2020 ",
        "packageSize": "395g",
        "packagePrice": "$1.39 per 100G"
      }
    }
  },
  {
    "id": "cheezels-multipack-6-pack",
    "brand": "Cheezels",
    "name": "Cheese Snacks Multipack 6 pack",
    "imageUrl": "https://shop.coles.com.au/wcsstore/Coles-CAS/images/8/1/5/8157108-th.jpg",
    "categories": ["pantry"],
    "tags": ["snacks", "potato-chips"],
    "locations": {
      "vic": {
        "price": 3.35,
        "promoText": "Any 2 $5",
        "packageSize": "114g",
        "packagePrice": "$2.94 per 100G"
      }
    }
  },
  {
    "id": "coolpack-popcorn-original-6-pack",
    "brand": "Cool Pak",
    "name": "Original Popcorn 6 Pack",
    "imageUrl": "https://shop.coles.com.au/wcsstore/Coles-CAS/images/3/5/6/3569130-th.jpg",
    "categories": ["pantry"],
    "tags": ["snacks", "potato-chips"],
    "locations": {
      "vic": {
        "price": 3.2,
        "promoText": "Any 2 $5",
        "packageSize": "66g",
        "packagePrice": "$4.85 per 100G"
      }
    }
  },
  {
    "id": "red-rock-deli-thai-chilli-lime-potato-chips-3151840p",
    "brand": "Red Rock Deli",
    "name": "Potato Chips Limited Edition",
    "imageUrl": "https://shop.coles.com.au/wcsstore/Coles-CAS/images/3/1/5/3151840-th.jpg",
    "categories": ["pantry"],
    "tags": ["snacks", "potato-chips"],
    "locations": {
      "vic": {
        "price": 4.65,
        "promoText": "Any 2 $7",
        "packageSize": "150g",
        "packagePrice": "$3.10 per 100G"
      }
    }
  },
  {
    "id": "smiths-fun-mix-20-pack",
    "brand": "Smiths",
    "name": "Fun Mix Chips 20 Pack",
    "imageUrl": "https://shop.coles.com.au/wcsstore/Coles-CAS/images/3/7/0/3706049-th.jpg",
    "categories": ["pantry"],
    "tags": ["snacks", "potato-chips"],
    "locations": {
      "vic": {
        "price": 5.5,
        "promoText": "Was $6.70 on Jan 2020 ",
        "packageSize": "375g",
        "packagePrice": "$1.47 per 100G"
      }
    }
  },
  {
    "id": "french-fries-potato-chips-original-multipack-6-pack",
    "brand": "French Fries",
    "name": "Original Potato Chips 6 pack",
    "imageUrl": "https://shop.coles.com.au/wcsstore/Coles-CAS/images/6/2/9/6290570-th.jpg",
    "categories": ["pantry"],
    "tags": ["snacks", "potato-chips"],
    "locations": {
      "vic": {
        "price": 3.35,
        "promoText": "Any 2 $5",
        "packageSize": "111g",
        "packagePrice": "$3.02 per 100G"
      }
    }
  },
  {
    "id": "pringles-original-potato-chips",
    "brand": "Pringles",
    "name": "Original Salted Stacked Potato Chips",
    "imageUrl": "https://shop.coles.com.au/wcsstore/Coles-CAS/images/2/7/8/2784047-th.jpg",
    "categories": ["pantry"],
    "tags": ["snacks", "potato-chips"],
    "locations": {
      "vic": {
        "price": 4,
        "promoText": " ",
        "packageSize": "134g",
        "packagePrice": "$2.99 per 100G"
      }
    }
  },
  {
    "id": "red-rock-deli-grilled-corizo-cider-onion-potato-chips",
    "brand": "Red Rock Deli",
    "name": "Limited Edition Moroccan Chicken & Lemon Potato Chips",
    "imageUrl": "https://shop.coles.com.au/wcsstore/Coles-CAS/images/3/1/5/3151851-th.jpg",
    "categories": ["pantry"],
    "tags": ["snacks", "potato-chips"],
    "locations": {
      "vic": {
        "price": 4.65,
        "promoText": "Any 2 $7",
        "packageSize": "150g",
        "packagePrice": "$3.10 per 100G"
      }
    }
  },
  {
    "id": "smiths-cheetos-cheese-bacon-party-bag",
    "brand": "Smith's",
    "name": "Cheetos Cheese & Bacon Balls Party Bag",
    "imageUrl": "https://shop.coles.com.au/wcsstore/Coles-CAS/images/2/8/7/2871980-th.jpg",
    "categories": ["pantry"],
    "tags": ["snacks", "potato-chips"],
    "locations": {
      "vic": {
        "price": 3,
        "promoText": " ",
        "packageSize": "190g",
        "packagePrice": "$1.58 per 100G"
      }
    }
  },
  {
    "id": "coles-microwave-popcorn-10-pack",
    "brand": "Coles",
    "name": "Popcorn 10 Pack",
    "imageUrl": "https://shop.coles.com.au/wcsstore/Coles-CAS/images/2/6/6/2663360-th.jpg",
    "categories": ["pantry"],
    "tags": ["snacks", "potato-chips"],
    "locations": {
      "vic": {
        "price": 2.75,
        "promoText": " ",
        "packageSize": "200g",
        "packagePrice": "$1.38 per 100G"
      }
    }
  },
  {
    "id": "red-rock-deli-deluxe-cheddar-onion-rosemary-3569083p",
    "brand": "Red Rock Deli",
    "name": "Vintage Cheddar Caramelised Onion & Rosemary Oil Deluxe Crisps",
    "imageUrl": "https://shop.coles.com.au/wcsstore/Coles-CAS/images/3/5/6/3569083-th.jpg",
    "categories": ["pantry"],
    "tags": ["snacks", "potato-chips"],
    "locations": {
      "vic": {
        "price": 4.5,
        "promoText": "Any 2 $6",
        "packageSize": "135g",
        "packagePrice": "$3.33 per 100G"
      }
    }
  },
  {
    "id": "smiths-thinly-cut-chips-potato-swt-chil-crm",
    "brand": "Smith's",
    "name": "Sweet Chilli & Sour Cream Thinly Cut Potato Chips",
    "imageUrl": "https://shop.coles.com.au/wcsstore/Coles-CAS/images/2/8/4/2845957-th.jpg",
    "categories": ["pantry"],
    "tags": ["snacks", "potato-chips"],
    "locations": {
      "vic": {
        "price": 2,
        "promoText": "Was $3.55 on May 2018 ",
        "packageSize": "175g",
        "packagePrice": "$1.14 per 100G"
      }
    }
  },
  {
    "id": "bhuja-chip-mox-triple-chilli",
    "brand": "Bhuja",
    "name": "Chip Mix Spicy Salt & Vinegar",
    "imageUrl": "https://shop.coles.com.au/wcsstore/Coles-CAS/images/3/4/3/3433707-th.jpg",
    "categories": ["pantry"],
    "tags": ["snacks", "potato-chips"],
    "locations": {
      "vic": {
        "price": 3.5,
        "promoText": " ",
        "packageSize": "100g",
        "packagePrice": "$3.50 per 100G"
      }
    }
  },
  {
    "id": "bhuja-mix-tandoori-delight",
    "brand": "Bhuja Chip Mix",
    "name": "Tandoori Delight",
    "imageUrl": "https://shop.coles.com.au/wcsstore/Coles-CAS/images/3/4/3/3433660-th.jpg",
    "categories": ["pantry"],
    "tags": ["snacks", "potato-chips"],
    "locations": {
      "vic": {
        "price": 3.5,
        "promoText": " ",
        "packageSize": "100g",
        "packagePrice": "$3.50 per 100G"
      }
    }
  },
  {
    "id": "coles-potato-chips-crinkle-cut-original",
    "brand": "Coles",
    "name": "Original Crinkle Cut Potato Chips",
    "imageUrl": "https://shop.coles.com.au/wcsstore/Coles-CAS/images/6/9/8/6989493-th.jpg",
    "categories": ["pantry"],
    "tags": ["snacks", "potato-chips"],
    "locations": {
      "vic": {
        "price": 1.6,
        "promoText": " ",
        "packageSize": "175g",
        "packagePrice": "$0.91 per 100G"
      }
    }
  },
  {
    "id": "coles-original-stacked-chips",
    "brand": "Coles",
    "name": "Original Flavour Stacked Chips",
    "imageUrl": "https://shop.coles.com.au/wcsstore/Coles-CAS/images/2/0/7/2072873-th.jpg",
    "categories": ["pantry"],
    "tags": ["snacks", "potato-chips"],
    "locations": {
      "vic": {
        "price": 1.75,
        "promoText": " ",
        "packageSize": "160g",
        "packagePrice": "$1.09 per 100G"
      }
    }
  },
  {
    "id": "kettle-natural-potato-chips",
    "brand": "Kettle",
    "name": "Roasted Garlic & Parmesan Potato Chips",
    "imageUrl": "https://shop.coles.com.au/wcsstore/Coles-CAS/images/3/0/8/3082012-th.jpg",
    "categories": ["pantry"],
    "tags": ["snacks", "potato-chips"],
    "locations": {
      "vic": {
        "price": 4.65,
        "promoText": "Any 2 $7",
        "packageSize": "175g",
        "packagePrice": "$2.66 per 100G"
      }
    }
  },
  {
    "id": "natural-chip-company-chips-sea-salt-cracked-pepper",
    "brand": "Natural Chip Co.",
    "name": "Sea Salt & Cracked Pepper Potato Chips",
    "imageUrl": "https://shop.coles.com.au/wcsstore/Coles-CAS/images/1/2/6/1260346-th.jpg",
    "categories": ["pantry"],
    "tags": ["snacks", "potato-chips"],
    "locations": {
      "vic": {
        "price": 3.5,
        "promoText": "Any 2 $5",
        "packageSize": "175g",
        "packagePrice": "$2.00 per 100G"
      }
    }
  },
  {
    "id": "pringles-sour-cream-onion-potato-chips",
    "brand": "Pringles",
    "name": "Sour Cream & Onion Potato Chips",
    "imageUrl": "https://shop.coles.com.au/wcsstore/Coles-CAS/images/2/7/8/2784058-th.jpg",
    "categories": ["pantry"],
    "tags": ["snacks", "potato-chips"],
    "locations": {
      "vic": {
        "price": 4,
        "promoText": " ",
        "packageSize": "134g",
        "packagePrice": "$2.99 per 100G"
      }
    }
  },
  {
    "id": "pringles-potato-chips-sour-cream-onion-2784138p",
    "brand": "Pringles",
    "name": "Sour Cream & Onion Stacked Potato Chips",
    "imageUrl": "https://shop.coles.com.au/wcsstore/Coles-CAS/images/2/7/8/2784138-th.jpg",
    "categories": ["pantry"],
    "tags": ["snacks", "potato-chips"],
    "locations": {
      "vic": {
        "price": 1.9,
        "promoText": " ",
        "packageSize": "53g",
        "packagePrice": "$3.58 per 100G"
      }
    }
  },
  {
    "id": "pringles-sweet-spicy-bbq-flavour-potato-chips",
    "brand": "Pringles",
    "name": "Limited Edition Potato Chips",
    "imageUrl": "https://shop.coles.com.au/wcsstore/Coles-CAS/images/2/8/7/2871990-th.jpg",
    "categories": ["pantry"],
    "tags": ["snacks", "potato-chips"],
    "locations": {
      "vic": {
        "price": 4,
        "promoText": " ",
        "packageSize": "134g",
        "packagePrice": "$2.99 per 100G"
      }
    }
  },
  {
    "id": "smiths-crinkle-chips-salt-vinegar",
    "brand": "Smith's",
    "name": "Salt & Vinegar Flavour Potato Chips",
    "imageUrl": "https://shop.coles.com.au/wcsstore/Coles-CAS/images/3/5/6/3568353-th.jpg",
    "categories": ["pantry"],
    "tags": ["snacks", "potato-chips"],
    "locations": {
      "vic": {
        "price": 7,
        "promoText": " ",
        "packageSize": "380g",
        "packagePrice": "$1.84 per 100G"
      }
    }
  },
  {
    "id": "coles-brand-potato-chips-crinkle-cut--salt-vinegar",
    "brand": "Coles",
    "name": "Salt & Vinegar Crinkle Cut Potato Chips",
    "imageUrl": "https://shop.coles.com.au/wcsstore/Coles-CAS/images/6/9/8/6989529-th.jpg",
    "categories": ["pantry"],
    "tags": ["snacks", "potato-chips"],
    "locations": {
      "vic": {
        "price": 1.6,
        "promoText": " ",
        "packageSize": "175g",
        "packagePrice": "$0.91 per 100G"
      }
    }
  },
  {
    "id": "coles-crinkle-cut-original-potato-chips-20-pack",
    "brand": "Coles",
    "name": "Original  Crinkle Cut Potato Chips 20 Pack",
    "imageUrl": "https://shop.coles.com.au/wcsstore/Coles-CAS/images/2/1/2/2122348-th.jpg",
    "categories": ["pantry"],
    "tags": ["snacks", "potato-chips"],
    "locations": {
      "vic": {
        "price": 4,
        "promoText": " ",
        "packageSize": "380g",
        "packagePrice": "$1.05 per 100G"
      }
    }
  },
  {
    "id": "kettle-chunky-potato-chips-mediteranian-herbs-spices",
    "brand": "Kettle Chunky Chips",
    "name": "Tomato & Herb",
    "imageUrl": "https://shop.coles.com.au/wcsstore/Coles-CAS/images/1/2/6/1260084-th.jpg",
    "categories": ["pantry"],
    "tags": ["snacks", "potato-chips"],
    "locations": {
      "vic": {
        "price": 2.25,
        "promoText": "$2.25 ",
        "packageSize": "150g",
        "packagePrice": "$1.50 per 100G"
      }
    }
  },
  {
    "id": "pringles-potato-chips-original-2784127p",
    "brand": "Pringles",
    "name": "Original Salted Stacked Potato Chips",
    "imageUrl": "https://shop.coles.com.au/wcsstore/Coles-CAS/images/2/7/8/2784127-th.jpg",
    "categories": ["pantry"],
    "tags": ["snacks", "potato-chips"],
    "locations": {
      "vic": {
        "price": 1.9,
        "promoText": " ",
        "packageSize": "53g",
        "packagePrice": "$3.58 per 100G"
      }
    }
  },
  {
    "id": "pringles-minis-multi-pack-sour-cream-onion",
    "brand": "Pringles",
    "name": "Minis Sour Cream & Onion Potato Chips 5 pack",
    "imageUrl": "https://shop.coles.com.au/wcsstore/Coles-CAS/images/3/4/3/3434007-th.jpg",
    "categories": ["pantry"],
    "tags": ["snacks", "potato-chips"],
    "locations": {
      "vic": {
        "price": 3.2,
        "promoText": "Any 2 $5",
        "packageSize": "95g",
        "packagePrice": "$3.37 per 100G"
      }
    }
  },
  {
    "id": "pringles-minis-multi-pack-original",
    "brand": "Pringles",
    "name": "Minis Original Salted Potato Chips 5 pack",
    "imageUrl": "https://shop.coles.com.au/wcsstore/Coles-CAS/images/3/4/3/3433999-th.jpg",
    "categories": ["pantry"],
    "tags": ["snacks", "potato-chips"],
    "locations": {
      "vic": {
        "price": 3.2,
        "promoText": "Any 2 $5",
        "packageSize": "95g",
        "packagePrice": "$3.37 per 100G"
      }
    }
  },
  {
    "id": "red-rock-deli-honey-soy-chicken-party-bag",
    "brand": "Red Rock Deli",
    "name": "Honey Soy Chicken Party Bag Potato Chips",
    "imageUrl": "https://shop.coles.com.au/wcsstore/Coles-CAS/images/3/1/6/3168639-th.jpg",
    "categories": ["pantry"],
    "tags": ["snacks", "potato-chips"],
    "locations": {
      "vic": {
        "price": 7,
        "promoText": " ",
        "packageSize": "290g",
        "packagePrice": "$2.41 per 100G"
      }
    }
  },
  {
    "id": "red-rock-deli-deluxe-parmesan-truffle",
    "brand": "Red Rock Deli",
    "name": "Parmesan & Black Truffle Oil Deluxe Chips",
    "imageUrl": "https://shop.coles.com.au/wcsstore/Coles-CAS/images/3/5/6/3569108-th.jpg",
    "categories": ["pantry"],
    "tags": ["snacks", "potato-chips"],
    "locations": {
      "vic": {
        "price": 4.5,
        "promoText": "Any 2 $6",
        "packageSize": "135g",
        "packagePrice": "$3.33 per 100G"
      }
    }
  },
  {
    "id": "smiths-limited-edition-mac-n-cheese-potato-chips",
    "brand": "Smith's",
    "name": "Limited Edition Sizzling Beef Pepper Steak",
    "imageUrl": "https://shop.coles.com.au/wcsstore/Coles-CAS/images/3/1/5/3151625-th.jpg",
    "categories": ["pantry"],
    "tags": ["snacks", "potato-chips"],
    "locations": {
      "vic": {
        "price": 3.5,
        "promoText": "Any 2 $5",
        "packageSize": "150g",
        "packagePrice": "$2.33 per 100G"
      }
    }
  },
  {
    "id": "smiths-cheetos-puffs-party-bag",
    "brand": "Smith's",
    "name": "Cheetos Puffs Party Bag",
    "imageUrl": "https://shop.coles.com.au/wcsstore/Coles-CAS/images/3/1/5/3152446-th.jpg",
    "categories": ["pantry"],
    "tags": ["snacks", "potato-chips"],
    "locations": {
      "vic": {
        "price": 3,
        "promoText": " ",
        "packageSize": "165g",
        "packagePrice": "$1.82 per 100G"
      }
    }
  },
  {
    "id": "smiths-thinly-cut-potato-chips-roast-chicken",
    "brand": "Smith's",
    "name": "Sticky BBQ Ribs Thinly Cut Potato Chips",
    "imageUrl": "https://shop.coles.com.au/wcsstore/Coles-CAS/images/3/3/3/3333644-th.jpg",
    "categories": ["pantry"],
    "tags": ["snacks", "potato-chips"],
    "locations": {
      "vic": {
        "price": 2,
        "promoText": " ",
        "packageSize": "175g",
        "packagePrice": "$1.14 per 100G"
      }
    }
  },
  {
    "id": "twisties-party-bag-chicken-snacks",
    "brand": "Twisties",
    "name": "Chicken Snacks Party Bag",
    "imageUrl": "https://shop.coles.com.au/wcsstore/Coles-CAS/images/3/3/0/3302731-th.jpg",
    "categories": ["pantry"],
    "tags": ["snacks", "potato-chips"],
    "locations": {
      "vic": {
        "price": 3,
        "promoText": " ",
        "packageSize": "270g",
        "packagePrice": "$1.11 per 100G"
      }
    }
  },
  {
    "id": "coles-deli-style-honey-soy-chicken-potato-chips",
    "brand": "Coles",
    "name": "Deli Style Honey Soy Chicken Potato Chips",
    "imageUrl": "https://shop.coles.com.au/wcsstore/Coles-CAS/images/2/2/6/2267180-th.jpg",
    "categories": ["pantry"],
    "tags": ["snacks", "potato-chips"],
    "locations": {
      "vic": {
        "price": 2.5,
        "promoText": " ",
        "packageSize": "200g",
        "packagePrice": "$1.25 per 100G"
      }
    }
  },
  {
    "id": "coolpack-popcorn-original",
    "brand": "Cool Pak",
    "name": "Original Popcorn 16 Pack",
    "imageUrl": "https://shop.coles.com.au/wcsstore/Coles-CAS/images/3/5/6/3569120-th.jpg",
    "categories": ["pantry"],
    "tags": ["snacks", "potato-chips"],
    "locations": {
      "vic": {
        "price": 4,
        "promoText": "Was $4.60 on Aug 2019 ",
        "packageSize": "208g",
        "packagePrice": "$1.92 per 100G"
      }
    }
  },
  {
    "id": "pringles-barbeque-potato-chips",
    "brand": "Pringles",
    "name": "BBQ Stacked Potato Chips",
    "imageUrl": "https://shop.coles.com.au/wcsstore/Coles-CAS/images/2/7/8/2784070-th.jpg",
    "categories": ["pantry"],
    "tags": ["snacks", "potato-chips"],
    "locations": {
      "vic": {
        "price": 4,
        "promoText": " ",
        "packageSize": "134g",
        "packagePrice": "$2.99 per 100G"
      }
    }
  },
  {
    "id": "pringles-salt-vinegar-potato-chips",
    "brand": "Pringles",
    "name": "Salt & Vinegar Flavour Stacked Potato Chips",
    "imageUrl": "https://shop.coles.com.au/wcsstore/Coles-CAS/images/2/7/8/2784069-th.jpg",
    "categories": ["pantry"],
    "tags": ["snacks", "potato-chips"],
    "locations": {
      "vic": {
        "price": 4,
        "promoText": " ",
        "packageSize": "134g",
        "packagePrice": "$2.99 per 100G"
      }
    }
  },
  {
    "id": "coles-brand-potato-chips-crinkle-cut-chicken",
    "brand": "Coles",
    "name": "Chicken Crinkle Cut Chips",
    "imageUrl": "https://shop.coles.com.au/wcsstore/Coles-CAS/images/6/9/8/6989438-th.jpg",
    "categories": ["pantry"],
    "tags": ["snacks", "potato-chips"],
    "locations": {
      "vic": {
        "price": 1.6,
        "promoText": " ",
        "packageSize": "175g",
        "packagePrice": "$0.91 per 100G"
      }
    }
  },
  {
    "id": "french-fries-multi-pack",
    "brand": "French Fries",
    "name": "Potato Chips 12 pack",
    "imageUrl": "https://shop.coles.com.au/wcsstore/Coles-CAS/images/3/4/3/3433489-th.jpg",
    "categories": ["pantry"],
    "tags": ["snacks", "potato-chips"],
    "locations": {
      "vic": {
        "price": 5.2,
        "promoText": " ",
        "packageSize": "222g",
        "packagePrice": "$2.34 per 100G"
      }
    }
  },
  {
    "id": "jumpys-snacks-chicken-multipacks",
    "brand": "Jumpy's",
    "name": "Chicken Snacks Multipack 5 pack",
    "imageUrl": "https://shop.coles.com.au/wcsstore/Coles-CAS/images/9/1/3/9139462-th.jpg",
    "categories": ["pantry"],
    "tags": ["snacks", "potato-chips"],
    "locations": {
      "vic": {
        "price": 3.35,
        "promoText": "Any 2 $5",
        "packageSize": "90g",
        "packagePrice": "$3.72 per 100G"
      }
    }
  },
  {
    "id": "kettle-chunky-potato-chips-smokey-bbq-ribs",
    "brand": "Kettle Chunky Chips",
    "name": "Flamed Steak",
    "imageUrl": "https://shop.coles.com.au/wcsstore/Coles-CAS/images/1/2/6/1260095-th.jpg",
    "categories": ["pantry"],
    "tags": ["snacks", "potato-chips"],
    "locations": {
      "vic": {
        "price": 2.25,
        "promoText": "$2.25 ",
        "packageSize": "150g",
        "packagePrice": "$1.50 per 100G"
      }
    }
  },
  {
    "id": "majans-infuzions-prawn-crackers-multipack",
    "brand": "Majans",
    "name": "Infuzions Veggie Straws Multipack 5x15g",
    "imageUrl": "https://shop.coles.com.au/wcsstore/Coles-CAS/images/3/1/5/3151308-th.jpg",
    "categories": ["pantry"],
    "tags": ["snacks", "potato-chips"],
    "locations": {
      "vic": {
        "price": 3.2,
        "promoText": "Any 2 $5",
        "packageSize": "75g",
        "packagePrice": "$4.27 per 100G"
      }
    }
  },
  {
    "id": "natural-chip-co-cheddar-caramelised-onion",
    "brand": "Natural Chip Co.",
    "name": "Chilli Lime Potato Chips",
    "imageUrl": "https://shop.coles.com.au/wcsstore/Coles-CAS/images/3/1/6/3168504-th.jpg",
    "categories": ["pantry"],
    "tags": ["snacks", "potato-chips"],
    "locations": {
      "vic": {
        "price": 3.5,
        "promoText": "Any 2 $5",
        "packageSize": "175g",
        "packagePrice": "$2.00 per 100G"
      }
    }
  },
  {
    "id": "smiths-potato-chips-thin-sliced-sour-cream-onion",
    "brand": "Smith's",
    "name": "Sour Cream & Onion Thinly Cut Potato Chips",
    "imageUrl": "https://shop.coles.com.au/wcsstore/Coles-CAS/images/5/7/0/5706276-th.jpg",
    "categories": ["pantry"],
    "tags": ["snacks", "potato-chips"],
    "locations": {
      "vic": {
        "price": 2,
        "promoText": "Was $3.30 on May 2018 ",
        "packageSize": "175g",
        "packagePrice": "$1.14 per 100G"
      }
    }
  },
  {
    "id": "top-20-potato-chips-variety-20-pack",
    "brand": "Top 20",
    "name": "Variety Potato Chips 20 pack",
    "imageUrl": "https://shop.coles.com.au/wcsstore/Coles-CAS/images/4/8/4/4843850-th.jpg",
    "categories": ["pantry"],
    "tags": ["snacks", "potato-chips"],
    "locations": {
      "vic": {
        "price": 5.5,
        "promoText": "Was $6.92 on May 2017 ",
        "packageSize": "375g",
        "packagePrice": "$1.47 per 100G"
      }
    }
  },
  {
    "id": "arnotts-multipack-8-pack-cracker-chips-seasalt",
    "brand": "Arnott's",
    "name": "Sea Salt Cracker Chips 7 pack",
    "imageUrl": "https://shop.coles.com.au/wcsstore/Coles-CAS/images/3/4/6/3468133-th.jpg",
    "categories": ["pantry"],
    "tags": ["snacks", "potato-chips"],
    "locations": {
      "vic": {
        "price": 4.2,
        "promoText": " ",
        "packageSize": "126g",
        "packagePrice": "$3.33 per 100G"
      }
    }
  },
  {
    "id": "bhuja-chips-mix-butter-chicken",
    "brand": "Bhuja Chip Mix",
    "name": "Butter Chicken",
    "imageUrl": "https://shop.coles.com.au/wcsstore/Coles-CAS/images/3/4/3/3433616-th.jpg",
    "categories": ["pantry"],
    "tags": ["snacks", "potato-chips"],
    "locations": {
      "vic": {
        "price": 3.5,
        "promoText": " ",
        "packageSize": "100g",
        "packagePrice": "$3.50 per 100G"
      }
    }
  },
  {
    "id": "cheetos-puffs-flaming-hot",
    "brand": "Cheetos",
    "name": "Flaming Hot Puffs",
    "imageUrl": "https://shop.coles.com.au/wcsstore/Coles-CAS/images/3/5/6/3569119-th.jpg",
    "categories": ["pantry"],
    "tags": ["snacks", "potato-chips"],
    "locations": {
      "vic": {
        "price": 3,
        "promoText": " ",
        "packageSize": "150g",
        "packagePrice": "$2.00 per 100G"
      }
    }
  },
  {
    "id": "coolpack-popcorn-butter-6-pack",
    "brand": "Cool Pak",
    "name": "Butter Flavoured Popcorn 6 Pack",
    "imageUrl": "https://shop.coles.com.au/wcsstore/Coles-CAS/images/3/5/6/3569141-th.jpg",
    "categories": ["pantry"],
    "tags": ["snacks", "potato-chips"],
    "locations": {
      "vic": {
        "price": 3.14,
        "promoText": "Any 2 $5",
        "packageSize": "66g",
        "packagePrice": "$4.76 per 100G"
      }
    }
  },
  {
    "id": "thins-potato-chips-multi-pack",
    "brand": "Thins",
    "name": "Multi Flavour Potato Chips 12 pack",
    "imageUrl": "https://shop.coles.com.au/wcsstore/Coles-CAS/images/3/4/3/3433490-th.jpg",
    "categories": ["pantry"],
    "tags": ["snacks", "potato-chips"],
    "locations": {
      "vic": {
        "price": 5.2,
        "promoText": " ",
        "packageSize": "228g",
        "packagePrice": "$2.28 per 100G"
      }
    }
  },
  {
    "id": "coles-deli-style-sea-salt-potato-chips",
    "brand": "Coles",
    "name": "Deli Style Natural Sea Salt Potato Chips",
    "imageUrl": "https://shop.coles.com.au/wcsstore/Coles-CAS/images/2/2/6/2267191-th.jpg",
    "categories": ["pantry"],
    "tags": ["snacks", "potato-chips"],
    "locations": {
      "vic": {
        "price": 2.5,
        "promoText": " ",
        "packageSize": "200g",
        "packagePrice": "$1.25 per 100G"
      }
    }
  },
  {
    "id": "pringles-southern-fried-chicken-flavour-potato-chips",
    "brand": "Pringles",
    "name": "Chicken Schnitty Flavour Potato Chips",
    "imageUrl": "https://shop.coles.com.au/wcsstore/Coles-CAS/images/2/7/8/2784080-th.jpg",
    "categories": ["pantry"],
    "tags": ["snacks", "potato-chips"],
    "locations": {
      "vic": {
        "price": 4,
        "promoText": " ",
        "packageSize": "134g",
        "packagePrice": "$2.99 per 100G"
      }
    }
  },
  {
    "id": "smiths-crinkle-potato-chips-sth-fried-chicken",
    "brand": "Smith's",
    "name": "Teriyaki Chicken Flavour Potato Chips",
    "imageUrl": "https://shop.coles.com.au/wcsstore/Coles-CAS/images/3/5/6/3566846-th.jpg",
    "categories": ["pantry"],
    "tags": ["snacks", "potato-chips"],
    "locations": {
      "vic": {
        "price": 3.5,
        "promoText": "Any 2 $5",
        "packageSize": "150g",
        "packagePrice": "$2.33 per 100G"
      }
    }
  },
  {
    "id": "coles-deli-assorted-multipack-chips-15-pack",
    "brand": "Coles",
    "name": "Assorted Deli Style Potato Chips 15 Pack",
    "imageUrl": "https://shop.coles.com.au/wcsstore/Coles-CAS/images/2/6/9/2690828-th.jpg",
    "categories": ["pantry"],
    "tags": ["snacks", "potato-chips"],
    "locations": {
      "vic": {
        "price": 5.5,
        "promoText": " ",
        "packageSize": "278g",
        "packagePrice": "$1.98 per 100G"
      }
    }
  },
  {
    "id": "kettle-sensations-popcorn-peanut-caramel",
    "brand": "Kettle",
    "name": "Sensations Peanut & Caramel Popcorn",
    "imageUrl": "https://shop.coles.com.au/wcsstore/Coles-CAS/images/3/5/7/3574072-th.jpg",
    "categories": ["pantry"],
    "tags": ["snacks", "potato-chips"],
    "locations": {
      "vic": {
        "price": 3.5,
        "promoText": "$1.00 ",
        "packageSize": "100g",
        "packagePrice": "$3.50 per 100G"
      }
    }
  },
  {
    "id": "mash-ups-chese-",
    "brand": "Mash Ups",
    "name": "Cheese",
    "imageUrl": "https://shop.coles.com.au/wcsstore/Coles-CAS/images/3/7/0/3706730-th.jpg",
    "categories": ["pantry"],
    "tags": ["snacks", "potato-chips"],
    "locations": {
      "vic": {
        "price": 3,
        "promoText": "Was $4.00 on Feb 2020 ",
        "packageSize": "150g",
        "packagePrice": "$2.00 per 100G"
      }
    }
  },
  {
    "id": "red-rock-deli-multipack-swt-chilli--sour-crm-5pk",
    "brand": "Red Rock Deli",
    "name": "Multipack Sweet Chilli & Sour Cream 5 pack",
    "imageUrl": "https://shop.coles.com.au/wcsstore/Coles-CAS/images/3/1/5/3152402-th.jpg",
    "categories": ["pantry"],
    "tags": ["snacks", "potato-chips"],
    "locations": {
      "vic": {
        "price": 4.65,
        "promoText": "Any 2 $7",
        "packageSize": "140g",
        "packagePrice": "$3.32 per 100G"
      }
    }
  },
  {
    "id": "red-rock-deli-dlxe-chilli-roast-garlic-lemon",
    "brand": "Red Rock Deli",
    "name": "Chilli Roast Garlic & Lemon Oil Deluxe Chips",
    "imageUrl": "https://shop.coles.com.au/wcsstore/Coles-CAS/images/3/5/6/3569094-th.jpg",
    "categories": ["pantry"],
    "tags": ["snacks", "potato-chips"],
    "locations": {
      "vic": {
        "price": 4.5,
        "promoText": "Any 2 $6",
        "packageSize": "135g",
        "packagePrice": "$3.33 per 100G"
      }
    }
  },
  {
    "id": "red-rock-deli-multipack-honey-soy-chicken-5pk",
    "brand": "Red Rock Deli Multipack",
    "name": "Honey Soy Chicken 5pk",
    "imageUrl": "https://shop.coles.com.au/wcsstore/Coles-CAS/images/3/1/5/3152413-th.jpg",
    "categories": ["pantry"],
    "tags": ["snacks", "potato-chips"],
    "locations": {
      "vic": {
        "price": 4.65,
        "promoText": "Any 2 $7",
        "packageSize": "140g",
        "packagePrice": "$3.32 per 100G"
      }
    }
  },
  {
    "id": "ccs-tasty-cheese-corn-chips",
    "brand": "CC's",
    "name": "Tasty Cheese Corn Chips",
    "imageUrl": "https://shop.coles.com.au/wcsstore/Coles-CAS/images/1/7/9/1795365-th.jpg",
    "categories": ["pantry"],
    "tags": ["snacks", "corn-chips-salsa"],
    "locations": {
      "vic": {
        "price": 3.5,
        "promoText": " ",
        "packageSize": "175g",
        "packagePrice": "$2.00 per 100G"
      }
    }
  },
  {
    "id": "ccs-original-corn-chips",
    "brand": "CC's",
    "name": "Original Corn Chips",
    "imageUrl": "https://shop.coles.com.au/wcsstore/Coles-CAS/images/1/7/9/1795354-th.jpg",
    "categories": ["pantry"],
    "tags": ["snacks", "corn-chips-salsa"],
    "locations": {
      "vic": {
        "price": 3.5,
        "promoText": " ",
        "packageSize": "175g",
        "packagePrice": "$2.00 per 100G"
      }
    }
  },
  {
    "id": "ccs-nacho-cheese-corn-chips",
    "brand": "CC's",
    "name": "Nacho Cheese Corn Chips",
    "imageUrl": "https://shop.coles.com.au/wcsstore/Coles-CAS/images/1/7/9/1795376-th.jpg",
    "categories": ["pantry"],
    "tags": ["snacks", "corn-chips-salsa"],
    "locations": {
      "vic": {
        "price": 3.5,
        "promoText": " ",
        "packageSize": "175g",
        "packagePrice": "$2.00 per 100G"
      }
    }
  },
  {
    "id": "doritos-cheese-supreme-corn-chips-2358333p",
    "brand": "Doritos",
    "name": "Cheese Supreme Corn Chips",
    "imageUrl": "https://shop.coles.com.au/wcsstore/Coles-CAS/images/2/3/5/2358333-th.jpg",
    "categories": ["pantry"],
    "tags": ["snacks", "corn-chips-salsa"],
    "locations": {
      "vic": {
        "price": 1.75,
        "promoText": "$1.75 ",
        "packageSize": "170g",
        "packagePrice": "$1.03 per 100G"
      }
    }
  },
  {
    "id": "mountain-dew-soft-drink-no-sugar",
    "brand": "Mountain Dew",
    "name": "Soft Drink No Sugar",
    "imageUrl": "https://shop.coles.com.au/wcsstore/Coles-CAS/images/3/7/5/3752556-th.jpg",
    "categories": ["pantry"],
    "tags": ["snacks", "corn-chips-salsa"],
    "locations": {
      "vic": {
        "price": 1.7,
        "promoText": "$0.50 ",
        "packageSize": "1.25L",
        "packagePrice": "$1.36 per 1L"
      }
    }
  },
  {
    "id": "doritos-original-corn-chips",
    "brand": "Doritos",
    "name": "Original Corn Chips",
    "imageUrl": "https://shop.coles.com.au/wcsstore/Coles-CAS/images/2/3/5/2358355-th.jpg",
    "categories": ["pantry"],
    "tags": ["snacks", "corn-chips-salsa"],
    "locations": {
      "vic": {
        "price": 1.75,
        "promoText": "$1.75 ",
        "packageSize": "170g",
        "packagePrice": "$1.03 per 100G"
      }
    }
  },
  {
    "id": "doritos-dip-salsa-mild",
    "brand": "Doritos",
    "name": "Mild Salsa",
    "imageUrl": "https://shop.coles.com.au/wcsstore/Coles-CAS/images/8/4/8/8486449-th.jpg",
    "categories": ["pantry"],
    "tags": ["snacks", "corn-chips-salsa"],
    "locations": {
      "vic": {
        "price": 2.5,
        "promoText": "Was $3.00 on Jan 2016 ",
        "packageSize": "300g",
        "packagePrice": "$0.83 per 100G"
      }
    }
  },
  {
    "id": "doritos-nacho-cheese-corn-chips-2358344p",
    "brand": "Doritos",
    "name": "Nacho Cheese Corn Chips",
    "imageUrl": "https://shop.coles.com.au/wcsstore/Coles-CAS/images/2/3/5/2358344-th.jpg",
    "categories": ["pantry"],
    "tags": ["snacks", "corn-chips-salsa"],
    "locations": {
      "vic": {
        "price": 1.75,
        "promoText": "$1.75 ",
        "packageSize": "170g",
        "packagePrice": "$1.03 per 100G"
      }
    }
  },
  {
    "id": "coles-corn-chips-original",
    "brand": "Coles",
    "name": "Original Corn Chips",
    "imageUrl": "https://shop.coles.com.au/wcsstore/Coles-CAS/images/6/9/9/6993038-th.jpg",
    "categories": ["pantry"],
    "tags": ["snacks", "corn-chips-salsa"],
    "locations": {
      "vic": {
        "price": 1.9,
        "promoText": " ",
        "packageSize": "200g",
        "packagePrice": "$0.95 per 100G"
      }
    }
  },
  {
    "id": "coles-salsa-mild",
    "brand": "Coles",
    "name": "Tomato Salsa Mild",
    "imageUrl": "https://shop.coles.com.au/wcsstore/Coles-CAS/images/5/8/5/5859834-th.jpg",
    "categories": ["pantry"],
    "tags": ["snacks", "corn-chips-salsa"],
    "locations": {
      "vic": {
        "price": 1.5,
        "promoText": " ",
        "packageSize": "300g",
        "packagePrice": "$0.50 per 100G"
      }
    }
  },
  {
    "id": "doritos-dip-salsa-medium",
    "brand": "Doritos",
    "name": "Medium Salsa",
    "imageUrl": "https://shop.coles.com.au/wcsstore/Coles-CAS/images/8/4/8/8483189-th.jpg",
    "categories": ["pantry"],
    "tags": ["snacks", "corn-chips-salsa"],
    "locations": {
      "vic": {
        "price": 2.5,
        "promoText": "Was $3.00 on Jan 2016 ",
        "packageSize": "300g",
        "packagePrice": "$0.83 per 100G"
      }
    }
  },
  {
    "id": "natural-chip-co-corn-chips-sea-salt",
    "brand": "Natural Chip Co.",
    "name": "Sea Salt Tortilla Strips",
    "imageUrl": "https://shop.coles.com.au/wcsstore/Coles-CAS/images/3/5/7/3574108-th.jpg",
    "categories": ["pantry"],
    "tags": ["snacks", "corn-chips-salsa"],
    "locations": {
      "vic": {
        "price": 3.5,
        "promoText": "Any 2 $6",
        "packageSize": "175g",
        "packagePrice": "$2.00 per 100G"
      }
    }
  },
  {
    "id": "doritos-late-night-corn-chips-taco",
    "brand": "Doritos",
    "name": "Buffalo Wings",
    "imageUrl": "https://shop.coles.com.au/wcsstore/Coles-CAS/images/2/8/7/2872519-th.jpg",
    "categories": ["pantry"],
    "tags": ["snacks", "corn-chips-salsa"],
    "locations": {
      "vic": {
        "price": 1.75,
        "promoText": "$1.75 ",
        "packageSize": "150g",
        "packagePrice": "$1.17 per 100G"
      }
    }
  },
  {
    "id": "doritos-dip-salsa-hot",
    "brand": "Doritos",
    "name": "Hot Salsa",
    "imageUrl": "https://shop.coles.com.au/wcsstore/Coles-CAS/images/8/4/8/8486019-th.jpg",
    "categories": ["pantry"],
    "tags": ["snacks", "corn-chips-salsa"],
    "locations": {
      "vic": {
        "price": 2.5,
        "promoText": "Was $3.00 on Jan 2016 ",
        "packageSize": "300g",
        "packagePrice": "$0.83 per 100G"
      }
    }
  },
  {
    "id": "natural-chip-co-corn-chips-sour-cream-chives",
    "brand": "The Natural Chip Co.",
    "name": "Sour Cream & Chives Tortilla Strips",
    "imageUrl": "https://shop.coles.com.au/wcsstore/Coles-CAS/images/3/5/7/3574119-th.jpg",
    "categories": ["pantry"],
    "tags": ["snacks", "corn-chips-salsa"],
    "locations": {
      "vic": {
        "price": 3.5,
        "promoText": "Any 2 $6",
        "packageSize": "175g",
        "packagePrice": "$2.00 per 100G"
      }
    }
  },
  {
    "id": "doritos-cheese-supreme-corn-chips-3568331p",
    "brand": "Doritos",
    "name": "Cheese Supreme Corn Chips",
    "imageUrl": "https://shop.coles.com.au/wcsstore/Coles-CAS/images/3/5/6/3568331-th.jpg",
    "categories": ["pantry"],
    "tags": ["snacks", "corn-chips-salsa"],
    "locations": {
      "vic": {
        "price": 7,
        "promoText": " ",
        "packageSize": "380g",
        "packagePrice": "$1.84 per 100G"
      }
    }
  },
  {
    "id": "red-rock-deli-tortilla-chips-aust-crshd-sea-salt",
    "brand": "Red Rock Deli",
    "name": "Creamy Feta Avocado & Lime Tortilla Chips",
    "imageUrl": "https://shop.coles.com.au/wcsstore/Coles-CAS/images/3/3/1/3312928-th.jpg",
    "categories": ["pantry"],
    "tags": ["snacks", "corn-chips-salsa"],
    "locations": {
      "vic": {
        "price": 3,
        "promoText": "$1.65 ",
        "packageSize": "165g",
        "packagePrice": "$1.82 per 100G"
      }
    }
  },
  {
    "id": "coles-corn-chips-cheese-supreme",
    "brand": "Coles",
    "name": "Cheese Supreme Corn Chips",
    "imageUrl": "https://shop.coles.com.au/wcsstore/Coles-CAS/images/6/9/9/6992556-th.jpg",
    "categories": ["pantry"],
    "tags": ["snacks", "corn-chips-salsa"],
    "locations": {
      "vic": {
        "price": 1.9,
        "promoText": " ",
        "packageSize": "200g",
        "packagePrice": "$0.95 per 100G"
      }
    }
  },
  {
    "id": "doritos-wasabi-corn-chips",
    "brand": "Doritos",
    "name": "Cheese Burger Corn Chips",
    "imageUrl": "https://shop.coles.com.au/wcsstore/Coles-CAS/images/3/5/6/3568310-th.jpg",
    "categories": ["pantry"],
    "tags": ["snacks", "corn-chips-salsa"],
    "locations": {
      "vic": {
        "price": 1.75,
        "promoText": "$1.75 ",
        "packageSize": "150g",
        "packagePrice": "$1.17 per 100G"
      }
    }
  },
  {
    "id": "doritos-corn-chips-wonder-woman",
    "brand": "Doritos",
    "name": "Wonder Woman Corn Chips",
    "imageUrl": "https://shop.coles.com.au/wcsstore/Coles-CAS/images/3/7/8/3789013-th.jpg",
    "categories": ["pantry"],
    "tags": ["snacks", "corn-chips-salsa"],
    "locations": {
      "vic": {
        "price": 3.5,
        "promoText": " ",
        "packageSize": "150g",
        "packagePrice": "$2.33 per 100G"
      }
    }
  },
  {
    "id": "picky-picky-peanuts-sweet-chilli-lime-flavoured",
    "brand": "Picky Picky Peanuts",
    "name": "Sweet Chilli & Lime Flavoured",
    "imageUrl": "https://shop.coles.com.au/wcsstore/Coles-CAS/images/3/5/7/3571143-th.jpg",
    "categories": ["pantry"],
    "tags": ["snacks", "corn-chips-salsa"],
    "locations": {
      "vic": {
        "price": 2.25,
        "promoText": "$2.25 ",
        "packageSize": "200g",
        "packagePrice": "$1.13 per 100G"
      }
    }
  },
  {
    "id": "picky-picky-peanuts-savoury-honey-roasted",
    "brand": "Picky Picky Peanuts",
    "name": "Sea Salt & Pepper",
    "imageUrl": "https://shop.coles.com.au/wcsstore/Coles-CAS/images/3/5/7/3571121-th.jpg",
    "categories": ["pantry"],
    "tags": ["snacks", "corn-chips-salsa"],
    "locations": {
      "vic": {
        "price": 2.25,
        "promoText": "$2.25 ",
        "packageSize": "200g",
        "packagePrice": "$11.25 per 1Kg"
      }
    }
  },
  {
    "id": "red-rock-deli-tortilla-chips-tomato-relish",
    "brand": "Red Rock Deli",
    "name": "Tomato Relish Tortilla Chips",
    "imageUrl": "https://shop.coles.com.au/wcsstore/Coles-CAS/images/3/7/9/3797361-th.jpg",
    "categories": ["pantry"],
    "tags": ["snacks", "corn-chips-salsa"],
    "locations": {
      "vic": {
        "price": 3,
        "promoText": "$1.65 ",
        "packageSize": "165g",
        "packagePrice": "$1.82 per 100G"
      }
    }
  },
  {
    "id": "ccs-tangy-salsa-corn-chips",
    "brand": "Cc's",
    "name": "Tex Mex Spices Corn Chips",
    "imageUrl": "https://shop.coles.com.au/wcsstore/Coles-CAS/images/1/7/9/1795387-th.jpg",
    "categories": ["pantry"],
    "tags": ["snacks", "corn-chips-salsa"],
    "locations": {
      "vic": {
        "price": 3.5,
        "promoText": " ",
        "packageSize": "175g",
        "packagePrice": "$2.00 per 100G"
      }
    }
  },
  {
    "id": "doritos-salsa-nacho-cheese",
    "brand": "Doritos",
    "name": "Nacho Cheese Salsa",
    "imageUrl": "https://shop.coles.com.au/wcsstore/Coles-CAS/images/3/5/7/3574130-th.jpg",
    "categories": ["pantry"],
    "tags": ["snacks", "corn-chips-salsa"],
    "locations": {
      "vic": {
        "price": 2.5,
        "promoText": " ",
        "packageSize": "300g",
        "packagePrice": "$0.83 per 100G"
      }
    }
  },
  {
    "id": "red-rock-deli-tortilla-chips-parmesan-onion",
    "brand": "Red Rock Deli",
    "name": "Parmesan & Caramelised Onion Tortilla Chips",
    "imageUrl": "https://shop.coles.com.au/wcsstore/Coles-CAS/images/3/3/1/3312950-th.jpg",
    "categories": ["pantry"],
    "tags": ["snacks", "corn-chips-salsa"],
    "locations": {
      "vic": {
        "price": 3,
        "promoText": "$1.65 ",
        "packageSize": "165g",
        "packagePrice": "$1.82 per 100G"
      }
    }
  },
  {
    "id": "doritos-cool-ranch-corn-chips",
    "brand": "Doritos",
    "name": "Cool Ranch Corn Chips",
    "imageUrl": "https://shop.coles.com.au/wcsstore/Coles-CAS/images/2/0/0/2004239-th.jpg",
    "categories": ["pantry"],
    "tags": ["snacks", "corn-chips-salsa"],
    "locations": {
      "vic": {
        "price": 3.5,
        "promoText": " ",
        "packageSize": "170g",
        "packagePrice": "$2.06 per 100G"
      }
    }
  },
  {
    "id": "doritos-sweet-potato-chipotle-lime-salsa",
    "brand": "Doritos",
    "name": "Sweetcorn Chipotle & Lime Salsa Medium",
    "imageUrl": "https://shop.coles.com.au/wcsstore/Coles-CAS/images/3/4/3/3433081-th.jpg",
    "categories": ["pantry"],
    "tags": ["snacks", "corn-chips-salsa"],
    "locations": {
      "vic": {
        "price": 2.5,
        "promoText": "Was $3.20 on Feb 2019 ",
        "packageSize": "300g",
        "packagePrice": "$0.83 per 100G"
      }
    }
  },
  {
    "id": "picky-picky-peanuts-vegemite-aussie-nuts",
    "brand": "Picky Picky Peanuts",
    "name": "Arnott's BBQ Shapes",
    "imageUrl": "https://shop.coles.com.au/wcsstore/Coles-CAS/images/3/5/7/3571154-th.jpg",
    "categories": ["pantry"],
    "tags": ["snacks", "corn-chips-salsa"],
    "locations": {
      "vic": {
        "price": 2.25,
        "promoText": "$2.25 ",
        "packageSize": "200g",
        "packagePrice": "$11.25 per 1Kg"
      }
    }
  },
  {
    "id": "cobs-classic-sea-salt-natural-popcorn",
    "brand": "Cobs",
    "name": "Classic Sea Salt Natural Popcorn",
    "imageUrl": "https://shop.coles.com.au/wcsstore/Coles-CAS/images/6/7/7/6772593-th.jpg",
    "categories": ["pantry"],
    "tags": ["snacks", "popcorn"],
    "locations": {
      "vic": {
        "price": 2.85,
        "promoText": " ",
        "packageSize": "80g",
        "packagePrice": "$3.56 per 100G"
      }
    }
  },
  {
    "id": "cobs-popcorn-sweet-gluten-free",
    "brand": "Cobs",
    "name": "Gluten Free Sweet Popcorn",
    "imageUrl": "https://shop.coles.com.au/wcsstore/Coles-CAS/images/6/7/7/6772389-th.jpg",
    "categories": ["pantry"],
    "tags": ["snacks", "popcorn"],
    "locations": {
      "vic": {
        "price": 2.85,
        "promoText": " ",
        "packageSize": "120g",
        "packagePrice": "$2.38 per 100G"
      }
    }
  },
  {
    "id": "cobs-cheddar-cheese-popcorn",
    "brand": "Cobs",
    "name": "Cheddar Cheese Popcorn",
    "imageUrl": "https://shop.coles.com.au/wcsstore/Coles-CAS/images/9/2/7/9278979-th.jpg",
    "categories": ["pantry"],
    "tags": ["snacks", "popcorn"],
    "locations": {
      "vic": {
        "price": 2.85,
        "promoText": " ",
        "packageSize": "100g",
        "packagePrice": "$2.85 per 100G"
      }
    }
  },
  {
    "id": "cobs-natural-best-ever-butter-popcorn",
    "brand": "Cobs",
    "name": "Natural Butter Popcorn",
    "imageUrl": "https://shop.coles.com.au/wcsstore/Coles-CAS/images/3/4/3/3434856-th.jpg",
    "categories": ["pantry"],
    "tags": ["snacks", "popcorn"],
    "locations": {
      "vic": {
        "price": 2.85,
        "promoText": " ",
        "packageSize": "100g",
        "packagePrice": "$2.85 per 100G"
      }
    }
  },
  {
    "id": "coles--microwave-salted-popcorn",
    "brand": "Coles",
    "name": "Lightly Salted Microwave Popcorn",
    "imageUrl": "https://shop.coles.com.au/wcsstore/Coles-CAS/images/2/6/6/2663075-th.jpg",
    "categories": ["pantry"],
    "tags": ["snacks", "popcorn"],
    "locations": {
      "vic": {
        "price": 0.95,
        "promoText": " ",
        "packageSize": "80g",
        "packagePrice": "$1.19 per 100G"
      }
    }
  },
  {
    "id": "greens-poppin-popcorn-butter-microwave",
    "brand": "Poppin",
    "name": "Butter Microwave Popcorn",
    "imageUrl": "https://shop.coles.com.au/wcsstore/Coles-CAS/images/8/9/9/8997153-th.jpg",
    "categories": ["pantry"],
    "tags": ["snacks", "popcorn"],
    "locations": {
      "vic": {
        "price": 5.55,
        "promoText": " ",
        "packageSize": "400g",
        "packagePrice": "$1.39 per 100G"
      }
    }
  },
  {
    "id": "riviana-popping-corn",
    "brand": "Riviana",
    "name": "Popping Corn",
    "imageUrl": "https://shop.coles.com.au/wcsstore/Coles-CAS/images/2/1/2/2129595-th.jpg",
    "categories": ["pantry"],
    "tags": ["snacks", "popcorn"],
    "locations": {
      "vic": {
        "price": 1.95,
        "promoText": " ",
        "packageSize": "400g",
        "packagePrice": "$0.49 per 100G"
      }
    }
  },
  {
    "id": "coles-popcorn-microwave-butter",
    "brand": "Coles",
    "name": "Butter Flavour Microwave Popcorn",
    "imageUrl": "https://shop.coles.com.au/wcsstore/Coles-CAS/images/5/2/0/5207844-th.jpg",
    "categories": ["pantry"],
    "tags": ["snacks", "popcorn"],
    "locations": {
      "vic": {
        "price": 0.95,
        "promoText": " ",
        "packageSize": "100g",
        "packagePrice": "$0.95 per 100G"
      }
    }
  },
  {
    "id": "grain-waves-sour-cream-chives",
    "brand": "Grain Waves",
    "name": "Sour Cream & Chives",
    "imageUrl": "https://shop.coles.com.au/wcsstore/Coles-CAS/images/3/7/0/3706741-th.jpg",
    "categories": ["pantry"],
    "tags": ["snacks", "popcorn"],
    "locations": {
      "vic": {
        "price": 3.5,
        "promoText": " ",
        "packageSize": "170g",
        "packagePrice": "$2.06 per 100G"
      }
    }
  },
  {
    "id": "greens-popcorn-poppin-microwave-triple-butter-flavour-explosion",
    "brand": "Poppin",
    "name": "Explosion Triple Butter Popcorn",
    "imageUrl": "https://shop.coles.com.au/wcsstore/Coles-CAS/images/5/7/2/5720743-th.jpg",
    "categories": ["pantry"],
    "tags": ["snacks", "popcorn"],
    "locations": {
      "vic": {
        "price": 1.75,
        "promoText": " ",
        "packageSize": "100g",
        "packagePrice": "$1.75 per 100G"
      }
    }
  },
  {
    "id": "greens-popcorn-poppin-microwave-butter-flavour",
    "brand": "Poppin",
    "name": "Butter Microwave Popcorn",
    "imageUrl": "https://shop.coles.com.au/wcsstore/Coles-CAS/images/1/5/3/153941-th.jpg",
    "categories": ["pantry"],
    "tags": ["snacks", "popcorn"],
    "locations": {
      "vic": {
        "price": 1.75,
        "promoText": " ",
        "packageSize": "100g",
        "packagePrice": "$1.75 per 100G"
      }
    }
  },
  {
    "id": "poppin-microwave-popcorn-triple-butter",
    "brand": "Poppin",
    "name": "Triple Butter Microwave Popcorn",
    "imageUrl": "https://shop.coles.com.au/wcsstore/Coles-CAS/images/8/2/1/8213796-th.jpg",
    "categories": ["pantry"],
    "tags": ["snacks", "popcorn"],
    "locations": {
      "vic": {
        "price": 5.55,
        "promoText": " ",
        "packageSize": "400g",
        "packagePrice": "$1.39 per 100G"
      }
    }
  },
  {
    "id": "coles-popcorn-sweet-salty",
    "brand": "Coles",
    "name": "Sweet & Salty Popcorn",
    "imageUrl": "https://shop.coles.com.au/wcsstore/Coles-CAS/images/3/1/5/3150780-th.jpg",
    "categories": ["pantry"],
    "tags": ["snacks", "popcorn"],
    "locations": {
      "vic": {
        "price": 2.1,
        "promoText": " ",
        "packageSize": "120g",
        "packagePrice": "$1.75 per 100G"
      }
    }
  },
  {
    "id": "majans-infusions-prawn-crackers",
    "brand": "Majans",
    "name": "Infuzions Prawn Crackers BBQ Ribs",
    "imageUrl": "https://shop.coles.com.au/wcsstore/Coles-CAS/images/3/0/8/3084583-th.jpg",
    "categories": ["pantry"],
    "tags": ["snacks", "popcorn"],
    "locations": {
      "vic": {
        "price": 2,
        "promoText": "$1.50 ",
        "packageSize": "110g",
        "packagePrice": "$1.82 per 100G"
      }
    }
  },
  {
    "id": "grain-waves-swet-chilli",
    "brand": "Grain Waves",
    "name": "Sweet Chilli",
    "imageUrl": "https://shop.coles.com.au/wcsstore/Coles-CAS/images/3/7/0/3706763-th.jpg",
    "categories": ["pantry"],
    "tags": ["snacks", "popcorn"],
    "locations": {
      "vic": {
        "price": 3.5,
        "promoText": " ",
        "packageSize": "170g",
        "packagePrice": "$2.06 per 100G"
      }
    }
  },
  {
    "id": "majans-infusions-3084608p",
    "brand": "Infuzions",
    "name": "Veggie Straws Sour Cream & Herb Flavour",
    "imageUrl": "https://shop.coles.com.au/wcsstore/Coles-CAS/images/3/0/8/3084608-th.jpg",
    "categories": ["pantry"],
    "tags": ["snacks", "popcorn"],
    "locations": {
      "vic": {
        "price": 2,
        "promoText": "$1.50 ",
        "packageSize": "110g",
        "packagePrice": "$1.82 per 100G"
      }
    }
  },
  {
    "id": "majans-chippeas-special-chicken-salt",
    "brand": "Majans",
    "name": "Chippeas Special Chicken Salt Flavour Chips",
    "imageUrl": "https://shop.coles.com.au/wcsstore/Coles-CAS/images/3/6/4/3642004-th.jpg",
    "categories": ["pantry"],
    "tags": ["snacks", "popcorn"],
    "locations": {
      "vic": {
        "price": 3.5,
        "promoText": "Any 2 $4",
        "packageSize": "100g",
        "packagePrice": "$3.50 per 100G"
      }
    }
  },
  {
    "id": "natural-chip-co-chips-chilli-lime",
    "brand": "Natural Chip Co Chips",
    "name": "Lentil Craves Sweet Chilli & Sour Cream",
    "imageUrl": "https://shop.coles.com.au/wcsstore/Coles-CAS/images/3/7/2/3723300-th.jpg",
    "categories": ["pantry"],
    "tags": ["snacks", "popcorn"],
    "locations": {
      "vic": {
        "price": 3.5,
        "promoText": "Any 2 $5",
        "packageSize": "100g",
        "packagePrice": "$3.50 per 100G"
      }
    }
  },
  {
    "id": "natural-chip-co-corn-chips-lime-chilli",
    "brand": "Natural Chip Co.",
    "name": "Lime & Chilli Tortilla Strips",
    "imageUrl": "https://shop.coles.com.au/wcsstore/Coles-CAS/images/3/5/7/3574120-th.jpg",
    "categories": ["pantry"],
    "tags": ["snacks", "popcorn"],
    "locations": {
      "vic": {
        "price": 3.5,
        "promoText": "Any 2 $6",
        "packageSize": "175g",
        "packagePrice": "$2.00 per 100G"
      }
    }
  },
  {
    "id": "harvest-snaps-black-bean-sour-cream-chives",
    "brand": "Calbee Harvest Snaps",
    "name": "Sour Cream & Chives Black Bean Baked Crisps",
    "imageUrl": "https://shop.coles.com.au/wcsstore/Coles-CAS/images/3/4/3/3434120-th.jpg",
    "categories": ["pantry"],
    "tags": ["snacks", "popcorn"],
    "locations": {
      "vic": {
        "price": 3,
        "promoText": " ",
        "packageSize": "85g",
        "packagePrice": "$3.53 per 100G"
      }
    }
  },
  {
    "id": "coles-popcorn-butter",
    "brand": "Coles",
    "name": "Butter flavour Popcorn",
    "imageUrl": "https://shop.coles.com.au/wcsstore/Coles-CAS/images/3/1/5/3150860-th.jpg",
    "categories": ["pantry"],
    "tags": ["snacks", "popcorn"],
    "locations": {
      "vic": {
        "price": 2.2,
        "promoText": " ",
        "packageSize": "100g",
        "packagePrice": "$2.20 per 100G"
      }
    }
  },
  {
    "id": "coles-popcorn-chicago-style-caramel-cheese",
    "brand": "Coles",
    "name": "Chicago Style Caramel & Cheese Popcorn",
    "imageUrl": "https://shop.coles.com.au/wcsstore/Coles-CAS/images/3/1/5/3150906-th.jpg",
    "categories": ["pantry"],
    "tags": ["snacks", "popcorn"],
    "locations": {
      "vic": {
        "price": 2.2,
        "promoText": " ",
        "packageSize": "140g",
        "packagePrice": "$1.57 per 100G"
      }
    }
  },
  {
    "id": "harvest-snaps-black-bean-dill-pickle",
    "brand": "Harvest Snaps",
    "name": "Black Bean Dill Pickle",
    "imageUrl": "https://shop.coles.com.au/wcsstore/Coles-CAS/images/3/6/9/3698734-th.jpg",
    "categories": ["pantry"],
    "tags": ["snacks", "popcorn"],
    "locations": {
      "vic": {
        "price": 3,
        "promoText": " ",
        "packageSize": "85g",
        "packagePrice": "$3.53 per 100G"
      }
    }
  },
  {
    "id": "jonnys-popcorn-delights-caramel-3531546p",
    "brand": "Jonny's",
    "name": "Caramel Popcorn Delights",
    "imageUrl": "https://shop.coles.com.au/wcsstore/Coles-CAS/images/3/5/3/3531546-th.jpg",
    "categories": ["pantry"],
    "tags": ["snacks", "popcorn"],
    "locations": {
      "vic": {
        "price": 2.8,
        "promoText": " ",
        "packageSize": "142g",
        "packagePrice": "$1.97 per 100G"
      }
    }
  },
  {
    "id": "infuzions-creamy-mac-cheese",
    "brand": "Majans",
    "name": "Infuzions Mac & Cheese Cheddar Cheese Flavour",
    "imageUrl": "https://shop.coles.com.au/wcsstore/Coles-CAS/images/3/4/3/3433762-th.jpg",
    "categories": ["pantry"],
    "tags": ["snacks", "popcorn"],
    "locations": {
      "vic": {
        "price": 2,
        "promoText": "$1.50 ",
        "packageSize": "110g",
        "packagePrice": "$1.82 per 100G"
      }
    }
  },
  {
    "id": "majans-chippeas-salted-butter",
    "brand": "Majans",
    "name": "Chippeas Salted Butter Flavour",
    "imageUrl": "https://shop.coles.com.au/wcsstore/Coles-CAS/images/3/6/4/3641996-th.jpg",
    "categories": ["pantry"],
    "tags": ["snacks", "popcorn"],
    "locations": {
      "vic": {
        "price": 3.5,
        "promoText": "Any 2 $4",
        "packageSize": "100g",
        "packagePrice": "$3.50 per 100G"
      }
    }
  },
  {
    "id": "natural-chip-co-chips-lentil-craves-sea-salt",
    "brand": "Natural Chip Co Chips",
    "name": "Lentil Craves Sea Salt",
    "imageUrl": "https://shop.coles.com.au/wcsstore/Coles-CAS/images/3/7/2/3723310-th.jpg",
    "categories": ["pantry"],
    "tags": ["snacks", "popcorn"],
    "locations": {
      "vic": {
        "price": 3.5,
        "promoText": "Any 2 $5",
        "packageSize": "100g",
        "packagePrice": "$3.50 per 100G"
      }
    }
  },
  {
    "id": "poppin-ready-to-eat-popcorn-can-maple",
    "brand": "Poppin",
    "name": "Ready To Eat Popcorn Can Maple",
    "imageUrl": "https://shop.coles.com.au/wcsstore/Coles-CAS/images/3/7/0/3708099-th.jpg",
    "categories": ["pantry"],
    "tags": ["snacks", "popcorn"],
    "locations": {
      "vic": {
        "price": 2,
        "promoText": "$0.50 ",
        "packageSize": "90g",
        "packagePrice": "$2.22 per 100G"
      }
    }
  },
  {
    "id": "harvest-snaps-black-bean-chilli-lime",
    "brand": "Harvest Snaps",
    "name": "Gluten Free Chilli & Lime Flavoured Black Bean Baked Crisps",
    "imageUrl": "https://shop.coles.com.au/wcsstore/Coles-CAS/images/3/4/3/3434110-th.jpg",
    "categories": ["pantry"],
    "tags": ["snacks", "popcorn"],
    "locations": {
      "vic": {
        "price": 3,
        "promoText": " ",
        "packageSize": "85g",
        "packagePrice": "$3.53 per 100G"
      }
    }
  },
  {
    "id": "harvest-snaps-black-bean-jalapeno-cheddar",
    "brand": "Harvest Snaps",
    "name": "Black Bean Jalapeno Cheddar",
    "imageUrl": "https://shop.coles.com.au/wcsstore/Coles-CAS/images/3/6/9/3698767-th.jpg",
    "categories": ["pantry"],
    "tags": ["snacks", "popcorn"],
    "locations": {
      "vic": {
        "price": 3,
        "promoText": " ",
        "packageSize": "85g",
        "packagePrice": "$3.53 per 100G"
      }
    }
  },
  {
    "id": "harvest-snaps-seawed",
    "brand": "Harvest Snaps",
    "name": "Seaweed",
    "imageUrl": "https://shop.coles.com.au/wcsstore/Coles-CAS/images/3/6/9/3698756-th.jpg",
    "categories": ["pantry"],
    "tags": ["snacks", "popcorn"],
    "locations": {
      "vic": {
        "price": 3,
        "promoText": " ",
        "packageSize": "85g",
        "packagePrice": "$3.53 per 100G"
      }
    }
  },
  {
    "id": "infuzions-pappadams-mint-yogurt-chutney",
    "brand": "Infuzions",
    "name": "Mix It Up",
    "imageUrl": "https://shop.coles.com.au/wcsstore/Coles-CAS/images/3/4/3/3433784-th.jpg",
    "categories": ["pantry"],
    "tags": ["snacks", "popcorn"],
    "locations": {
      "vic": {
        "price": 2,
        "promoText": "$1.50 ",
        "packageSize": "110g",
        "packagePrice": "$1.82 per 100G"
      }
    }
  },
  {
    "id": "kettle-popcorn-butter-salt-maple",
    "brand": "Kettle",
    "name": "Brown Butter & Salted Maple Popcorn",
    "imageUrl": "https://shop.coles.com.au/wcsstore/Coles-CAS/images/3/4/6/3466626-th.jpg",
    "categories": ["pantry"],
    "tags": ["snacks", "popcorn"],
    "locations": {
      "vic": {
        "price": 0,
        "promoText": " ",
        "packageSize": "100g",
        "packagePrice": ""
      }
    }
  },
  {
    "id": "kettle-sensations-popcorn-raspberry-pistachio",
    "brand": "Kettle",
    "name": "Sensations Raspberry Pistachio & Caramel Popcorn",
    "imageUrl": "https://shop.coles.com.au/wcsstore/Coles-CAS/images/3/5/7/3574083-th.jpg",
    "categories": ["pantry"],
    "tags": ["snacks", "popcorn"],
    "locations": {
      "vic": {
        "price": 3.5,
        "promoText": "$1.00 ",
        "packageSize": "100g",
        "packagePrice": "$3.50 per 100G"
      }
    }
  },
  {
    "id": "kettle-sensations-popcorn-white-choc-macadamia",
    "brand": "Kettle",
    "name": "Sensations White Chocolate Macadamia & Coconut Popcorn",
    "imageUrl": "https://shop.coles.com.au/wcsstore/Coles-CAS/images/3/5/7/3574094-th.jpg",
    "categories": ["pantry"],
    "tags": ["snacks", "popcorn"],
    "locations": {
      "vic": {
        "price": 3.5,
        "promoText": "$1.00 ",
        "packageSize": "100g",
        "packagePrice": "$3.50 per 100G"
      }
    }
  },
  {
    "id": "majans-infusions",
    "brand": "Majans",
    "name": "Infuzions Potato Thai Sweet Chilli",
    "imageUrl": "https://shop.coles.com.au/wcsstore/Coles-CAS/images/3/0/8/3084619-th.jpg",
    "categories": ["pantry"],
    "tags": ["snacks", "popcorn"],
    "locations": {
      "vic": {
        "price": 2,
        "promoText": "$1.50 ",
        "packageSize": "110g",
        "packagePrice": "$1.82 per 100G"
      }
    }
  },
  {
    "id": "majans-infuzions-wasabi-mayonnaise",
    "brand": "Majans",
    "name": "Infuzions Corn Poppers Mango Chilli",
    "imageUrl": "https://shop.coles.com.au/wcsstore/Coles-CAS/images/3/3/5/3351395-th.jpg",
    "categories": ["pantry"],
    "tags": ["snacks", "popcorn"],
    "locations": {
      "vic": {
        "price": 2,
        "promoText": "$1.50 ",
        "packageSize": "110g",
        "packagePrice": "$1.82 per 100G"
      }
    }
  },
  {
    "id": "movietime-popcorn-multi-coloured",
    "brand": "Movietime",
    "name": "Multi Coloured Popcorn",
    "imageUrl": "https://shop.coles.com.au/wcsstore/Coles-CAS/images/5/0/4/5045200-th.jpg",
    "categories": ["pantry"],
    "tags": ["snacks", "popcorn"],
    "locations": {
      "vic": {
        "price": 2.6,
        "promoText": " ",
        "packageSize": "150g",
        "packagePrice": "$1.73 per 100G"
      }
    }
  },
  {
    "id": "natural-chip-co-chips-lentil-craves-sc-chives",
    "brand": "Natural Chip Co Chips",
    "name": "Lentil Craves Sour Cream & Chives",
    "imageUrl": "https://shop.coles.com.au/wcsstore/Coles-CAS/images/3/7/2/3723321-th.jpg",
    "categories": ["pantry"],
    "tags": ["snacks", "popcorn"],
    "locations": {
      "vic": {
        "price": 3.5,
        "promoText": "Any 2 $5",
        "packageSize": "100g",
        "packagePrice": "$3.50 per 100G"
      }
    }
  },
  {
    "id": "poppin-ready-to-eat-popcorn-chicken",
    "brand": "Poppin",
    "name": "Ready To Eat Popcorn Chicken",
    "imageUrl": "https://shop.coles.com.au/wcsstore/Coles-CAS/images/3/7/0/3708102-th.jpg",
    "categories": ["pantry"],
    "tags": ["snacks", "popcorn"],
    "locations": {
      "vic": {
        "price": 2,
        "promoText": "$0.50 ",
        "packageSize": "90g",
        "packagePrice": "$2.22 per 100G"
      }
    }
  },
  {
    "id": "poppin-popcorn-sweet-salty",
    "brand": "Poppin Popcorn",
    "name": "Sweet & Salty",
    "imageUrl": "https://shop.coles.com.au/wcsstore/Coles-CAS/images/3/4/3/3434084-th.jpg",
    "categories": ["pantry"],
    "tags": ["snacks", "popcorn"],
    "locations": {
      "vic": {
        "price": 1.75,
        "promoText": " ",
        "packageSize": "100g",
        "packagePrice": "$1.75 per 100G"
      }
    }
  },
  {
    "id": "parkers-pretzels-baked-twist",
    "brand": "Parker's",
    "name": "Baked Twists Pretzels",
    "imageUrl": "https://shop.coles.com.au/wcsstore/Coles-CAS/images/6/1/3/6133970-th.jpg",
    "categories": ["pantry"],
    "tags": ["snacks", "pretzels-other-snacks"],
    "locations": {
      "vic": {
        "price": 3.55,
        "promoText": " ",
        "packageSize": "200g",
        "packagePrice": "$1.78 per 100G"
      }
    }
  },
  {
    "id": "parkers-pretzels-baked-minis",
    "brand": "Parker's",
    "name": "Baked Mini Pretzels",
    "imageUrl": "https://shop.coles.com.au/wcsstore/Coles-CAS/images/5/2/3/5238054-th.jpg",
    "categories": ["pantry"],
    "tags": ["snacks", "pretzels-other-snacks"],
    "locations": {
      "vic": {
        "price": 3.55,
        "promoText": " ",
        "packageSize": "225g",
        "packagePrice": "$1.58 per 100G"
      }
    }
  },
  {
    "id": "calbee-harvest-snaps-baked-pea-crisps-salted",
    "brand": "Calbee Harvest Snaps",
    "name": "Baked Pea Crisps Salted",
    "imageUrl": "https://shop.coles.com.au/wcsstore/Coles-CAS/images/3/1/6/3169846-th.jpg",
    "categories": ["pantry"],
    "tags": ["snacks", "pretzels-other-snacks"],
    "locations": {
      "vic": {
        "price": 3,
        "promoText": " ",
        "packageSize": "93g",
        "packagePrice": "$3.23 per 100G"
      }
    }
  },
  {
    "id": "macy-tailor-pressed-pretzels-salted",
    "brand": "Macy & Tailor",
    "name": "Pressed Pretzels Salted",
    "imageUrl": "https://shop.coles.com.au/wcsstore/Coles-CAS/images/3/7/0/3700053-th.jpg",
    "categories": ["pantry"],
    "tags": ["snacks", "pretzels-other-snacks"],
    "locations": {
      "vic": {
        "price": 4,
        "promoText": " ",
        "packageSize": "180g",
        "packagePrice": "$2.22 per 100G"
      }
    }
  },
  {
    "id": "jack-links-beef-jerky-original",
    "brand": "Jack Link's",
    "name": "Original Beef Jerky",
    "imageUrl": "https://shop.coles.com.au/wcsstore/Coles-CAS/images/6/5/2/6526123-th.jpg",
    "categories": ["pantry"],
    "tags": ["snacks", "pretzels-other-snacks"],
    "locations": {
      "vic": {
        "price": 4.55,
        "promoText": " ",
        "packageSize": "50g",
        "packagePrice": "$91.00 per 1Kg"
      }
    }
  },
  {
    "id": "calbee-harvest-snaps-baked-pea-crisp-salt-vngr",
    "brand": "Calbee Harvest Snaps",
    "name": "Baked Pea Crisp Salt & Vinegar",
    "imageUrl": "https://shop.coles.com.au/wcsstore/Coles-CAS/images/3/1/6/3169868-th.jpg",
    "categories": ["pantry"],
    "tags": ["snacks", "pretzels-other-snacks"],
    "locations": {
      "vic": {
        "price": 3,
        "promoText": " ",
        "packageSize": "93g",
        "packagePrice": "$3.23 per 100G"
      }
    }
  },
  {
    "id": "gold-medal-snacks-pork-krackles",
    "brand": "Gold Medal",
    "name": "Pork Krackles Snacks",
    "imageUrl": "https://shop.coles.com.au/wcsstore/Coles-CAS/images/9/7/6/9765404-th.jpg",
    "categories": ["pantry"],
    "tags": ["snacks", "pretzels-other-snacks"],
    "locations": {
      "vic": {
        "price": 2.15,
        "promoText": " ",
        "packageSize": "50g",
        "packagePrice": "$4.30 per 100G"
      }
    }
  },
  {
    "id": "jack-links-beef-jerky-teriyaki",
    "brand": "Jack Link's",
    "name": "Teriyaki Beef Jerky",
    "imageUrl": "https://shop.coles.com.au/wcsstore/Coles-CAS/images/6/5/2/6526134-th.jpg",
    "categories": ["pantry"],
    "tags": ["snacks", "pretzels-other-snacks"],
    "locations": {
      "vic": {
        "price": 4.55,
        "promoText": " ",
        "packageSize": "50g",
        "packagePrice": "$91.00 per 1Kg"
      }
    }
  },
  {
    "id": "snappy-soya-crisps",
    "brand": "Snappy",
    "name": "Soya Crisps",
    "imageUrl": "https://shop.coles.com.au/wcsstore/Coles-CAS/images/8/5/8/8589237-th.jpg",
    "categories": ["pantry"],
    "tags": ["snacks", "pretzels-other-snacks"],
    "locations": {
      "vic": {
        "price": 3.6,
        "promoText": " ",
        "packageSize": "200g",
        "packagePrice": "$1.80 per 100G"
      }
    }
  },
  {
    "id": "coles-pretzel-twists",
    "brand": "Coles",
    "name": "Salted Pretzel Twists",
    "imageUrl": "https://shop.coles.com.au/wcsstore/Coles-CAS/images/2/0/6/2062290-th.jpg",
    "categories": ["pantry"],
    "tags": ["snacks", "pretzels-other-snacks"],
    "locations": {
      "vic": {
        "price": 2.6,
        "promoText": " ",
        "packageSize": "200g",
        "packagePrice": "$1.30 per 100G"
      }
    }
  },
  {
    "id": "jack-links-beef-biltong",
    "brand": "Jack Links",
    "name": "Gluten Free Beef Biltong",
    "imageUrl": "https://shop.coles.com.au/wcsstore/Coles-CAS/images/3/4/4/3447417-th.jpg",
    "categories": ["pantry"],
    "tags": ["snacks", "pretzels-other-snacks"],
    "locations": {
      "vic": {
        "price": 4.55,
        "promoText": " ",
        "packageSize": "45g",
        "packagePrice": "$101.13 per 1Kg"
      }
    }
  },
  {
    "id": "calbee-harvest-snaps-baked-pea-crisps-chilli",
    "brand": "Calbee Harvest Snaps",
    "name": "Baked Pea Crisps Chilli",
    "imageUrl": "https://shop.coles.com.au/wcsstore/Coles-CAS/images/3/1/6/3169857-th.jpg",
    "categories": ["pantry"],
    "tags": ["snacks", "pretzels-other-snacks"],
    "locations": {
      "vic": {
        "price": 3,
        "promoText": " ",
        "packageSize": "93g",
        "packagePrice": "$3.23 per 100G"
      }
    }
  },
  {
    "id": "local-legends-original-beef-jerky",
    "brand": "Local Legends",
    "name": "Original Beef Jerky",
    "imageUrl": "https://shop.coles.com.au/wcsstore/Coles-CAS/images/3/4/3/3434903-th.jpg",
    "categories": ["pantry"],
    "tags": ["snacks", "pretzels-other-snacks"],
    "locations": {
      "vic": {
        "price": 4.3,
        "promoText": " ",
        "packageSize": "55g",
        "packagePrice": "$7.82 per 100G"
      }
    }
  },
  {
    "id": "macy-tailor-pressed-pretzels-honey-mustard",
    "brand": "Macy & Tailor",
    "name": "Pressed Pretzels Honey Mustard",
    "imageUrl": "https://shop.coles.com.au/wcsstore/Coles-CAS/images/3/7/0/3700086-th.jpg",
    "categories": ["pantry"],
    "tags": ["snacks", "pretzels-other-snacks"],
    "locations": {
      "vic": {
        "price": 4,
        "promoText": " ",
        "packageSize": "180g",
        "packagePrice": "$2.22 per 100G"
      }
    }
  },
  {
    "id": "coles-pork-crackle-smokey-mexican",
    "brand": "Coles",
    "name": "Pork Crackle Smokey Mexican",
    "imageUrl": "https://shop.coles.com.au/wcsstore/Coles-CAS/images/3/6/7/3672504-th.jpg",
    "categories": ["pantry"],
    "tags": ["snacks", "pretzels-other-snacks"],
    "locations": {
      "vic": {
        "price": 3,
        "promoText": " ",
        "packageSize": "120g",
        "packagePrice": "$2.50 per 100G"
      }
    }
  },
  {
    "id": "j-crackleton-pork-crackle-maple-bacon-3722792p",
    "brand": "J Crackleton Pork",
    "name": "Crackle Maple Bacon",
    "imageUrl": "https://shop.coles.com.au/wcsstore/ColesResponsiveStorefrontAssetStore/dist/ccfc54aed6e361b650bcf0582f7b576b/img/img_product-placeholder.png",
    "categories": ["pantry"],
    "tags": ["snacks", "pretzels-other-snacks"],
    "locations": {
      "vic": {
        "price": 1.8,
        "promoText": " ",
        "packageSize": "40g",
        "packagePrice": "$4.50 per 100G"
      }
    }
  },
  {
    "id": "jims-bef-jerky-bbq",
    "brand": "Jim's",
    "name": "Beef Jerky BBQ",
    "imageUrl": "https://shop.coles.com.au/wcsstore/Coles-CAS/images/3/6/9/3698869-th.jpg",
    "categories": ["pantry"],
    "tags": ["snacks", "pretzels-other-snacks"],
    "locations": {
      "vic": {
        "price": 5,
        "promoText": " ",
        "packageSize": "50g",
        "packagePrice": "$10.00 per 100G"
      }
    }
  },
  {
    "id": "jims-bef-jerky-original",
    "brand": "Jim's",
    "name": "Jerky Original Beef",
    "imageUrl": "https://shop.coles.com.au/wcsstore/Coles-CAS/images/3/6/9/3698858-th.jpg",
    "categories": ["pantry"],
    "tags": ["snacks", "pretzels-other-snacks"],
    "locations": {
      "vic": {
        "price": 5,
        "promoText": " ",
        "packageSize": "50g",
        "packagePrice": "$10.00 per 100G"
      }
    }
  },
  {
    "id": "local-legends-premium-wagyu-jerky",
    "brand": "Local Legends",
    "name": "Premium Wagyu Beef Jerky",
    "imageUrl": "https://shop.coles.com.au/wcsstore/Coles-CAS/images/3/4/3/3434878-th.jpg",
    "categories": ["pantry"],
    "tags": ["snacks", "pretzels-other-snacks"],
    "locations": {
      "vic": {
        "price": 5.5,
        "promoText": " ",
        "packageSize": "50g",
        "packagePrice": "$11.00 per 100G"
      }
    }
  },
  {
    "id": "macy-tailor-pressed-pretzels-pizza",
    "brand": "Macy & Tailor",
    "name": "Pressed Pretzels Pizza",
    "imageUrl": "https://shop.coles.com.au/wcsstore/Coles-CAS/images/3/7/0/3700100-th.jpg",
    "categories": ["pantry"],
    "tags": ["snacks", "pretzels-other-snacks"],
    "locations": {
      "vic": {
        "price": 4,
        "promoText": " ",
        "packageSize": "180g",
        "packagePrice": "$2.22 per 100G"
      }
    }
  },
  {
    "id": "oreo-original-vanilla-cr%C3%A8me-biscuits-2710437p",
    "brand": "Oreo",
    "name": "Original CrÃ¨me Biscuits",
    "imageUrl": "https://shop.coles.com.au/wcsstore/Coles-CAS/images/2/7/1/2710437-th.jpg",
    "categories": ["pantry"],
    "tags": ["snacks", "biscuits-cokies"],
    "locations": {
      "vic": {
        "price": 1.5,
        "promoText": "$0.50 ",
        "packageSize": "133g",
        "packagePrice": "$1.13 per 100G"
      }
    }
  },
  {
    "id": "fantastic-rice-snacks-delites-sweet-chilli-sour-cream",
    "brand": "Fantastic",
    "name": "Delites Sweet Chilli & Sour Cream Rice Snacks",
    "imageUrl": "https://shop.coles.com.au/wcsstore/Coles-CAS/images/6/3/6/6369003-th.jpg",
    "categories": ["pantry"],
    "tags": ["snacks", "biscuits-cokies"],
    "locations": {
      "vic": {
        "price": 2,
        "promoText": " ",
        "packageSize": "100g",
        "packagePrice": "$2.00 per 100G"
      }
    }
  },
  {
    "id": "coles-cookies-ultimate-40%25-chocolate-chip",
    "brand": "Coles",
    "name": "Ultimate 40% Chocolate Chip Cookies",
    "imageUrl": "https://shop.coles.com.au/wcsstore/Coles-CAS/images/4/9/5/4953000-th.jpg",
    "categories": ["pantry"],
    "tags": ["snacks", "biscuits-cokies"],
    "locations": {
      "vic": {
        "price": 3.5,
        "promoText": " ",
        "packageSize": "400g",
        "packagePrice": "$0.88 per 100G"
      }
    }
  },
  {
    "id": "fantastic-rice-snacks-delites-rice-snacks-sour-cream-chives",
    "brand": "Fantastic",
    "name": "Delites Sour Cream & Chives",
    "imageUrl": "https://shop.coles.com.au/wcsstore/Coles-CAS/images/6/3/6/6369014-th.jpg",
    "categories": ["pantry"],
    "tags": ["snacks", "biscuits-cokies"],
    "locations": {
      "vic": {
        "price": 2,
        "promoText": " ",
        "packageSize": "100g",
        "packagePrice": "$2.00 per 100G"
      }
    }
  },
  {
    "id": "fantastic-rice-snacks-delites-sea-salt-balsamic-vinegar",
    "brand": "Fantastic",
    "name": "Delites Sea Salt & Balsamic Vinegar Rice Snacks",
    "imageUrl": "https://shop.coles.com.au/wcsstore/Coles-CAS/images/6/3/6/6368930-th.jpg",
    "categories": ["pantry"],
    "tags": ["snacks", "biscuits-cokies"],
    "locations": {
      "vic": {
        "price": 2,
        "promoText": " ",
        "packageSize": "100g",
        "packagePrice": "$2.00 per 100G"
      }
    }
  },
  {
    "id": "kraft-mini-original-oreo-cookies",
    "brand": "Oreo",
    "name": "Original Mini Biscuit Multipack",
    "imageUrl": "https://shop.coles.com.au/wcsstore/Coles-CAS/images/1/8/4/1843854-th.jpg",
    "categories": ["pantry"],
    "tags": ["snacks", "biscuits-cokies"],
    "locations": {
      "vic": {
        "price": 3.95,
        "promoText": " ",
        "packageSize": "230g",
        "packagePrice": "$1.72 per 100G"
      }
    }
  },
  {
    "id": "cadbury-chocolate-fingers-milk-biscuits",
    "brand": "Cadbury",
    "name": "Chocolate Fingers Milk Biscuits",
    "imageUrl": "https://shop.coles.com.au/wcsstore/Coles-CAS/images/3/0/2/3029905-th.jpg",
    "categories": ["pantry"],
    "tags": ["snacks", "biscuits-cokies"],
    "locations": {
      "vic": {
        "price": 3,
        "promoText": "Any 2 $4",
        "packageSize": "114g",
        "packagePrice": "$2.63 per 100G"
      }
    }
  },
  {
    "id": "arnotts-original-bbq-shapes",
    "brand": "Arnott's",
    "name": "Original BBQ Shapes",
    "imageUrl": "https://shop.coles.com.au/wcsstore/Coles-CAS/images/2/7/3/2734446-th.jpg",
    "categories": ["pantry"],
    "tags": ["snacks", "biscuits-cokies"],
    "locations": {
      "vic": {
        "price": 1.6,
        "promoText": "$1.60 ",
        "packageSize": "175g",
        "packagePrice": "$0.91 per 100G"
      }
    }
  },
  {
    "id": "arnotts-biscuits-shapes-chicken-crimpy",
    "brand": "Arnott's",
    "name": "Chicken Crimpy Shapes",
    "imageUrl": "https://shop.coles.com.au/wcsstore/Coles-CAS/images/8/6/3/8638285-th.jpg",
    "categories": ["pantry"],
    "tags": ["snacks", "biscuits-cokies"],
    "locations": {
      "vic": {
        "price": 1.6,
        "promoText": "$1.60 ",
        "packageSize": "175g",
        "packagePrice": "$0.91 per 100G"
      }
    }
  },
  {
    "id": "nabisco-sour-cream-onion-ritz-snackz-crackers",
    "brand": "Ritz",
    "name": "Snackz Sour Cream and Onion Crackers",
    "imageUrl": "https://shop.coles.com.au/wcsstore/Coles-CAS/images/1/7/4/1743204-th.jpg",
    "categories": ["pantry"],
    "tags": ["snacks", "biscuits-cokies"],
    "locations": {
      "vic": {
        "price": 1,
        "promoText": "$1.00 ",
        "packageSize": "100g",
        "packagePrice": "$1.00 per 100G"
      }
    }
  },
  {
    "id": "arnotts-hot-dog-shapes",
    "brand": "Arnott's",
    "name": "Original Pizza Shapes",
    "imageUrl": "https://shop.coles.com.au/wcsstore/Coles-CAS/images/2/7/3/2734457-th.jpg",
    "categories": ["pantry"],
    "tags": ["snacks", "biscuits-cokies"],
    "locations": {
      "vic": {
        "price": 1.6,
        "promoText": "$1.60 ",
        "packageSize": "190g",
        "packagePrice": "$0.84 per 100G"
      }
    }
  },
  {
    "id": "arnotts-chocolate-biscuits-tim-tams-original",
    "brand": "Arnott's",
    "name": "Original Chocolate Tim Tam",
    "imageUrl": "https://shop.coles.com.au/wcsstore/Coles-CAS/images/3/2/9/329607-th.jpg",
    "categories": ["pantry"],
    "tags": ["snacks", "biscuits-cokies"],
    "locations": {
      "vic": {
        "price": 1.82,
        "promoText": "$1.83 ",
        "packageSize": "200g",
        "packagePrice": "$0.91 per 100G"
      }
    }
  },
  {
    "id": "mcvities-biscuits-digestive-milk-chocolate",
    "brand": "McVitie's",
    "name": "Digestives Milk Chocolate Wheat Biscuits",
    "imageUrl": "https://shop.coles.com.au/wcsstore/Coles-CAS/images/6/1/0/6109035-th.jpg",
    "categories": ["pantry"],
    "tags": ["snacks", "biscuits-cokies"],
    "locations": {
      "vic": {
        "price": 1.97,
        "promoText": "$1.98 ",
        "packageSize": "300g",
        "packagePrice": "$0.66 per 100G"
      }
    }
  },
  {
    "id": "arnotts-chocolate-biscuits-tim-tams-double-coat-chocolate",
    "brand": "Arnott's",
    "name": "Double Coat Chocolate Tim Tam",
    "imageUrl": "https://shop.coles.com.au/wcsstore/Coles-CAS/images/7/0/2/7029292-th.jpg",
    "categories": ["pantry"],
    "tags": ["snacks", "biscuits-cokies"],
    "locations": {
      "vic": {
        "price": 1.82,
        "promoText": "$1.83 ",
        "packageSize": "200g",
        "packagePrice": "$0.91 per 100G"
      }
    }
  },
  {
    "id": "arnotts-biscuits-shapes-cheddar",
    "brand": "Arnott's",
    "name": "Cheddar Shapes",
    "imageUrl": "https://shop.coles.com.au/wcsstore/Coles-CAS/images/8/6/3/8638263-th.jpg",
    "categories": ["pantry"],
    "tags": ["snacks", "biscuits-cokies"],
    "locations": {
      "vic": {
        "price": 1.6,
        "promoText": "$1.60 ",
        "packageSize": "175g",
        "packagePrice": "$0.91 per 100G"
      }
    }
  },
  {
    "id": "mcvities-biscuits-digestive-original",
    "brand": "McVitie's",
    "name": "Original Digestive Biscuits",
    "imageUrl": "https://shop.coles.com.au/wcsstore/Coles-CAS/images/6/1/0/6108010-th.jpg",
    "categories": ["pantry"],
    "tags": ["snacks", "biscuits-cokies"],
    "locations": {
      "vic": {
        "price": 1.97,
        "promoText": "$1.98 ",
        "packageSize": "400g",
        "packagePrice": "$0.49 per 100G"
      }
    }
  },
  {
    "id": "arnotts-tim-tams-messina-biscuits-choc-mint",
    "brand": "Arnott's",
    "name": "Tim Tam Chocolate Mint Biscuits",
    "imageUrl": "https://shop.coles.com.au/wcsstore/Coles-CAS/images/2/8/6/2869977-th.jpg",
    "categories": ["pantry"],
    "tags": ["snacks", "biscuits-cokies"],
    "locations": {
      "vic": {
        "price": 1.82,
        "promoText": "$1.83 ",
        "packageSize": "160g",
        "packagePrice": "$1.14 per 100G"
      }
    }
  },
  {
    "id": "arnotts-chocolate-biscuits-tim-tams-chewy-caramel",
    "brand": "Arnott's",
    "name": "Chewy Caramel Tim Tam",
    "imageUrl": "https://shop.coles.com.au/wcsstore/Coles-CAS/images/8/6/5/8655375-th.jpg",
    "categories": ["pantry"],
    "tags": ["snacks", "biscuits-cokies"],
    "locations": {
      "vic": {
        "price": 1.82,
        "promoText": "$1.83 ",
        "packageSize": "175g",
        "packagePrice": "$1.04 per 100G"
      }
    }
  },
  {
    "id": "arnotts-chocolate-biscuits-tim-tams-classic-dark-chocolate",
    "brand": "Arnott's",
    "name": "Classic Dark Chocolate Tim Tam",
    "imageUrl": "https://shop.coles.com.au/wcsstore/Coles-CAS/images/6/0/2/6025536-th.jpg",
    "categories": ["pantry"],
    "tags": ["snacks", "biscuits-cokies"],
    "locations": {
      "vic": {
        "price": 1.82,
        "promoText": "$1.83 ",
        "packageSize": "200g",
        "packagePrice": "$0.91 per 100G"
      }
    }
  },
  {
    "id": "mcvities-biscuits-digestive-dark-chocolate",
    "brand": "McVitie's",
    "name": "Dark Chocolate Digestive Biscuits",
    "imageUrl": "https://shop.coles.com.au/wcsstore/Coles-CAS/images/6/1/0/6109057-th.jpg",
    "categories": ["pantry"],
    "tags": ["snacks", "biscuits-cokies"],
    "locations": {
      "vic": {
        "price": 1.97,
        "promoText": "$1.98 ",
        "packageSize": "300g",
        "packagePrice": "$0.66 per 100G"
      }
    }
  },
  {
    "id": "arnotts-tiny-teddy-variety-biscuits-15-pack",
    "brand": "Arnott's",
    "name": "Tiny Teddy Variety Biscuits 15 pack",
    "imageUrl": "https://shop.coles.com.au/wcsstore/Coles-CAS/images/2/9/9/2992135-th.jpg",
    "categories": ["pantry"],
    "tags": ["snacks", "biscuits-cokies"],
    "locations": {
      "vic": {
        "price": 5,
        "promoText": "Was $6.00 on Sep 2017 ",
        "packageSize": "375g",
        "packagePrice": "$1.33 per 100G"
      }
    }
  },
  {
    "id": "arnotts-biscuits-assorted-creams",
    "brand": "Arnott's",
    "name": "Assorted Creams Biscuits",
    "imageUrl": "https://shop.coles.com.au/wcsstore/Coles-CAS/images/3/2/8/328874-th.jpg",
    "categories": ["pantry"],
    "tags": ["snacks", "biscuits-cokies"],
    "locations": {
      "vic": {
        "price": 4,
        "promoText": "$1.50 ",
        "packageSize": "500g",
        "packagePrice": "$0.80 per 100G"
      }
    }
  },
  {
    "id": "ritz-crackers-original",
    "brand": "Ritz",
    "name": "Original Crackers",
    "imageUrl": "https://shop.coles.com.au/wcsstore/Coles-CAS/images/3/1/5/3151487-th.jpg",
    "categories": ["pantry"],
    "tags": ["snacks", "biscuits-cokies"],
    "locations": {
      "vic": {
        "price": 3,
        "promoText": " ",
        "packageSize": "300g",
        "packagePrice": "$1.00 per 100G"
      }
    }
  },
  {
    "id": "arnotts-biscuits-scotch-finger-chocolate-coated",
    "brand": "Arnott's",
    "name": "Chocolate Coated Scotch Finger Biscuits",
    "imageUrl": "https://shop.coles.com.au/wcsstore/Coles-CAS/images/5/5/1/5514923-th.jpg",
    "categories": ["pantry"],
    "tags": ["snacks", "biscuits-cokies"],
    "locations": {
      "vic": {
        "price": 3.65,
        "promoText": "Any 2 $5",
        "packageSize": "250g",
        "packagePrice": "$1.46 per 100G"
      }
    }
  },
  {
    "id": "arnotts-biscuits-teddy-bear-chocolate-coated",
    "brand": "Arnott's",
    "name": "Chocolate Coated Teddy Bear Biscuits",
    "imageUrl": "https://shop.coles.com.au/wcsstore/Coles-CAS/images/3/2/9/329582-th.jpg",
    "categories": ["pantry"],
    "tags": ["snacks", "biscuits-cokies"],
    "locations": {
      "vic": {
        "price": 3.65,
        "promoText": "Any 2 $5",
        "packageSize": "200g",
        "packagePrice": "$1.83 per 100G"
      }
    }
  },
  {
    "id": "arnotts-chocolate-biscuits-mint-slice",
    "brand": "Arnott's",
    "name": "Mint Slice Chocolate Biscuits",
    "imageUrl": "https://shop.coles.com.au/wcsstore/Coles-CAS/images/3/2/9/329571-th.jpg",
    "categories": ["pantry"],
    "tags": ["snacks", "biscuits-cokies"],
    "locations": {
      "vic": {
        "price": 3.65,
        "promoText": "Any 2 $5",
        "packageSize": "200g",
        "packagePrice": "$1.83 per 100G"
      }
    }
  },
  {
    "id": "arnotts-biscuits-scotch-finger",
    "brand": "Arnott's",
    "name": "Scotch Finger Biscuits",
    "imageUrl": "https://shop.coles.com.au/wcsstore/Coles-CAS/images/3/2/9/329174-th.jpg",
    "categories": ["pantry"],
    "tags": ["snacks", "biscuits-cokies"],
    "locations": {
      "vic": {
        "price": 3,
        "promoText": "Any 2 $4",
        "packageSize": "250g",
        "packagePrice": "$1.20 per 100G"
      }
    }
  },
  {
    "id": "arnotts-biscuits-shapes-savoury",
    "brand": "Arnott's",
    "name": "Savoury Shapes",
    "imageUrl": "https://shop.coles.com.au/wcsstore/Coles-CAS/images/8/6/3/8638300-th.jpg",
    "categories": ["pantry"],
    "tags": ["snacks", "biscuits-cokies"],
    "locations": {
      "vic": {
        "price": 1.6,
        "promoText": "$1.60 ",
        "packageSize": "185g",
        "packagePrice": "$0.86 per 100G"
      }
    }
  },
  {
    "id": "arnotts-chocolate-biscuits-tim-tams-original-value-pack",
    "brand": "Arnott's",
    "name": "Original Chocolate Tim Tam Value Pack",
    "imageUrl": "https://shop.coles.com.au/wcsstore/Coles-CAS/images/1/2/1/1213404-th.jpg",
    "categories": ["pantry"],
    "tags": ["snacks", "biscuits-cokies"],
    "locations": {
      "vic": {
        "price": 3.6,
        "promoText": "Was $4.50 on Oct 2017 ",
        "packageSize": "330g",
        "packagePrice": "$1.09 per 100G"
      }
    }
  },
  {
    "id": "arnotts-shapes-crackers-vegemite-cheese",
    "brand": "Arnott's",
    "name": "Shapes Vegemite & Cheese Crackers",
    "imageUrl": "https://shop.coles.com.au/wcsstore/Coles-CAS/images/3/4/1/3410960-th.jpg",
    "categories": ["pantry"],
    "tags": ["snacks", "biscuits-cokies"],
    "locations": {
      "vic": {
        "price": 1.6,
        "promoText": "$1.60 ",
        "packageSize": "165g",
        "packagePrice": "$0.97 per 100G"
      }
    }
  },
  {
    "id": "arnotts-chocolate-biscuits-tim-tam-white",
    "brand": "Arnott's",
    "name": "Tim Tam White Chocolate Biscuits",
    "imageUrl": "https://shop.coles.com.au/wcsstore/Coles-CAS/images/7/2/4/7243805-th.jpg",
    "categories": ["pantry"],
    "tags": ["snacks", "biscuits-cokies"],
    "locations": {
      "vic": {
        "price": 1.82,
        "promoText": "$1.83 ",
        "packageSize": "165g",
        "packagePrice": "$1.10 per 100G"
      }
    }
  },
  {
    "id": "arnotts-chocolate-biscuits-caramel-crowns",
    "brand": "Arnott's",
    "name": "Caramel Crowns Chocolate Biscuits",
    "imageUrl": "https://shop.coles.com.au/wcsstore/Coles-CAS/images/2/5/0/25078-th.jpg",
    "categories": ["pantry"],
    "tags": ["snacks", "biscuits-cokies"],
    "locations": {
      "vic": {
        "price": 3.65,
        "promoText": "Any 2 $5",
        "packageSize": "200g",
        "packagePrice": "$1.83 per 100G"
      }
    }
  },
  {
    "id": "coles-biscuits-scotch-fingers",
    "brand": "Coles",
    "name": "Scotch Finger Biscuits",
    "imageUrl": "https://shop.coles.com.au/wcsstore/Coles-CAS/images/1/4/0/1404071-th.jpg",
    "categories": ["pantry"],
    "tags": ["snacks", "biscuits-cokies"],
    "locations": {
      "vic": {
        "price": 0.9,
        "promoText": " ",
        "packageSize": "250g",
        "packagePrice": "$0.36 per 100G"
      }
    }
  },
  {
    "id": "mcvities-jaffa-cakes-biscuits-choc",
    "brand": "Mcvitie's",
    "name": "Jaffa Cakes Biscuits Choc",
    "imageUrl": "https://shop.coles.com.au/wcsstore/Coles-CAS/images/3/1/6/3163646-th.jpg",
    "categories": ["pantry"],
    "tags": ["snacks", "biscuits-cokies"],
    "locations": {
      "vic": {
        "price": 3,
        "promoText": " ",
        "packageSize": "110g",
        "packagePrice": "$2.73 per 100G"
      }
    }
  },
  {
    "id": "arnotts-biscuits-teevee-snacks-original-chocolate",
    "brand": "Arnott's",
    "name": "Original Chocolate TeeVee Snacks",
    "imageUrl": "https://shop.coles.com.au/wcsstore/Coles-CAS/images/9/5/0/9503532-th.jpg",
    "categories": ["pantry"],
    "tags": ["snacks", "biscuits-cokies"],
    "locations": {
      "vic": {
        "price": 3.65,
        "promoText": "Any 2 $5",
        "packageSize": "175g",
        "packagePrice": "$2.09 per 100G"
      }
    }
  },
  {
    "id": "arnotts-biscuits-marie",
    "brand": "Arnott's",
    "name": "Marie Biscuits",
    "imageUrl": "https://shop.coles.com.au/wcsstore/Coles-CAS/images/3/2/9/329006-th.jpg",
    "categories": ["pantry"],
    "tags": ["snacks", "biscuits-cokies"],
    "locations": {
      "vic": {
        "price": 2.3,
        "promoText": " ",
        "packageSize": "250g",
        "packagePrice": "$0.92 per 100G"
      }
    }
  },
  {
    "id": "arnotts-biscuits-monte-carlo",
    "brand": "Arnott's",
    "name": "Monte Carlo Biscuits",
    "imageUrl": "https://shop.coles.com.au/wcsstore/Coles-CAS/images/3/2/9/329072-th.jpg",
    "categories": ["pantry"],
    "tags": ["snacks", "biscuits-cokies"],
    "locations": {
      "vic": {
        "price": 3,
        "promoText": " ",
        "packageSize": "250g",
        "packagePrice": "$1.20 per 100G"
      }
    }
  },
  {
    "id": "arnotts-biscuits-teevee-snacks-malt-sticks-chocolate",
    "brand": "Arnott's",
    "name": "Chocolate Malt Sticks TeeVee Snacks",
    "imageUrl": "https://shop.coles.com.au/wcsstore/Coles-CAS/images/9/5/0/9503543-th.jpg",
    "categories": ["pantry"],
    "tags": ["snacks", "biscuits-cokies"],
    "locations": {
      "vic": {
        "price": 3.65,
        "promoText": "Any 2 $5",
        "packageSize": "175g",
        "packagePrice": "$2.09 per 100G"
      }
    }
  },
  {
    "id": "arnotts-biscuits-gingernut",
    "brand": "Arnott's",
    "name": "Gingernut Biscuits",
    "imageUrl": "https://shop.coles.com.au/wcsstore/Coles-CAS/images/6/0/4/6047040-th.jpg",
    "categories": ["pantry"],
    "tags": ["snacks", "biscuits-cokies"],
    "locations": {
      "vic": {
        "price": 2.3,
        "promoText": " ",
        "packageSize": "250g",
        "packagePrice": "$0.92 per 100G"
      }
    }
  },
  {
    "id": "arnotts-chocolate-biscuits-royals-milk-chocolate",
    "brand": "Arnott's",
    "name": "Milk Chocolate Royals",
    "imageUrl": "https://shop.coles.com.au/wcsstore/Coles-CAS/images/3/5/8/358718-th.jpg",
    "categories": ["pantry"],
    "tags": ["snacks", "biscuits-cokies"],
    "locations": {
      "vic": {
        "price": 3.65,
        "promoText": "Any 2 $5",
        "packageSize": "200g",
        "packagePrice": "$1.83 per 100G"
      }
    }
  },
  {
    "id": "arnotts-chocolate-biscuits-mint-slice-value-pack",
    "brand": "Arnott's",
    "name": "Mint Slice Chocolate Biscuits Value Pack",
    "imageUrl": "https://shop.coles.com.au/wcsstore/Coles-CAS/images/1/2/1/1213415-th.jpg",
    "categories": ["pantry"],
    "tags": ["snacks", "biscuits-cokies"],
    "locations": {
      "vic": {
        "price": 3.6,
        "promoText": "Was $4.50 on Oct 2017 ",
        "packageSize": "337g",
        "packagePrice": "$1.07 per 100G"
      }
    }
  },
  {
    "id": "arnotts-biscuits-arrowroot-milk",
    "brand": "Arnott's",
    "name": "Arrowroot Milk Biscuits",
    "imageUrl": "https://shop.coles.com.au/wcsstore/Coles-CAS/images/3/2/9/329028-th.jpg",
    "categories": ["pantry"],
    "tags": ["snacks", "biscuits-cokies"],
    "locations": {
      "vic": {
        "price": 2.3,
        "promoText": " ",
        "packageSize": "250g",
        "packagePrice": "$0.92 per 100G"
      }
    }
  },
  {
    "id": "arnotts-shapes-multipack-variety-15-pack",
    "brand": "Arnott's",
    "name": "Shapes Multipack Variety 15 Pack",
    "imageUrl": "https://shop.coles.com.au/wcsstore/Coles-CAS/images/2/9/9/2992180-th.jpg",
    "categories": ["pantry"],
    "tags": ["snacks", "biscuits-cokies"],
    "locations": {
      "vic": {
        "price": 5,
        "promoText": "Was $6.00 on Sep 2017 ",
        "packageSize": "375g",
        "packagePrice": "$1.33 per 100G"
      }
    }
  },
  {
    "id": "arnotts-iced-vovo-biscuit-lamington",
    "brand": "Arnott's",
    "name": "Iced Vovo Biscuit Lamington",
    "imageUrl": "https://shop.coles.com.au/wcsstore/Coles-CAS/images/3/7/5/3755394-th.jpg",
    "categories": ["pantry"],
    "tags": ["snacks", "biscuits-cokies"],
    "locations": {
      "vic": {
        "price": 3,
        "promoText": "Any 2 $4",
        "packageSize": "210g",
        "packagePrice": "$1.43 per 100G"
      }
    }
  },
  {
    "id": "arnotts-biscuits-family-assorted",
    "brand": "Arnott's",
    "name": "Family Assorted Biscuits",
    "imageUrl": "https://shop.coles.com.au/wcsstore/Coles-CAS/images/3/2/8/328910-th.jpg",
    "categories": ["pantry"],
    "tags": ["snacks", "biscuits-cokies"],
    "locations": {
      "vic": {
        "price": 4,
        "promoText": "Was $4.70 on Jan 2020 ",
        "packageSize": "500g",
        "packagePrice": "$0.80 per 100G"
      }
    }
  },
  {
    "id": "nabisco-tasty-cheese-ritz-snackz-crackers",
    "brand": "Ritz Snackz",
    "name": "Tasty Cheddar Cheese Crackers",
    "imageUrl": "https://shop.coles.com.au/wcsstore/Coles-CAS/images/1/7/4/1743215-th.jpg",
    "categories": ["pantry"],
    "tags": ["snacks", "biscuits-cokies"],
    "locations": {
      "vic": {
        "price": 1,
        "promoText": "$1.00 ",
        "packageSize": "100g",
        "packagePrice": "$1.00 per 100G"
      }
    }
  },
  {
    "id": "arnotts-biscuits-kingston",
    "brand": "Arnott's",
    "name": "Kingston Biscuits",
    "imageUrl": "https://shop.coles.com.au/wcsstore/Coles-CAS/images/3/2/9/329560-th.jpg",
    "categories": ["pantry"],
    "tags": ["snacks", "biscuits-cokies"],
    "locations": {
      "vic": {
        "price": 3,
        "promoText": " ",
        "packageSize": "200g",
        "packagePrice": "$1.50 per 100G"
      }
    }
  },
  {
    "id": "arnotts-biscuits-shapes-cheese-bacon",
    "brand": "Arnott's",
    "name": "Cheese & Bacon Shapes",
    "imageUrl": "https://shop.coles.com.au/wcsstore/Coles-CAS/images/8/6/3/8638241-th.jpg",
    "categories": ["pantry"],
    "tags": ["snacks", "biscuits-cokies"],
    "locations": {
      "vic": {
        "price": 1.6,
        "promoText": "$1.60 ",
        "packageSize": "180g",
        "packagePrice": "$0.89 per 100G"
      }
    }
  },
  {
    "id": "arnotts-biscuits-tiny-teddy-half-coated-chocolate",
    "brand": "Arnott's",
    "name": "Half Coated Chocolate Tiny Teddy Biscuits",
    "imageUrl": "https://shop.coles.com.au/wcsstore/Coles-CAS/images/6/0/2/6027746-th.jpg",
    "categories": ["pantry"],
    "tags": ["snacks", "biscuits-cokies"],
    "locations": {
      "vic": {
        "price": 3,
        "promoText": "Any 2 $4",
        "packageSize": "200g",
        "packagePrice": "$1.50 per 100G"
      }
    }
  },
  {
    "id": "arnotts-crackers-original-bbq-shapes-8-pack",
    "brand": "Arnott's",
    "name": "Crackers Original Bbq Shapes 8 Pack",
    "imageUrl": "https://shop.coles.com.au/wcsstore/Coles-CAS/images/2/9/9/2992215-th.jpg",
    "categories": ["pantry"],
    "tags": ["snacks", "biscuits-cokies"],
    "locations": {
      "vic": {
        "price": 4,
        "promoText": " ",
        "packageSize": "200g",
        "packagePrice": "$2.00 per 100G"
      }
    }
  },
  {
    "id": "arnotts-tiny-teddy-chocolate-biscuits-8-pack",
    "brand": "Arnott's",
    "name": "Tiny Teddy Chocolate Biscuits 8 pack",
    "imageUrl": "https://shop.coles.com.au/wcsstore/Coles-CAS/images/2/9/9/2992102-th.jpg",
    "categories": ["pantry"],
    "tags": ["snacks", "biscuits-cokies"],
    "locations": {
      "vic": {
        "price": 4,
        "promoText": " ",
        "packageSize": "200g",
        "packagePrice": "$2.00 per 100G"
      }
    }
  },
  {
    "id": "walkers-cello-biscuit-shortbread-finger",
    "brand": "Walkers",
    "name": "Pure Butter Shortbread",
    "imageUrl": "https://shop.coles.com.au/wcsstore/Coles-CAS/images/3/1/6/3163657-th.jpg",
    "categories": ["pantry"],
    "tags": ["snacks", "biscuits-cokies"],
    "locations": {
      "vic": {
        "price": 3,
        "promoText": " ",
        "packageSize": "190g",
        "packagePrice": "$1.58 per 100G"
      }
    }
  },
  {
    "id": "arnotts-biscuits-teddy-bear",
    "brand": "Arnott's",
    "name": "Teddy Bear Biscuits",
    "imageUrl": "https://shop.coles.com.au/wcsstore/Coles-CAS/images/3/2/9/329243-th.jpg",
    "categories": ["pantry"],
    "tags": ["snacks", "biscuits-cokies"],
    "locations": {
      "vic": {
        "price": 3,
        "promoText": "Any 2 $4",
        "packageSize": "250g",
        "packagePrice": "$1.20 per 100G"
      }
    }
  },
  {
    "id": "arnotts-biscuits-shapes-nacho-cheese",
    "brand": "Arnott's",
    "name": "Nacho Cheese Shapes",
    "imageUrl": "https://shop.coles.com.au/wcsstore/Coles-CAS/images/5/5/9/5591888-th.jpg",
    "categories": ["pantry"],
    "tags": ["snacks", "biscuits-cokies"],
    "locations": {
      "vic": {
        "price": 1.6,
        "promoText": "$1.60 ",
        "packageSize": "160g",
        "packagePrice": "$1.00 per 100G"
      }
    }
  },
  {
    "id": "sunbites-crackers-onion-balsamic-snack",
    "brand": "Sunbites",
    "name": "Caramelised Onion & Balsamic Snack Crackers With Quinoa",
    "imageUrl": "https://shop.coles.com.au/wcsstore/Coles-CAS/images/2/9/7/2976842-th.jpg",
    "categories": ["pantry"],
    "tags": ["snacks", "biscuits-cokies"],
    "locations": {
      "vic": {
        "price": 3,
        "promoText": " ",
        "packageSize": "110g",
        "packagePrice": "$2.73 per 100G"
      }
    }
  },
  {
    "id": "arnotts-biscuits-venetian",
    "brand": "Arnott's",
    "name": "Venetian Biscuits",
    "imageUrl": "https://shop.coles.com.au/wcsstore/Coles-CAS/images/3/2/9/329403-th.jpg",
    "categories": ["pantry"],
    "tags": ["snacks", "biscuits-cokies"],
    "locations": {
      "vic": {
        "price": 3,
        "promoText": "Any 2 $4",
        "packageSize": "200g",
        "packagePrice": "$1.50 per 100G"
      }
    }
  },
  {
    "id": "arnotts-chocolate-biscuits-monte",
    "brand": "Arnott's",
    "name": "Monte Chocolate Biscuits",
    "imageUrl": "https://shop.coles.com.au/wcsstore/Coles-CAS/images/2/3/5/235060-th.jpg",
    "categories": ["pantry"],
    "tags": ["snacks", "biscuits-cokies"],
    "locations": {
      "vic": {
        "price": 3.65,
        "promoText": "Any 2 $5",
        "packageSize": "200g",
        "packagePrice": "$1.83 per 100G"
      }
    }
  },
  {
    "id": "arnotts-multipack-8-pack-crackers-mini-jatz",
    "brand": "Arnotts",
    "name": "Jatz Original Minis Biscuits 8 pack",
    "imageUrl": "https://shop.coles.com.au/wcsstore/Coles-CAS/images/3/1/8/3182720-th.jpg",
    "categories": ["pantry"],
    "tags": ["snacks", "biscuits-cokies"],
    "locations": {
      "vic": {
        "price": 4,
        "promoText": " ",
        "packageSize": "184g",
        "packagePrice": "$2.17 per 100G"
      }
    }
  },
  {
    "id": "coles-ultimate-40-cokie-triple-choc-chip",
    "brand": "Coles",
    "name": "Ultimate Triple Choc Chip Cookie",
    "imageUrl": "https://shop.coles.com.au/wcsstore/Coles-CAS/images/3/7/6/3763086-th.jpg",
    "categories": ["pantry"],
    "tags": ["snacks", "biscuits-cokies"],
    "locations": {
      "vic": {
        "price": 3.5,
        "promoText": " ",
        "packageSize": "400g",
        "packagePrice": "$0.88 per 100G"
      }
    }
  },
  {
    "id": "arnotts-biscuits-chocolate-ripple",
    "brand": "Arnott's",
    "name": "Chocolate Ripple Biscuits",
    "imageUrl": "https://shop.coles.com.au/wcsstore/Coles-CAS/images/3/2/9/329709-th.jpg",
    "categories": ["pantry"],
    "tags": ["snacks", "biscuits-cokies"],
    "locations": {
      "vic": {
        "price": 3,
        "promoText": "Any 2 $4",
        "packageSize": "250g",
        "packagePrice": "$1.20 per 100G"
      }
    }
  },
  {
    "id": "arnotts-biscuits-shortbread-cream",
    "brand": "Arnott's",
    "name": "Shortbread Cream Biscuits",
    "imageUrl": "https://shop.coles.com.au/wcsstore/Coles-CAS/images/3/2/9/329196-th.jpg",
    "categories": ["pantry"],
    "tags": ["snacks", "biscuits-cokies"],
    "locations": {
      "vic": {
        "price": 3,
        "promoText": " ",
        "packageSize": "250g",
        "packagePrice": "$1.20 per 100G"
      }
    }
  },
  {
    "id": "arnotts-biscuits-classic-assorted",
    "brand": "Arnott's",
    "name": "Classic Assorted Biscuits",
    "imageUrl": "https://shop.coles.com.au/wcsstore/Coles-CAS/images/3/2/9/329061-th.jpg",
    "categories": ["pantry"],
    "tags": ["snacks", "biscuits-cokies"],
    "locations": {
      "vic": {
        "price": 4.5,
        "promoText": " ",
        "packageSize": "500g",
        "packagePrice": "$0.90 per 100G"
      }
    }
  },
  {
    "id": "arnotts-biscuits-raspberry-shortcake",
    "brand": "Arnott's",
    "name": "Raspberry Shortcake Biscuits",
    "imageUrl": "https://shop.coles.com.au/wcsstore/Coles-CAS/images/3/2/9/329775-th.jpg",
    "categories": ["pantry"],
    "tags": ["snacks", "biscuits-cokies"],
    "locations": {
      "vic": {
        "price": 3,
        "promoText": " ",
        "packageSize": "250g",
        "packagePrice": "$1.20 per 100G"
      }
    }
  },
  {
    "id": "arnotts-biscuits-malt-o-milk",
    "brand": "Arnott's",
    "name": "Malt-O-Milk Biscuits",
    "imageUrl": "https://shop.coles.com.au/wcsstore/Coles-CAS/images/3/2/9/329447-th.jpg",
    "categories": ["pantry"],
    "tags": ["snacks", "biscuits-cokies"],
    "locations": {
      "vic": {
        "price": 3,
        "promoText": " ",
        "packageSize": "250g",
        "packagePrice": "$1.20 per 100G"
      }
    }
  },
  {
    "id": "arnotts-biscuits-hundreds-thousands",
    "brand": "Arnott's",
    "name": "Hundreds & Thousands Biscuits",
    "imageUrl": "https://shop.coles.com.au/wcsstore/Coles-CAS/images/3/2/9/329389-th.jpg",
    "categories": ["pantry"],
    "tags": ["snacks", "biscuits-cokies"],
    "locations": {
      "vic": {
        "price": 3.05,
        "promoText": "Any 2 $4",
        "packageSize": "200g",
        "packagePrice": "$1.53 per 100G"
      }
    }
  },
  {
    "id": "arnotts-biscuits-butternut-snap",
    "brand": "Arnott's",
    "name": "Butternut Snap Biscuits",
    "imageUrl": "https://shop.coles.com.au/wcsstore/Coles-CAS/images/3/2/8/328885-th.jpg",
    "categories": ["pantry"],
    "tags": ["snacks", "biscuits-cokies"],
    "locations": {
      "vic": {
        "price": 3,
        "promoText": "Any 2 $4",
        "packageSize": "250g",
        "packagePrice": "$1.20 per 100G"
      }
    }
  },
  {
    "id": "arnotts-minis-choc-chip-cookies-7-pack",
    "brand": "Arnott's",
    "name": "Minis Choc Chip Cookies 7 pack",
    "imageUrl": "https://shop.coles.com.au/wcsstore/Coles-CAS/images/2/9/9/2992157-th.jpg",
    "categories": ["pantry"],
    "tags": ["snacks", "biscuits-cokies"],
    "locations": {
      "vic": {
        "price": 4,
        "promoText": " ",
        "packageSize": "175g",
        "packagePrice": "$2.29 per 100G"
      }
    }
  },
  {
    "id": "coles-chocolate-biscuits-honeycomb-whirls",
    "brand": "Coles",
    "name": "Honeycomb Whirls Chocolate Biscuits",
    "imageUrl": "https://shop.coles.com.au/wcsstore/Coles-CAS/images/7/3/7/7377186-th.jpg",
    "categories": ["pantry"],
    "tags": ["snacks", "biscuits-cokies"],
    "locations": {
      "vic": {
        "price": 1.65,
        "promoText": " ",
        "packageSize": "200g",
        "packagePrice": "$0.83 per 100G"
      }
    }
  },
  {
    "id": "kookas-cookies-jam",
    "brand": "Kooka's",
    "name": "Jam Cookies",
    "imageUrl": "https://shop.coles.com.au/wcsstore/Coles-CAS/images/6/1/2/6121336-th.jpg",
    "categories": ["pantry"],
    "tags": ["snacks", "biscuits-cokies"],
    "locations": {
      "vic": {
        "price": 4.25,
        "promoText": " ",
        "packageSize": "500g",
        "packagePrice": "$0.85 per 100G"
      }
    }
  },
  {
    "id": "oreo-cream-biscuits-choc-split",
    "brand": "Oreo",
    "name": "Creme Biscuits Choc Split",
    "imageUrl": "https://shop.coles.com.au/wcsstore/Coles-CAS/images/2/8/6/2869864-th.jpg",
    "categories": ["pantry"],
    "tags": ["snacks", "biscuits-cokies"],
    "locations": {
      "vic": {
        "price": 1.5,
        "promoText": "$0.50 ",
        "packageSize": "137g",
        "packagePrice": "$1.13 per 100G"
      }
    }
  },
  {
    "id": "arnotts-biscuits-granita",
    "brand": "Arnott's",
    "name": "Granita Biscuits",
    "imageUrl": "https://shop.coles.com.au/wcsstore/Coles-CAS/images/3/2/8/328932-th.jpg",
    "categories": ["pantry"],
    "tags": ["snacks", "biscuits-cokies"],
    "locations": {
      "vic": {
        "price": 3,
        "promoText": "Any 2 $4",
        "packageSize": "250g",
        "packagePrice": "$1.20 per 100G"
      }
    }
  },
  {
    "id": "arnotts-scotch-finger-biscuit-salted-caramel",
    "brand": "Arnott's",
    "name": "Scotch Finger Salted Caramel Biscuits",
    "imageUrl": "https://shop.coles.com.au/wcsstore/Coles-CAS/images/3/7/5/3756070-th.jpg",
    "categories": ["pantry"],
    "tags": ["snacks", "biscuits-cokies"],
    "locations": {
      "vic": {
        "price": 3,
        "promoText": "Any 2 $4",
        "packageSize": "232g",
        "packagePrice": "$1.29 per 100G"
      }
    }
  },
  {
    "id": "arnotts-biscuits-nice",
    "brand": "Arnott's",
    "name": "Nice Biscuits",
    "imageUrl": "https://shop.coles.com.au/wcsstore/Coles-CAS/images/3/2/8/328987-th.jpg",
    "categories": ["pantry"],
    "tags": ["snacks", "biscuits-cokies"],
    "locations": {
      "vic": {
        "price": 2.3,
        "promoText": " ",
        "packageSize": "250g",
        "packagePrice": "$0.92 per 100G"
      }
    }
  },
  {
    "id": "arnotts-tiny-teddy-spotty-dog-biscuits-8-pack",
    "brand": "Arnott's",
    "name": "Tiny Teddy Spotty Dog Biscuits 8 Pack",
    "imageUrl": "https://shop.coles.com.au/wcsstore/Coles-CAS/images/2/9/9/2992113-th.jpg",
    "categories": ["pantry"],
    "tags": ["snacks", "biscuits-cokies"],
    "locations": {
      "vic": {
        "price": 4,
        "promoText": " ",
        "packageSize": "184g",
        "packagePrice": "$2.17 per 100G"
      }
    }
  },
  {
    "id": "arnotts-tiny-teddy-hundreds-thousands-biscuits-8-pack",
    "brand": "Arnott's",
    "name": "Tiny Teddy Hundreds & Thousands Biscuits 8 pack",
    "imageUrl": "https://shop.coles.com.au/wcsstore/Coles-CAS/images/2/9/9/2992099-th.jpg",
    "categories": ["pantry"],
    "tags": ["snacks", "biscuits-cokies"],
    "locations": {
      "vic": {
        "price": 4,
        "promoText": " ",
        "packageSize": "184g",
        "packagePrice": "$2.17 per 100G"
      }
    }
  },
  {
    "id": "arnotts-chips-cracker-bals-vinegar-salt",
    "brand": "Arnott's",
    "name": "Balsamic Vinegar & Sea Salt Cracker Chips",
    "imageUrl": "https://shop.coles.com.au/wcsstore/Coles-CAS/images/3/4/4/3449401-th.jpg",
    "categories": ["pantry"],
    "tags": ["snacks", "biscuits-cokies"],
    "locations": {
      "vic": {
        "price": 3,
        "promoText": "$1.50 ",
        "packageSize": "150g",
        "packagePrice": "$2.00 per 100G"
      }
    }
  },
  {
    "id": "arnotts-shapes-party-pack-crackers-barbeque",
    "brand": "Arnott's",
    "name": "Shapes Barbeque Crackers Party Pack",
    "imageUrl": "https://shop.coles.com.au/wcsstore/Coles-CAS/images/3/6/5/3659120-th.jpg",
    "categories": ["pantry"],
    "tags": ["snacks", "biscuits-cokies"],
    "locations": {
      "vic": {
        "price": 5,
        "promoText": " ",
        "packageSize": "400g",
        "packagePrice": "$1.25 per 100G"
      }
    }
  },
  {
    "id": "belvita-breakfast-strawberry-sandwich-biscuits",
    "brand": "Belvita",
    "name": "Breakfast Strawberry Sandwich Biscuits",
    "imageUrl": "https://shop.coles.com.au/wcsstore/Coles-CAS/images/2/7/6/2762929-th.jpg",
    "categories": ["pantry"],
    "tags": ["snacks", "biscuits-cokies"],
    "locations": {
      "vic": {
        "price": 4.5,
        "promoText": " ",
        "packageSize": "253g",
        "packagePrice": "$1.78 per 100G"
      }
    }
  },
  {
    "id": "butterfingers-biscuits-shortbread-macadamia",
    "brand": "Butterfingers",
    "name": "Macadamia Shortbread",
    "imageUrl": "https://shop.coles.com.au/wcsstore/Coles-CAS/images/5/7/6/5767204-th.jpg",
    "categories": ["pantry"],
    "tags": ["snacks", "biscuits-cokies"],
    "locations": {
      "vic": {
        "price": 3.7,
        "promoText": " ",
        "packageSize": "175g",
        "packagePrice": "$2.11 per 100G"
      }
    }
  },
  {
    "id": "coles-chocolate-biscuits-mint-supremes",
    "brand": "Coles",
    "name": "Chocolate Mint Supremes Biscuits",
    "imageUrl": "https://shop.coles.com.au/wcsstore/Coles-CAS/images/7/2/9/7294963-th.jpg",
    "categories": ["pantry"],
    "tags": ["snacks", "biscuits-cokies"],
    "locations": {
      "vic": {
        "price": 1.65,
        "promoText": " ",
        "packageSize": "200g",
        "packagePrice": "$0.83 per 100G"
      }
    }
  },
  {
    "id": "kookas-cookies-chocolate-jam",
    "brand": "Kooka's",
    "name": "Chocolate Jam Cookies",
    "imageUrl": "https://shop.coles.com.au/wcsstore/Coles-CAS/images/6/8/7/6871890-th.jpg",
    "categories": ["pantry"],
    "tags": ["snacks", "biscuits-cokies"],
    "locations": {
      "vic": {
        "price": 4.25,
        "promoText": " ",
        "packageSize": "500g",
        "packagePrice": "$0.85 per 100G"
      }
    }
  },
  {
    "id": "oreo-creme-biscuits-red-velevet",
    "brand": "Oreo",
    "name": "Creme Biscuits Red Velvet",
    "imageUrl": "https://shop.coles.com.au/wcsstore/Coles-CAS/images/3/5/2/3529715-th.jpg",
    "categories": ["pantry"],
    "tags": ["snacks", "biscuits-cokies"],
    "locations": {
      "vic": {
        "price": 1.5,
        "promoText": "$0.50 ",
        "packageSize": "137g",
        "packagePrice": "$1.13 per 100G"
      }
    }
  },
  {
    "id": "arnotts-chocolate-biscuits-gaiety",
    "brand": "Arnott's",
    "name": "Gaiety Chocolate Biscuits",
    "imageUrl": "https://shop.coles.com.au/wcsstore/Coles-CAS/images/3/2/9/329618-th.jpg",
    "categories": ["pantry"],
    "tags": ["snacks", "biscuits-cokies"],
    "locations": {
      "vic": {
        "price": 3.65,
        "promoText": "Any 2 $5",
        "packageSize": "160g",
        "packagePrice": "$2.28 per 100G"
      }
    }
  },
  {
    "id": "arnotts-twisted-faves-choc-chip-scotch-finger",
    "brand": "Arnott's",
    "name": "Twisted Faves Choc Chip Scotch Finger",
    "imageUrl": "https://shop.coles.com.au/wcsstore/Coles-CAS/images/2/4/7/2471653-th.jpg",
    "categories": ["pantry"],
    "tags": ["snacks", "biscuits-cokies"],
    "locations": {
      "vic": {
        "price": 3,
        "promoText": "Any 2 $4",
        "packageSize": "232g",
        "packagePrice": "$1.29 per 100G"
      }
    }
  },
  {
    "id": "arnotts-shapes-crackers-under-the-sea-8-pack",
    "brand": "Arnott's",
    "name": "Shapes Vegemite & Cheese 8 pack",
    "imageUrl": "https://shop.coles.com.au/wcsstore/Coles-CAS/images/2/9/9/2992248-th.jpg",
    "categories": ["pantry"],
    "tags": ["snacks", "biscuits-cokies"],
    "locations": {
      "vic": {
        "price": 4,
        "promoText": " ",
        "packageSize": "200g",
        "packagePrice": "$2.00 per 100G"
      }
    }
  },
  {
    "id": "arnotts-mini-12-pack-biscuits-variety",
    "brand": "Arnott's",
    "name": "Mini Variety Biscuits 12 Pack",
    "imageUrl": "https://shop.coles.com.au/wcsstore/Coles-CAS/images/3/1/8/3182775-th.jpg",
    "categories": ["pantry"],
    "tags": ["snacks", "biscuits-cokies"],
    "locations": {
      "vic": {
        "price": 5,
        "promoText": " ",
        "packageSize": "292g",
        "packagePrice": "$1.71 per 100G"
      }
    }
  },
  {
    "id": "arnotts-chips-cracker-sw-chili-sour-crm",
    "brand": "Arnott's",
    "name": "Sweet Chili & Sour Cream Cracker Chips",
    "imageUrl": "https://shop.coles.com.au/wcsstore/Coles-CAS/images/3/4/4/3449412-th.jpg",
    "categories": ["pantry"],
    "tags": ["snacks", "biscuits-cokies"],
    "locations": {
      "vic": {
        "price": 3,
        "promoText": "$1.50 ",
        "packageSize": "150g",
        "packagePrice": "$2.00 per 100G"
      }
    }
  },
  {
    "id": "arnotts-chips-cracker-honey-soy-chicken",
    "brand": "Arnott's",
    "name": "Honey Soy Chicken Cracker Chips",
    "imageUrl": "https://shop.coles.com.au/wcsstore/Coles-CAS/images/3/4/4/3449398-th.jpg",
    "categories": ["pantry"],
    "tags": ["snacks", "biscuits-cokies"],
    "locations": {
      "vic": {
        "price": 3,
        "promoText": "$1.50 ",
        "packageSize": "150g",
        "packagePrice": "$2.00 per 100G"
      }
    }
  },
  {
    "id": "arnotts-multipack-8pk-biscuits-arrowroot-letter",
    "brand": "Arnott's",
    "name": "Mini Milk Arrowroot Letters Biscuits 8 pack",
    "imageUrl": "https://shop.coles.com.au/wcsstore/Coles-CAS/images/3/4/6/3468166-th.jpg",
    "categories": ["pantry"],
    "tags": ["snacks", "biscuits-cokies"],
    "locations": {
      "vic": {
        "price": 4,
        "promoText": " ",
        "packageSize": "168g",
        "packagePrice": "$2.38 per 100G"
      }
    }
  },
  {
    "id": "coles-ultimate-40-chip-cokie-choc-dipped",
    "brand": "Coles",
    "name": "Ultimate Choc Dipped Chip Cookie",
    "imageUrl": "https://shop.coles.com.au/wcsstore/Coles-CAS/images/3/7/6/3763111-th.jpg",
    "categories": ["pantry"],
    "tags": ["snacks", "biscuits-cokies"],
    "locations": {
      "vic": {
        "price": 4.5,
        "promoText": " ",
        "packageSize": "400g",
        "packagePrice": "$1.13 per 100G"
      }
    }
  },
  {
    "id": "coles-ultimate-40-chip-cokie-salt-caramel",
    "brand": "Coles",
    "name": "Ultimate Salt Caramel Chip Cookie",
    "imageUrl": "https://shop.coles.com.au/wcsstore/Coles-CAS/images/3/7/6/3763097-th.jpg",
    "categories": ["pantry"],
    "tags": ["snacks", "biscuits-cokies"],
    "locations": {
      "vic": {
        "price": 3.5,
        "promoText": " ",
        "packageSize": "400g",
        "packagePrice": "$0.88 per 100G"
      }
    }
  },
  {
    "id": "fantastic-delites-honey-soy-chicken-rice-snacks",
    "brand": "Fantastic",
    "name": "Delites Honey Soy Chicken Rice Snacks",
    "imageUrl": "https://shop.coles.com.au/wcsstore/Coles-CAS/images/2/4/6/2469618-th.jpg",
    "categories": ["pantry"],
    "tags": ["snacks", "biscuits-cokies"],
    "locations": {
      "vic": {
        "price": 2,
        "promoText": " ",
        "packageSize": "100g",
        "packagePrice": "$2.00 per 100G"
      }
    }
  },
  {
    "id": "lotus-biscuit-caramelised-original",
    "brand": "Lotus",
    "name": "Biscoff Caramelised Biscuit 8 pack",
    "imageUrl": "https://shop.coles.com.au/wcsstore/Coles-CAS/images/1/4/0/1405700-th.jpg",
    "categories": ["pantry"],
    "tags": ["snacks", "biscuits-cokies"],
    "locations": {
      "vic": {
        "price": 1.8,
        "promoText": " ",
        "packageSize": "124g",
        "packagePrice": "$1.45 per 100G"
      }
    }
  },
  {
    "id": "oreo-family-pack-biscuits-creme-original",
    "brand": "Oreo",
    "name": "Creme Biscuits Family Pack Original",
    "imageUrl": "https://shop.coles.com.au/wcsstore/Coles-CAS/images/3/7/1/3711210-th.jpg",
    "categories": ["pantry"],
    "tags": ["snacks", "biscuits-cokies"],
    "locations": {
      "vic": {
        "price": 4.5,
        "promoText": " ",
        "packageSize": "370g",
        "packagePrice": "$1.22 per 100G"
      }
    }
  },
  {
    "id": "arnotts-wafers-tina",
    "brand": "Arnott's",
    "name": "Tina Wafers",
    "imageUrl": "https://shop.coles.com.au/wcsstore/Coles-CAS/images/5/7/2/5725259-th.jpg",
    "categories": ["pantry"],
    "tags": ["snacks", "biscuits-cokies"],
    "locations": {
      "vic": {
        "price": 3.05,
        "promoText": "Any 2 $4",
        "packageSize": "250g",
        "packagePrice": "$1.22 per 100G"
      }
    }
  },
  {
    "id": "arnotts-biscuits-milk-coffee",
    "brand": "Arnott's",
    "name": "Milk Coffee Biscuits",
    "imageUrl": "https://shop.coles.com.au/wcsstore/Coles-CAS/images/3/2/9/329017-th.jpg",
    "categories": ["pantry"],
    "tags": ["snacks", "biscuits-cokies"],
    "locations": {
      "vic": {
        "price": 2.3,
        "promoText": " ",
        "packageSize": "250g",
        "packagePrice": "$0.92 per 100G"
      }
    }
  },
  {
    "id": "arnotts-biscuits-triple-wafer",
    "brand": "Arnott's",
    "name": "Triple Wafer Biscuits",
    "imageUrl": "https://shop.coles.com.au/wcsstore/Coles-CAS/images/3/2/9/329345-th.jpg",
    "categories": ["pantry"],
    "tags": ["snacks", "biscuits-cokies"],
    "locations": {
      "vic": {
        "price": 3.05,
        "promoText": "Any 2 $4",
        "packageSize": "200g",
        "packagePrice": "$1.53 per 100G"
      }
    }
  },
  {
    "id": "arnotts-biscuits-lattice",
    "brand": "Arnott's",
    "name": "Lattice Biscuits",
    "imageUrl": "https://shop.coles.com.au/wcsstore/Coles-CAS/images/3/2/9/329797-th.jpg",
    "categories": ["pantry"],
    "tags": ["snacks", "biscuits-cokies"],
    "locations": {
      "vic": {
        "price": 3,
        "promoText": "Any 2 $4",
        "packageSize": "200g",
        "packagePrice": "$1.50 per 100G"
      }
    }
  },
  {
    "id": "arnotts-biscuits-iced-vovo",
    "brand": "Arnott's",
    "name": "Iced VoVo Biscuits",
    "imageUrl": "https://shop.coles.com.au/wcsstore/Coles-CAS/images/1/5/5/155732-th.jpg",
    "categories": ["pantry"],
    "tags": ["snacks", "biscuits-cokies"],
    "locations": {
      "vic": {
        "price": 3,
        "promoText": "Any 2 $4",
        "packageSize": "210g",
        "packagePrice": "$1.43 per 100G"
      }
    }
  },
  {
    "id": "arnotts-crackers-original-pizza-shapes-8-pack",
    "brand": "Arnott's",
    "name": "Crackers Original Pizza Shapes 8 Pack",
    "imageUrl": "https://shop.coles.com.au/wcsstore/Coles-CAS/images/2/9/9/2992226-th.jpg",
    "categories": ["pantry"],
    "tags": ["snacks", "biscuits-cokies"],
    "locations": {
      "vic": {
        "price": 4,
        "promoText": " ",
        "packageSize": "200g",
        "packagePrice": "$2.00 per 100G"
      }
    }
  },
  {
    "id": "arnotts-shapes-crackers-meat-pie",
    "brand": "Arnott's",
    "name": "Shapes Meat Pie",
    "imageUrl": "https://shop.coles.com.au/wcsstore/Coles-CAS/images/3/6/9/3697141-th.jpg",
    "categories": ["pantry"],
    "tags": ["snacks", "biscuits-cokies"],
    "locations": {
      "vic": {
        "price": 1.6,
        "promoText": "$1.60 ",
        "packageSize": "165g",
        "packagePrice": "$0.97 per 100G"
      }
    }
  },
  {
    "id": "arnotts-chips-cracker-hickory-ribs",
    "brand": "Arnott's",
    "name": "Hickory Ribs Cracker Chips",
    "imageUrl": "https://shop.coles.com.au/wcsstore/Coles-CAS/images/3/7/3/3734995-th.jpg",
    "categories": ["pantry"],
    "tags": ["snacks", "biscuits-cokies"],
    "locations": {
      "vic": {
        "price": 3,
        "promoText": "$1.50 ",
        "packageSize": "150g",
        "packagePrice": "$2.00 per 100G"
      }
    }
  },
  {
    "id": "belvita-breakfast-minis-biscuits-chocolate",
    "brand": "Belvita",
    "name": "Minis Chocolate Biscuits 6 Packs",
    "imageUrl": "https://shop.coles.com.au/wcsstore/Coles-CAS/images/3/4/3/3434663-th.jpg",
    "categories": ["pantry"],
    "tags": ["snacks", "biscuits-cokies"],
    "locations": {
      "vic": {
        "price": 5,
        "promoText": " ",
        "packageSize": "210g",
        "packagePrice": "$2.38 per 100G"
      }
    }
  },
  {
    "id": "belvita-soft-bake-bites-biscuits-choc-chip",
    "brand": "Belvita",
    "name": "Soft Bake Bites Choc Chip Biscuits",
    "imageUrl": "https://shop.coles.com.au/wcsstore/Coles-CAS/images/3/7/6/3763177-th.jpg",
    "categories": ["pantry"],
    "tags": ["snacks", "biscuits-cokies"],
    "locations": {
      "vic": {
        "price": 4.5,
        "promoText": " ",
        "packageSize": "110g",
        "packagePrice": "$4.09 per 100G"
      }
    }
  },
  {
    "id": "dotty-byron-bay-cookies-pouch",
    "brand": "Byron Bay",
    "name": "Dotty Cookies Bites Pouch",
    "imageUrl": "https://shop.coles.com.au/wcsstore/Coles-CAS/images/2/9/9/2992645-th.jpg",
    "categories": ["pantry"],
    "tags": ["snacks", "biscuits-cokies"],
    "locations": {
      "vic": {
        "price": 2.5,
        "promoText": " ",
        "packageSize": "100g",
        "packagePrice": "$2.50 per 100G"
      }
    }
  },
  {
    "id": "coles-chocolate-biscuits-fingers",
    "brand": "Coles",
    "name": "Chocolate Fingers Biscuits",
    "imageUrl": "https://shop.coles.com.au/wcsstore/Coles-CAS/images/7/3/7/7378418-th.jpg",
    "categories": ["pantry"],
    "tags": ["snacks", "biscuits-cokies"],
    "locations": {
      "vic": {
        "price": 1.65,
        "promoText": " ",
        "packageSize": "200g",
        "packagePrice": "$0.83 per 100G"
      }
    }
  },
  {
    "id": "coles-smart-buy-biscuits-chocolate-chip",
    "brand": "Coles",
    "name": "Choc Chip Cookies",
    "imageUrl": "https://shop.coles.com.au/wcsstore/Coles-CAS/images/6/8/2/6823480-th.jpg",
    "categories": ["pantry"],
    "tags": ["snacks", "biscuits-cokies"],
    "locations": {
      "vic": {
        "price": 2,
        "promoText": " ",
        "packageSize": "500g",
        "packagePrice": "$0.40 per 100G"
      }
    }
  },
  {
    "id": "coles-breadstick-cracker-original",
    "brand": "Coles",
    "name": "Original Breadsticks",
    "imageUrl": "https://shop.coles.com.au/wcsstore/Coles-CAS/images/3/2/8/3288823-th.jpg",
    "categories": ["pantry"],
    "tags": ["snacks", "biscuits-cokies"],
    "locations": {
      "vic": {
        "price": 2.5,
        "promoText": " ",
        "packageSize": "125g",
        "packagePrice": "$2.00 per 100G"
      }
    }
  },
  {
    "id": "loaker-tortina-dark-chocolate",
    "brand": "Loacker",
    "name": "Dark Tortina Chocolate Biscuit",
    "imageUrl": "https://shop.coles.com.au/wcsstore/Coles-CAS/images/7/2/2/7220934-th.jpg",
    "categories": ["pantry"],
    "tags": ["snacks", "biscuits-cokies"],
    "locations": {
      "vic": {
        "price": 4,
        "promoText": " ",
        "packageSize": "125g",
        "packagePrice": "$3.20 per 100G"
      }
    }
  },
  {
    "id": "loacker-gran-pasticceria-biscuit-white-coconut",
    "brand": "Loacker",
    "name": "Gran Pasticceria White Coconut",
    "imageUrl": "https://shop.coles.com.au/wcsstore/Coles-CAS/images/3/2/3/3236240-th.jpg",
    "categories": ["pantry"],
    "tags": ["snacks", "biscuits-cokies"],
    "locations": {
      "vic": {
        "price": 4,
        "promoText": " ",
        "packageSize": "100g",
        "packagePrice": "$4.00 per 100G"
      }
    }
  },
  {
    "id": "kraft-cookies-oreo-wafer-chocolate",
    "brand": "Oreo",
    "name": "Milk Chocolate Wafer Sticks",
    "imageUrl": "https://shop.coles.com.au/wcsstore/Coles-CAS/images/1/0/2/1020900-th.jpg",
    "categories": ["pantry"],
    "tags": ["snacks", "biscuits-cokies"],
    "locations": {
      "vic": {
        "price": 1.8,
        "promoText": "$0.60 ",
        "packageSize": "128g",
        "packagePrice": "$1.41 per 100G"
      }
    }
  },
  {
    "id": "oreo-chocolate-cr%C3%A8me-biscuits",
    "brand": "Oreo",
    "name": "Creme Biscuits Chocolate",
    "imageUrl": "https://shop.coles.com.au/wcsstore/Coles-CAS/images/2/7/1/2710481-th.jpg",
    "categories": ["pantry"],
    "tags": ["snacks", "biscuits-cokies"],
    "locations": {
      "vic": {
        "price": 1.5,
        "promoText": "$0.50 ",
        "packageSize": "137g",
        "packagePrice": "$1.13 per 100G"
      }
    }
  },
  {
    "id": "oreo-chocolate-coated-biscuit",
    "brand": "Oreo",
    "name": "Chocolate Coated Biscuit",
    "imageUrl": "https://shop.coles.com.au/wcsstore/Coles-CAS/images/2/9/9/2994061-th.jpg",
    "categories": ["pantry"],
    "tags": ["snacks", "biscuits-cokies"],
    "locations": {
      "vic": {
        "price": 3.8,
        "promoText": " ",
        "packageSize": "204g",
        "packagePrice": "$1.86 per 100G"
      }
    }
  },
  {
    "id": "oreo-golden-creme-biscuits-original",
    "brand": "Oreo",
    "name": "Golden Creme Biscuits Original",
    "imageUrl": "https://shop.coles.com.au/wcsstore/Coles-CAS/images/3/7/0/3706490-th.jpg",
    "categories": ["pantry"],
    "tags": ["snacks", "biscuits-cokies"],
    "locations": {
      "vic": {
        "price": 1.5,
        "promoText": "$0.50 ",
        "packageSize": "133g",
        "packagePrice": "$1.13 per 100G"
      }
    }
  },
  {
    "id": "paradise-cookies-cottage-chocolate-chip",
    "brand": "Paradise",
    "name": "Cottage Chocolate Chip Cookies",
    "imageUrl": "https://shop.coles.com.au/wcsstore/Coles-CAS/images/5/1/1/5111122-th.jpg",
    "categories": ["pantry"],
    "tags": ["snacks", "biscuits-cokies"],
    "locations": {
      "vic": {
        "price": 2.1,
        "promoText": "$0.50 ",
        "packageSize": "250g",
        "packagePrice": "$0.84 per 100G"
      }
    }
  },
  {
    "id": "ritz-original-mini-multipack-6-pack",
    "brand": "Ritz Snackz",
    "name": "Original Mini Crackers 6 Multipack",
    "imageUrl": "https://shop.coles.com.au/wcsstore/Coles-CAS/images/2/4/7/2471981-th.jpg",
    "categories": ["pantry"],
    "tags": ["snacks", "biscuits-cokies"],
    "locations": {
      "vic": {
        "price": 3.2,
        "promoText": " ",
        "packageSize": "150g",
        "packagePrice": "$2.13 per 100G"
      }
    }
  },
  {
    "id": "arnotts-biscuits-orange-slice",
    "brand": "Arnott's",
    "name": "Orange Slice Biscuits",
    "imageUrl": "https://shop.coles.com.au/wcsstore/Coles-CAS/images/3/2/9/329119-th.jpg",
    "categories": ["pantry"],
    "tags": ["snacks", "biscuits-cokies"],
    "locations": {
      "vic": {
        "price": 3,
        "promoText": " ",
        "packageSize": "250g",
        "packagePrice": "$1.20 per 100G"
      }
    }
  },
  {
    "id": "arnotts-biscuits-tic-toc",
    "brand": "Arnott's",
    "name": "Tic Toc Biscuits",
    "imageUrl": "https://shop.coles.com.au/wcsstore/Coles-CAS/images/3/2/9/329549-th.jpg",
    "categories": ["pantry"],
    "tags": ["snacks", "biscuits-cokies"],
    "locations": {
      "vic": {
        "price": 3.05,
        "promoText": "Any 2 $4",
        "packageSize": "250g",
        "packagePrice": "$1.22 per 100G"
      }
    }
  },
  {
    "id": "arnotts-shapes-crackers-sausage-sizzle",
    "brand": "Arnott's",
    "name": "Shapes Crackers Sausage Sizzle",
    "imageUrl": "https://shop.coles.com.au/wcsstore/Coles-CAS/images/3/6/9/3697120-th.jpg",
    "categories": ["pantry"],
    "tags": ["snacks", "biscuits-cokies"],
    "locations": {
      "vic": {
        "price": 1.6,
        "promoText": "$1.60 ",
        "packageSize": "165g",
        "packagePrice": "$0.97 per 100G"
      }
    }
  },
  {
    "id": "cadbury-cookie-crunchie-choc",
    "brand": "Cadbury",
    "name": "Soft Biscuit Choc Centre",
    "imageUrl": "https://shop.coles.com.au/wcsstore/Coles-CAS/images/2/9/9/2994232-th.jpg",
    "categories": ["pantry"],
    "tags": ["snacks", "biscuits-cokies"],
    "locations": {
      "vic": {
        "price": 3.5,
        "promoText": " ",
        "packageSize": "156g",
        "packagePrice": "$2.24 per 100G"
      }
    }
  },
  {
    "id": "coles-chocolate-biscuits-chocolate-caramel-deluxe",
    "brand": "Coles",
    "name": "Chocolate Caramel Deluxe Biscuits",
    "imageUrl": "https://shop.coles.com.au/wcsstore/Coles-CAS/images/7/3/7/7378291-th.jpg",
    "categories": ["pantry"],
    "tags": ["snacks", "biscuits-cokies"],
    "locations": {
      "vic": {
        "price": 1.65,
        "promoText": " ",
        "packageSize": "200g",
        "packagePrice": "$0.83 per 100G"
      }
    }
  },
  {
    "id": "coles-spekulatius-biscuits-almond",
    "brand": "Coles",
    "name": "Almond Spekulatius",
    "imageUrl": "https://shop.coles.com.au/wcsstore/Coles-CAS/images/3/5/0/3508577-th.jpg",
    "categories": ["pantry"],
    "tags": ["snacks", "biscuits-cokies"],
    "locations": {
      "vic": {
        "price": 2.75,
        "promoText": " ",
        "packageSize": "300g",
        "packagePrice": "$0.92 per 100G"
      }
    }
  },
  {
    "id": "mcvities-digestives-to-go-biscuits-milk-chocolate",
    "brand": "McVitie's",
    "name": "Milk Chocolate Digestive Biscuits 2 pack",
    "imageUrl": "https://shop.coles.com.au/wcsstore/Coles-CAS/images/3/4/6/3468654-th.jpg",
    "categories": ["pantry"],
    "tags": ["snacks", "biscuits-cokies"],
    "locations": {
      "vic": {
        "price": 3.7,
        "promoText": " ",
        "packageSize": "199.8g",
        "packagePrice": "$1.85 per 100G"
      }
    }
  },
  {
    "id": "unibic-biscuits-anzac",
    "brand": "Unibic",
    "name": "Anzac Biscuits",
    "imageUrl": "https://shop.coles.com.au/wcsstore/Coles-CAS/images/7/9/7/7977230-th.jpg",
    "categories": ["pantry"],
    "tags": ["snacks", "biscuits-cokies"],
    "locations": {
      "vic": {
        "price": 3,
        "promoText": " ",
        "packageSize": "300g",
        "packagePrice": "$1.00 per 100G"
      }
    }
  },
  {
    "id": "always-fresh-pasticcini-biscuits-lemon",
    "brand": "Always Fresh",
    "name": "Pasticcini Lemon Biscuits",
    "imageUrl": "https://shop.coles.com.au/wcsstore/Coles-CAS/images/3/7/6/3763406-th.jpg",
    "categories": ["pantry"],
    "tags": ["snacks", "biscuits-cokies"],
    "locations": {
      "vic": {
        "price": 3.5,
        "promoText": " ",
        "packageSize": "110g",
        "packagePrice": "$3.18 per 100G"
      }
    }
  },
  {
    "id": "arnotts-biscuits-lemon-crisp",
    "brand": "Arnott's",
    "name": "Lemon Crisp Biscuits",
    "imageUrl": "https://shop.coles.com.au/wcsstore/Coles-CAS/images/3/2/9/329414-th.jpg",
    "categories": ["pantry"],
    "tags": ["snacks", "biscuits-cokies"],
    "locations": {
      "vic": {
        "price": 3,
        "promoText": " ",
        "packageSize": "250g",
        "packagePrice": "$1.20 per 100G"
      }
    }
  },
  {
    "id": "arnotts-biscuits-full-o-fruit",
    "brand": "Arnott's",
    "name": "Full O' Fruit Biscuits",
    "imageUrl": "https://shop.coles.com.au/wcsstore/Coles-CAS/images/3/4/4/344349-th.jpg",
    "categories": ["pantry"],
    "tags": ["snacks", "biscuits-cokies"],
    "locations": {
      "vic": {
        "price": 3.7,
        "promoText": " ",
        "packageSize": "250g",
        "packagePrice": "$1.48 per 100G"
      }
    }
  },
  {
    "id": "arnotts-scotch-finger-minis-biscuits-8-pack",
    "brand": "Arnott's",
    "name": "Scotch Finger Minis Biscuits 8 pack",
    "imageUrl": "https://shop.coles.com.au/wcsstore/Coles-CAS/images/2/9/9/2992179-th.jpg",
    "categories": ["pantry"],
    "tags": ["snacks", "biscuits-cokies"],
    "locations": {
      "vic": {
        "price": 4,
        "promoText": " ",
        "packageSize": "200g",
        "packagePrice": "$2.00 per 100G"
      }
    }
  },
  {
    "id": "arnotts-chips-cracker-sea-salt",
    "brand": "Arnott's",
    "name": "Sea Salt Cracker Chips",
    "imageUrl": "https://shop.coles.com.au/wcsstore/Coles-CAS/images/3/4/4/3449423-th.jpg",
    "categories": ["pantry"],
    "tags": ["snacks", "biscuits-cokies"],
    "locations": {
      "vic": {
        "price": 3,
        "promoText": "$1.50 ",
        "packageSize": "150g",
        "packagePrice": "$2.00 per 100G"
      }
    }
  },
  {
    "id": "arnotts-shapes-party-pack-crackers-chicken-crimpy",
    "brand": "Arnott's",
    "name": "Shapes Chicken Crimpy Crackers Party Pack",
    "imageUrl": "https://shop.coles.com.au/wcsstore/Coles-CAS/images/3/6/5/3659131-th.jpg",
    "categories": ["pantry"],
    "tags": ["snacks", "biscuits-cokies"],
    "locations": {
      "vic": {
        "price": 5,
        "promoText": " ",
        "packageSize": "400g",
        "packagePrice": "$1.25 per 100G"
      }
    }
  },
  {
    "id": "arnotts-shapes-15-pack-crackers-aussie-legends",
    "brand": "Arnott's",
    "name": "Shapes Crackers Aussie Legends 15 Variety Packs",
    "imageUrl": "https://shop.coles.com.au/wcsstore/Coles-CAS/images/3/6/9/3697196-th.jpg",
    "categories": ["pantry"],
    "tags": ["snacks", "biscuits-cokies"],
    "locations": {
      "vic": {
        "price": 5,
        "promoText": " ",
        "packageSize": "375g",
        "packagePrice": "$1.33 per 100G"
      }
    }
  },
  {
    "id": "arnotts-chips-cracker-mozzarella-basil",
    "brand": "Arnott's",
    "name": "Mozzarella & Basil Cracker Chips",
    "imageUrl": "https://shop.coles.com.au/wcsstore/Coles-CAS/images/3/7/3/3735003-th.jpg",
    "categories": ["pantry"],
    "tags": ["snacks", "biscuits-cokies"],
    "locations": {
      "vic": {
        "price": 3,
        "promoText": "$1.50 ",
        "packageSize": "150g",
        "packagePrice": "$2.00 per 100G"
      }
    }
  },
  {
    "id": "belvita-biscuits-breakfast-honey-nut-6-pack",
    "brand": "Belvita",
    "name": "Honey and Nut Breakfast Biscuits 6 Pack",
    "imageUrl": "https://shop.coles.com.au/wcsstore/Coles-CAS/images/1/0/2/1020783-th.jpg",
    "categories": ["pantry"],
    "tags": ["snacks", "biscuits-cokies"],
    "locations": {
      "vic": {
        "price": 4,
        "promoText": " ",
        "packageSize": "300g",
        "packagePrice": "$1.33 per 100G"
      }
    }
  },
  {
    "id": "belvita-cranberry-sultana-soft-bakes-biscuit",
    "brand": "Belvita",
    "name": "Cranberry & Sultana Soft Bakes Biscuit",
    "imageUrl": "https://shop.coles.com.au/wcsstore/Coles-CAS/images/3/1/5/3151465-th.jpg",
    "categories": ["pantry"],
    "tags": ["snacks", "biscuits-cokies"],
    "locations": {
      "vic": {
        "price": 4.5,
        "promoText": " ",
        "packageSize": "200g",
        "packagePrice": "$2.25 per 100G"
      }
    }
  },
  {
    "id": "cadbury-breakaway-milk-chocolate-biscuit",
    "brand": "Cadbury",
    "name": "Breakaway Milk Chocolate Biscuit",
    "imageUrl": "https://shop.coles.com.au/wcsstore/Coles-CAS/images/2/2/3/2239312-th.jpg",
    "categories": ["pantry"],
    "tags": ["snacks", "biscuits-cokies"],
    "locations": {
      "vic": {
        "price": 3.5,
        "promoText": " ",
        "packageSize": "180g",
        "packagePrice": "$1.94 per 100G"
      }
    }
  },
  {
    "id": "cadbury-choc-chip-cookies",
    "brand": "Cadbury",
    "name": "Soft Biscuit Classic Choc Chip",
    "imageUrl": "https://shop.coles.com.au/wcsstore/Coles-CAS/images/2/9/9/2994276-th.jpg",
    "categories": ["pantry"],
    "tags": ["snacks", "biscuits-cokies"],
    "locations": {
      "vic": {
        "price": 3.5,
        "promoText": " ",
        "packageSize": "156g",
        "packagePrice": "$2.24 per 100G"
      }
    }
  },
  {
    "id": "coles-biscuits-100s-1000s-mini",
    "brand": "Coles",
    "name": "100's & 1000's Mini Biscuits",
    "imageUrl": "https://shop.coles.com.au/wcsstore/Coles-CAS/images/7/5/1/7512907-th.jpg",
    "categories": ["pantry"],
    "tags": ["snacks", "biscuits-cokies"],
    "locations": {
      "vic": {
        "price": 2.2,
        "promoText": " ",
        "packageSize": "200g",
        "packagePrice": "$1.10 per 100G"
      }
    }
  },
  {
    "id": "coles-smart-buy-biscuits-gingernut",
    "brand": "Coles",
    "name": "Gingernut Biscuits",
    "imageUrl": "https://shop.coles.com.au/wcsstore/Coles-CAS/images/7/4/3/7432014-th.jpg",
    "categories": ["pantry"],
    "tags": ["snacks", "biscuits-cokies"],
    "locations": {
      "vic": {
        "price": 1.1,
        "promoText": " ",
        "packageSize": "250g",
        "packagePrice": "$0.44 per 100G"
      }
    }
  },
  {
    "id": "coles-cream-wafers-chocolate",
    "brand": "Coles",
    "name": "Chocolate Cream Wafers",
    "imageUrl": "https://shop.coles.com.au/wcsstore/Coles-CAS/images/1/3/8/1389794-th.jpg",
    "categories": ["pantry"],
    "tags": ["snacks", "biscuits-cokies"],
    "locations": {
      "vic": {
        "price": 0.55,
        "promoText": " ",
        "packageSize": "125g",
        "packagePrice": "$0.44 per 100G"
      }
    }
  },
  {
    "id": "coles-milk-digestive-biscuits",
    "brand": "Coles",
    "name": "Milk Digestive Biscuits",
    "imageUrl": "https://shop.coles.com.au/wcsstore/Coles-CAS/images/1/4/1/1417700-th.jpg",
    "categories": ["pantry"],
    "tags": ["snacks", "biscuits-cokies"],
    "locations": {
      "vic": {
        "price": 1.65,
        "promoText": " ",
        "packageSize": "200g",
        "packagePrice": "$0.83 per 100G"
      }
    }
  },
  {
    "id": "coles-snack-bites-pizza",
    "brand": "Coles",
    "name": "Chicken Snack Bites",
    "imageUrl": "https://shop.coles.com.au/wcsstore/Coles-CAS/images/2/0/9/2099574-th.jpg",
    "categories": ["pantry"],
    "tags": ["snacks", "biscuits-cokies"],
    "locations": {
      "vic": {
        "price": 1.4,
        "promoText": " ",
        "packageSize": "200g",
        "packagePrice": "$0.70 per 100G"
      }
    }
  },
  {
    "id": "coles-multipack-8pk-mini-biscuits-choc-chip",
    "brand": "Coles",
    "name": "Multipack Mini Biscuits Choc Chip Cookies 8 Pack",
    "imageUrl": "https://shop.coles.com.au/wcsstore/Coles-CAS/images/3/1/8/3182800-th.jpg",
    "categories": ["pantry"],
    "tags": ["snacks", "biscuits-cokies"],
    "locations": {
      "vic": {
        "price": 2.5,
        "promoText": " ",
        "packageSize": "180g",
        "packagePrice": "$1.39 per 100G"
      }
    }
  },
  {
    "id": "coles-multipack-butter-10-biscuits-mini-monkey",
    "brand": "Coles",
    "name": "Mini Monkey Multipack Biscuits 10 Pack",
    "imageUrl": "https://shop.coles.com.au/wcsstore/Coles-CAS/images/3/1/8/3182797-th.jpg",
    "categories": ["pantry"],
    "tags": ["snacks", "biscuits-cokies"],
    "locations": {
      "vic": {
        "price": 2.5,
        "promoText": " ",
        "packageSize": "250g",
        "packagePrice": "$1.00 per 100G"
      }
    }
  },
  {
    "id": "loacker-gardena-wafer-biscuits-hazelnut",
    "brand": "Loacker",
    "name": "Gardena Hazelnut Wafer",
    "imageUrl": "https://shop.coles.com.au/wcsstore/Coles-CAS/images/3/7/6/3763541-th.jpg",
    "categories": ["pantry"],
    "tags": ["snacks", "biscuits-cokies"],
    "locations": {
      "vic": {
        "price": 4,
        "promoText": "Any 2 $6",
        "packageSize": "200g",
        "packagePrice": "$2.00 per 100G"
      }
    }
  },
  {
    "id": "oreo-choc-coated-biscuit-triple-choc",
    "brand": "Oreo",
    "name": "Triple Chocolate Coated Biscuit 2 Pack",
    "imageUrl": "https://shop.coles.com.au/wcsstore/Coles-CAS/images/3/5/3/3536620-th.jpg",
    "categories": ["pantry"],
    "tags": ["snacks", "biscuits-cokies"],
    "locations": {
      "vic": {
        "price": 3.8,
        "promoText": " ",
        "packageSize": "204g",
        "packagePrice": "$1.86 per 100G"
      }
    }
  },
  {
    "id": "always-fresh-ventagli-biscuit-puff-pastry-swirl",
    "brand": "Always Fresh",
    "name": "Ventagli Puff Pastry Swirl Biscuits",
    "imageUrl": "https://shop.coles.com.au/wcsstore/Coles-CAS/images/3/7/6/3763417-th.jpg",
    "categories": ["pantry"],
    "tags": ["snacks", "biscuits-cokies"],
    "locations": {
      "vic": {
        "price": 3.5,
        "promoText": " ",
        "packageSize": "110g",
        "packagePrice": "$3.18 per 100G"
      }
    }
  },
  {
    "id": "always-fresh-pasticcini-biscuits-hazelnut",
    "brand": "Always Fresh",
    "name": "Pasticcini Hazelnut Biscuits",
    "imageUrl": "https://shop.coles.com.au/wcsstore/Coles-CAS/images/3/7/6/3763392-th.jpg",
    "categories": ["pantry"],
    "tags": ["snacks", "biscuits-cokies"],
    "locations": {
      "vic": {
        "price": 3.5,
        "promoText": " ",
        "packageSize": "110g",
        "packagePrice": "$3.18 per 100G"
      }
    }
  },
  {
    "id": "arnotts-biscuits-wagon-wheels-mini-chocolate",
    "brand": "Arnott's",
    "name": "Mini Chocolate Wagon Wheels",
    "imageUrl": "https://shop.coles.com.au/wcsstore/Coles-CAS/images/8/7/0/8707049-th.jpg",
    "categories": ["pantry"],
    "tags": ["snacks", "biscuits-cokies"],
    "locations": {
      "vic": {
        "price": 2.5,
        "promoText": "Was $3.65 on Sep 2018 ",
        "packageSize": "190g",
        "packagePrice": "$1.32 per 100G"
      }
    }
  },
  {
    "id": "arnotts-biscuits-shredded-wheatmeal",
    "brand": "Arnott's",
    "name": "Shredded Wheatmeal Biscuits",
    "imageUrl": "https://shop.coles.com.au/wcsstore/Coles-CAS/images/3/2/9/329276-th.jpg",
    "categories": ["pantry"],
    "tags": ["snacks", "biscuits-cokies"],
    "locations": {
      "vic": {
        "price": 2.3,
        "promoText": " ",
        "packageSize": "250g",
        "packagePrice": "$0.92 per 100G"
      }
    }
  },
  {
    "id": "arnotts-bites-biscuits-tim-tam",
    "brand": "Arnott's",
    "name": "Tim Tam Bites",
    "imageUrl": "https://shop.coles.com.au/wcsstore/Coles-CAS/images/2/8/6/2869900-th.jpg",
    "categories": ["pantry"],
    "tags": ["snacks", "biscuits-cokies"],
    "locations": {
      "vic": {
        "price": 4.4,
        "promoText": " ",
        "packageSize": "170g",
        "packagePrice": "$2.59 per 100G"
      }
    }
  },
  {
    "id": "arnotts-crackers-crimpy-chicken-shapes-8-pack",
    "brand": "Arnott's",
    "name": "Crackers Crimpy Chicken Shapes 8 Pack",
    "imageUrl": "https://shop.coles.com.au/wcsstore/Coles-CAS/images/2/9/9/2992237-th.jpg",
    "categories": ["pantry"],
    "tags": ["snacks", "biscuits-cokies"],
    "locations": {
      "vic": {
        "price": 4,
        "promoText": " ",
        "packageSize": "200g",
        "packagePrice": "$2.00 per 100G"
      }
    }
  },
  {
    "id": "arnotts-shortbread-cream-biscuit-mud-cake",
    "brand": "Arnott's",
    "name": "Shortbread Cream mud Cake Biscuit",
    "imageUrl": "https://shop.coles.com.au/wcsstore/Coles-CAS/images/3/7/5/3756105-th.jpg",
    "categories": ["pantry"],
    "tags": ["snacks", "biscuits-cokies"],
    "locations": {
      "vic": {
        "price": 3,
        "promoText": " ",
        "packageSize": "250g",
        "packagePrice": "$1.20 per 100G"
      }
    }
  },
  {
    "id": "belvita-biscuits-breakfast-fruit-fibre-6-pack",
    "brand": "Belvita",
    "name": "Fruit and Fibre Breakfast Biscuits 6 Pack",
    "imageUrl": "https://shop.coles.com.au/wcsstore/Coles-CAS/images/9/1/0/9109870-th.jpg",
    "categories": ["pantry"],
    "tags": ["snacks", "biscuits-cokies"],
    "locations": {
      "vic": {
        "price": 4,
        "promoText": " ",
        "packageSize": "300g",
        "packagePrice": "$1.33 per 100G"
      }
    }
  },
  {
    "id": "belvita-breakfast-minis-biscuits-honey-choc-chip",
    "brand": "Belvita",
    "name": "Minis Honey & Choc Chip Breakfast Biscuits 6 pack",
    "imageUrl": "https://shop.coles.com.au/wcsstore/Coles-CAS/images/3/4/3/3434674-th.jpg",
    "categories": ["pantry"],
    "tags": ["snacks", "biscuits-cokies"],
    "locations": {
      "vic": {
        "price": 5,
        "promoText": " ",
        "packageSize": "210g",
        "packagePrice": "$2.38 per 100G"
      }
    }
  },
  {
    "id": "belvita-soft-bakes-biscuits-apple-cinnamon",
    "brand": "Belvita",
    "name": "Soft Bake Bites Apple Cinnamon Biscuits",
    "imageUrl": "https://shop.coles.com.au/wcsstore/Coles-CAS/images/3/7/7/3771696-th.jpg",
    "categories": ["pantry"],
    "tags": ["snacks", "biscuits-cokies"],
    "locations": {
      "vic": {
        "price": 4.5,
        "promoText": " ",
        "packageSize": "",
        "packagePrice": ""
      }
    }
  },
  {
    "id": "byron-bay-cookies-triple-choc-fudge",
    "brand": "Byron Bay Cookie",
    "name": "Triple Choc Bites Pouch",
    "imageUrl": "https://shop.coles.com.au/wcsstore/Coles-CAS/images/2/9/9/2992656-th.jpg",
    "categories": ["pantry"],
    "tags": ["snacks", "biscuits-cokies"],
    "locations": {
      "vic": {
        "price": 2.5,
        "promoText": " ",
        "packageSize": "100g",
        "packagePrice": "$2.50 per 100G"
      }
    }
  },
  {
    "id": "cadbury-choc-biscuit-freddo",
    "brand": "Cadbury",
    "name": "Freddo Delicious Biscuits Dipped In Milk Chocolate",
    "imageUrl": "https://shop.coles.com.au/wcsstore/Coles-CAS/images/3/2/6/3265792-th.jpg",
    "categories": ["pantry"],
    "tags": ["snacks", "biscuits-cokies"],
    "locations": {
      "vic": {
        "price": 3,
        "promoText": "Any 2 $4",
        "packageSize": "167g",
        "packagePrice": "$1.80 per 100G"
      }
    }
  },
  {
    "id": "coles-cream-wafers-vanilla",
    "brand": "Coles",
    "name": "Vanilla Cream Wafers",
    "imageUrl": "https://shop.coles.com.au/wcsstore/Coles-CAS/images/1/3/8/1389783-th.jpg",
    "categories": ["pantry"],
    "tags": ["snacks", "biscuits-cokies"],
    "locations": {
      "vic": {
        "price": 0.55,
        "promoText": " ",
        "packageSize": "125g",
        "packagePrice": "$0.44 per 100G"
      }
    }
  },
  {
    "id": "coles-cream-wafers-mini-multipack",
    "brand": "Coles",
    "name": "Mini Cream Wafers Multipack",
    "imageUrl": "https://shop.coles.com.au/wcsstore/Coles-CAS/images/1/3/8/1389728-th.jpg",
    "categories": ["pantry"],
    "tags": ["snacks", "biscuits-cokies"],
    "locations": {
      "vic": {
        "price": 2.5,
        "promoText": " ",
        "packageSize": "175g",
        "packagePrice": "$1.43 per 100G"
      }
    }
  },
  {
    "id": "coles-biscuits-shortbread-fingers-1406044p",
    "brand": "Coles",
    "name": "Shortbread Finger Biscuits With Butter",
    "imageUrl": "https://shop.coles.com.au/wcsstore/Coles-CAS/images/1/4/0/1406044-th.jpg",
    "categories": ["pantry"],
    "tags": ["snacks", "biscuits-cokies"],
    "locations": {
      "vic": {
        "price": 2,
        "promoText": " ",
        "packageSize": "200g",
        "packagePrice": "$1.00 per 100G"
      }
    }
  },
  {
    "id": "oreo-wafer-bites-bscuits-chocolate",
    "brand": "Oreo",
    "name": "Chocolate Flavour Wafer Bites",
    "imageUrl": "https://shop.coles.com.au/wcsstore/Coles-CAS/images/3/4/3/3433412-th.jpg",
    "categories": ["pantry"],
    "tags": ["snacks", "biscuits-cokies"],
    "locations": {
      "vic": {
        "price": 1,
        "promoText": " ",
        "packageSize": "47g",
        "packagePrice": "$2.13 per 100G"
      }
    }
  },
  {
    "id": "ritz-sandwich-crackers-vanilla",
    "brand": "Ritz",
    "name": "Sweet N Salty Vanilla Flavoured Sandwich Crackers",
    "imageUrl": "https://shop.coles.com.au/wcsstore/Coles-CAS/images/3/5/8/3589295-th.jpg",
    "categories": ["pantry"],
    "tags": ["snacks", "biscuits-cokies"],
    "locations": {
      "vic": {
        "price": 1.5,
        "promoText": " ",
        "packageSize": "118g",
        "packagePrice": "$1.27 per 100G"
      }
    }
  },
  {
    "id": "sakata-rice-snacks-bbq-multipack",
    "brand": "Sakata",
    "name": "BBQ Rice Snacks Multipack",
    "imageUrl": "https://shop.coles.com.au/wcsstore/Coles-CAS/images/9/1/6/9169850-th.jpg",
    "categories": ["pantry"],
    "tags": ["snacks", "biscuits-cokies"],
    "locations": {
      "vic": {
        "price": 2.5,
        "promoText": " ",
        "packageSize": "90g",
        "packagePrice": "$2.78 per 100G"
      }
    }
  },
  {
    "id": "sunbites-snack-5-pack-crackers-cheddar-chive",
    "brand": "Sunbites",
    "name": "Cheddar & Chive Snack Crackers With Quinoa 5 Pack",
    "imageUrl": "https://shop.coles.com.au/wcsstore/Coles-CAS/images/2/9/9/2992420-th.jpg",
    "categories": ["pantry"],
    "tags": ["snacks", "biscuits-cokies"],
    "locations": {
      "vic": {
        "price": 3.5,
        "promoText": " ",
        "packageSize": "120g",
        "packagePrice": "$2.92 per 100G"
      }
    }
  },
  {
    "id": "always-fresh-amaretti-biscuits",
    "brand": "Always Fresh",
    "name": "Amaretti Biscuits",
    "imageUrl": "https://shop.coles.com.au/wcsstore/Coles-CAS/images/3/7/6/3763428-th.jpg",
    "categories": ["pantry"],
    "tags": ["snacks", "biscuits-cokies"],
    "locations": {
      "vic": {
        "price": 3.5,
        "promoText": " ",
        "packageSize": "150g",
        "packagePrice": "$2.33 per 100G"
      }
    }
  },
  {
    "id": "arnotts-multipack-8-pack-cracker-chip-honeysoy-chk",
    "brand": "Arnott's",
    "name": "Honey Soy Chicken Cracker Chips 7 pack",
    "imageUrl": "https://shop.coles.com.au/wcsstore/Coles-CAS/images/3/4/6/3468122-th.jpg",
    "categories": ["pantry"],
    "tags": ["snacks", "biscuits-cokies"],
    "locations": {
      "vic": {
        "price": 4.2,
        "promoText": " ",
        "packageSize": "126g",
        "packagePrice": "$3.33 per 100G"
      }
    }
  },
  {
    "id": "belvita-golden-grain-soft-bakes-biscuit",
    "brand": "Belvita",
    "name": "Golden Grain Soft Bakes Biscuit",
    "imageUrl": "https://shop.coles.com.au/wcsstore/Coles-CAS/images/3/1/5/3151476-th.jpg",
    "categories": ["pantry"],
    "tags": ["snacks", "biscuits-cokies"],
    "locations": {
      "vic": {
        "price": 4.5,
        "promoText": " ",
        "packageSize": "200g",
        "packagePrice": "$2.25 per 100G"
      }
    }
  },
  {
    "id": "belvita-soft-bake-bites-biscuit-raspberry-vanilla",
    "brand": "Belvita",
    "name": "Soft Bake Bites Raspberry Vanilla Biscuits",
    "imageUrl": "https://shop.coles.com.au/wcsstore/Coles-CAS/images/3/7/6/3763188-th.jpg",
    "categories": ["pantry"],
    "tags": ["snacks", "biscuits-cokies"],
    "locations": {
      "vic": {
        "price": 4.5,
        "promoText": " ",
        "packageSize": "110g",
        "packagePrice": "$4.09 per 100G"
      }
    }
  },
  {
    "id": "byron-bay-cokie-bites-pouch-rocky-road",
    "brand": "Byron Bay Cookie",
    "name": "Rocky Road Bites Pouch",
    "imageUrl": "https://shop.coles.com.au/wcsstore/Coles-CAS/images/3/7/6/3763042-th.jpg",
    "categories": ["pantry"],
    "tags": ["snacks", "biscuits-cokies"],
    "locations": {
      "vic": {
        "price": 2.5,
        "promoText": " ",
        "packageSize": "100g",
        "packagePrice": "$2.50 per 100G"
      }
    }
  },
  {
    "id": "byron-bay-cokie-bites-pouch-milk-choc-chunk",
    "brand": "Byron Bay Cookie",
    "name": "Milk Choc Chunk Bites Pouch",
    "imageUrl": "https://shop.coles.com.au/wcsstore/Coles-CAS/images/3/7/6/3762527-th.jpg",
    "categories": ["pantry"],
    "tags": ["snacks", "biscuits-cokies"],
    "locations": {
      "vic": {
        "price": 2.5,
        "promoText": " ",
        "packageSize": "100g",
        "packagePrice": "$2.50 per 100G"
      }
    }
  },
  {
    "id": "coles-chocolatey-moments-biscuits-dark-choc-top",
    "brand": "Coles",
    "name": "Dark Chocolate Chocolatey Moments Biscuits",
    "imageUrl": "https://shop.coles.com.au/wcsstore/Coles-CAS/images/3/2/9/3295738-th.jpg",
    "categories": ["pantry"],
    "tags": ["snacks", "biscuits-cokies"],
    "locations": {
      "vic": {
        "price": 2,
        "promoText": " ",
        "packageSize": "125g",
        "packagePrice": "$1.60 per 100G"
      }
    }
  },
  {
    "id": "coles-gooey-cookie-caramel-filled",
    "brand": "Coles",
    "name": "Gooey Caramel Filled Cookie Crumbles 8 Pack",
    "imageUrl": "https://shop.coles.com.au/wcsstore/Coles-CAS/images/3/2/8/3288798-th.jpg",
    "categories": ["pantry"],
    "tags": ["snacks", "biscuits-cokies"],
    "locations": {
      "vic": {
        "price": 3.5,
        "promoText": "Any 2 $3",
        "packageSize": "200g",
        "packagePrice": "$1.75 per 100G"
      }
    }
  },
  {
    "id": "coles-granola-bite-biscuit-coconut-chocolate",
    "brand": "Coles",
    "name": "Coconut & Chocolate Granola Bite 5 pack",
    "imageUrl": "https://shop.coles.com.au/wcsstore/Coles-CAS/images/3/5/0/3507439-th.jpg",
    "categories": ["pantry"],
    "tags": ["snacks", "biscuits-cokies"],
    "locations": {
      "vic": {
        "price": 3.5,
        "promoText": " ",
        "packageSize": "110g",
        "packagePrice": "$3.18 per 100G"
      }
    }
  },
  {
    "id": "coles-granola-bites-biscuits-blueberry",
    "brand": "Coles",
    "name": "Blueberry Granola Bites 5 Pack",
    "imageUrl": "https://shop.coles.com.au/wcsstore/Coles-CAS/images/3/5/0/3507417-th.jpg",
    "categories": ["pantry"],
    "tags": ["snacks", "biscuits-cokies"],
    "locations": {
      "vic": {
        "price": 3.5,
        "promoText": " ",
        "packageSize": "110g",
        "packagePrice": "$3.18 per 100G"
      }
    }
  },
  {
    "id": "coles-ultimate-biscuits-apple-pie",
    "brand": "Coles",
    "name": "Ultimate Apple Pie Cookies 12 Pack",
    "imageUrl": "https://shop.coles.com.au/wcsstore/Coles-CAS/images/3/4/9/3496569-th.jpg",
    "categories": ["pantry"],
    "tags": ["snacks", "biscuits-cokies"],
    "locations": {
      "vic": {
        "price": 3.5,
        "promoText": " ",
        "packageSize": "225g",
        "packagePrice": "$1.56 per 100G"
      }
    }
  },
  {
    "id": "go-ahead-biscuits-crispy-slice-sultana-forest-fruit",
    "brand": "Go Ahead",
    "name": "Sultana & Forest Fruit Crispy Slice",
    "imageUrl": "https://shop.coles.com.au/wcsstore/Coles-CAS/images/1/4/0/1405959-th.jpg",
    "categories": ["pantry"],
    "tags": ["snacks", "biscuits-cokies"],
    "locations": {
      "vic": {
        "price": 3.95,
        "promoText": " ",
        "packageSize": "218g",
        "packagePrice": "$1.81 per 100G"
      }
    }
  },
  {
    "id": "go-ahead-biscuits-crispy-slice-sultana-apple",
    "brand": "Go Ahead",
    "name": "Sultana & Apple Crispy Slice",
    "imageUrl": "https://shop.coles.com.au/wcsstore/Coles-CAS/images/1/4/0/1405948-th.jpg",
    "categories": ["pantry"],
    "tags": ["snacks", "biscuits-cokies"],
    "locations": {
      "vic": {
        "price": 3.95,
        "promoText": " ",
        "packageSize": "218g",
        "packagePrice": "$1.81 per 100G"
      }
    }
  },
  {
    "id": "white-wings-cookies-chunkies-chocolate-chip-mini-multipack",
    "brand": "Green's",
    "name": "Chunkies Chocolate Chip Cookies Mini Multipack",
    "imageUrl": "https://shop.coles.com.au/wcsstore/Coles-CAS/images/7/5/6/7568130-th.jpg",
    "categories": ["pantry"],
    "tags": ["snacks", "biscuits-cokies"],
    "locations": {
      "vic": {
        "price": 4.1,
        "promoText": " ",
        "packageSize": "200g",
        "packagePrice": "$2.05 per 100G"
      }
    }
  },
  {
    "id": "i-love-cokies-cokies-munchy-choc-chip",
    "brand": "I Love Cookies",
    "name": "Munchy Choc Chip Cookies",
    "imageUrl": "https://shop.coles.com.au/wcsstore/ColesResponsiveStorefrontAssetStore/dist/ccfc54aed6e361b650bcf0582f7b576b/img/img_product-placeholder.png",
    "categories": ["pantry"],
    "tags": ["snacks", "biscuits-cokies"],
    "locations": {
      "vic": {
        "price": 4,
        "promoText": "Was $4.50 on Jun 2020 ",
        "packageSize": "185g",
        "packagePrice": "$2.16 per 100G"
      }
    }
  },
  {
    "id": "i-love-cokies-cokies-choc-nana",
    "brand": "I Love Cookies",
    "name": "Choc Nana Cookies",
    "imageUrl": "https://shop.coles.com.au/wcsstore/ColesResponsiveStorefrontAssetStore/dist/ccfc54aed6e361b650bcf0582f7b576b/img/img_product-placeholder.png",
    "categories": ["pantry"],
    "tags": ["snacks", "biscuits-cokies"],
    "locations": {
      "vic": {
        "price": 4,
        "promoText": "Was $4.50 on Jun 2020 ",
        "packageSize": "185g",
        "packagePrice": "$2.16 per 100G"
      }
    }
  },
  {
    "id": "i-love-cokies-cokie-coconut-choc-chunk",
    "brand": "I Love Cookies",
    "name": "Coconut Choc Chunk Cookies",
    "imageUrl": "https://shop.coles.com.au/wcsstore/ColesResponsiveStorefrontAssetStore/dist/ccfc54aed6e361b650bcf0582f7b576b/img/img_product-placeholder.png",
    "categories": ["pantry"],
    "tags": ["snacks", "biscuits-cokies"],
    "locations": {
      "vic": {
        "price": 4,
        "promoText": "Was $4.50 on Jun 2020 ",
        "packageSize": "185g",
        "packagePrice": "$2.16 per 100G"
      }
    }
  },
  {
    "id": "i-love-cokies-cokie-rainbow-choc-magic",
    "brand": "I Love Cookies",
    "name": "Rainbow Choc Magic Cookies",
    "imageUrl": "https://shop.coles.com.au/wcsstore/ColesResponsiveStorefrontAssetStore/dist/ccfc54aed6e361b650bcf0582f7b576b/img/img_product-placeholder.png",
    "categories": ["pantry"],
    "tags": ["snacks", "biscuits-cokies"],
    "locations": {
      "vic": {
        "price": 4,
        "promoText": "Was $4.50 on Jun 2020 ",
        "packageSize": "185g",
        "packagePrice": "$2.16 per 100G"
      }
    }
  },
  {
    "id": "loacker-gardena-wafer-biscuits",
    "brand": "Loacker",
    "name": "Gardena Wafer",
    "imageUrl": "https://shop.coles.com.au/wcsstore/Coles-CAS/images/3/7/7/3770172-th.jpg",
    "categories": ["pantry"],
    "tags": ["snacks", "biscuits-cokies"],
    "locations": {
      "vic": {
        "price": 4,
        "promoText": "Any 2 $6",
        "packageSize": "200g",
        "packagePrice": "$2.00 per 100G"
      }
    }
  },
  {
    "id": "mcvities-digestives-thins-biscuit-dark-chocolate",
    "brand": "McVitie's",
    "name": "Thins Dark Chocolate Digestive Biscuits",
    "imageUrl": "https://shop.coles.com.au/wcsstore/Coles-CAS/images/3/3/1/3313771-th.jpg",
    "categories": ["pantry"],
    "tags": ["snacks", "biscuits-cokies"],
    "locations": {
      "vic": {
        "price": 3.5,
        "promoText": " ",
        "packageSize": "150g",
        "packagePrice": "$2.33 per 100G"
      }
    }
  },
  {
    "id": "mcvities-digestives-thins-biscuit-milk-chocolate",
    "brand": "McVities",
    "name": "Thins Milk Chocolate Biscuits",
    "imageUrl": "https://shop.coles.com.au/wcsstore/Coles-CAS/images/3/3/1/3313782-th.jpg",
    "categories": ["pantry"],
    "tags": ["snacks", "biscuits-cokies"],
    "locations": {
      "vic": {
        "price": 3.5,
        "promoText": " ",
        "packageSize": "150g",
        "packagePrice": "$2.33 per 100G"
      }
    }
  },
  {
    "id": "kraft-original-oreo-cookies-grab-go-pack",
    "brand": "Oreo",
    "name": "Original Grab N Go Cookies",
    "imageUrl": "https://shop.coles.com.au/wcsstore/Coles-CAS/images/1/8/4/1843832-th.jpg",
    "categories": ["pantry"],
    "tags": ["snacks", "biscuits-cokies"],
    "locations": {
      "vic": {
        "price": 3.95,
        "promoText": " ",
        "packageSize": "256g",
        "packagePrice": "$1.54 per 100G"
      }
    }
  },
  {
    "id": "oreo--strawberry-cr%C3%A8me-biscuits",
    "brand": "Oreo",
    "name": "Strawberry CrÃ¨me Cookies",
    "imageUrl": "https://shop.coles.com.au/wcsstore/Coles-CAS/images/2/7/1/2710448-th.jpg",
    "categories": ["pantry"],
    "tags": ["snacks", "biscuits-cokies"],
    "locations": {
      "vic": {
        "price": 1.5,
        "promoText": "$0.50 ",
        "packageSize": "133g",
        "packagePrice": "$1.13 per 100G"
      }
    }
  },
  {
    "id": "oreo-choc-coated-biscuit-mint",
    "brand": "Oreo",
    "name": "Cadbury Coated Mint Biscuit 6 x 2 pack",
    "imageUrl": "https://shop.coles.com.au/wcsstore/Coles-CAS/images/3/2/6/3260380-th.jpg",
    "categories": ["pantry"],
    "tags": ["snacks", "biscuits-cokies"],
    "locations": {
      "vic": {
        "price": 3.8,
        "promoText": " ",
        "packageSize": "204g",
        "packagePrice": "$1.86 per 100G"
      }
    }
  },
  {
    "id": "oreo-family-pack-biscuits-creme-chocolate",
    "brand": "Oreo",
    "name": "Chocolate Creme Biscuits Family Pack",
    "imageUrl": "https://shop.coles.com.au/wcsstore/Coles-CAS/images/3/7/1/3711220-th.jpg",
    "categories": ["pantry"],
    "tags": ["snacks", "biscuits-cokies"],
    "locations": {
      "vic": {
        "price": 4.5,
        "promoText": " ",
        "packageSize": "370g",
        "packagePrice": "$1.22 per 100G"
      }
    }
  },
  {
    "id": "ritz-sandwich-crackers-choc",
    "brand": "Ritz",
    "name": "Sweet N Salty Choc Flavoured Sandwich Crackers",
    "imageUrl": "https://shop.coles.com.au/wcsstore/Coles-CAS/images/3/5/8/3589284-th.jpg",
    "categories": ["pantry"],
    "tags": ["snacks", "biscuits-cokies"],
    "locations": {
      "vic": {
        "price": 1.5,
        "promoText": " ",
        "packageSize": "118g",
        "packagePrice": "$1.27 per 100G"
      }
    }
  },
  {
    "id": "the-natural-cracker-co-cracker-swt-chilli-sr-crm",
    "brand": "The Natural Cracker Co.",
    "name": "Cracker Sweet Chilli Sour Cream",
    "imageUrl": "https://shop.coles.com.au/wcsstore/Coles-CAS/images/3/4/4/3449820-th.jpg",
    "categories": ["pantry"],
    "tags": ["snacks", "biscuits-cokies"],
    "locations": {
      "vic": {
        "price": 3.5,
        "promoText": " ",
        "packageSize": "160g",
        "packagePrice": "$2.19 per 100G"
      }
    }
  },
  {
    "id": "vittoria-biscotti-biscuits-amaretti",
    "brand": "Vittoria Biscotti",
    "name": "Amaretti Biscuits",
    "imageUrl": "https://shop.coles.com.au/wcsstore/ColesResponsiveStorefrontAssetStore/dist/ccfc54aed6e361b650bcf0582f7b576b/img/img_product-placeholder.png",
    "categories": ["pantry"],
    "tags": ["snacks", "biscuits-cokies"],
    "locations": {
      "vic": {
        "price": 4,
        "promoText": " ",
        "packageSize": "200g",
        "packagePrice": "$2.00 per 100G"
      }
    }
  },
  {
    "id": "nobbys-nuts-peanuts-salted",
    "brand": "Nobby's",
    "name": "Salted Peanuts",
    "imageUrl": "https://shop.coles.com.au/wcsstore/Coles-CAS/images/1/6/9/169828-th.jpg",
    "categories": ["pantry"],
    "tags": ["snacks", "nuts-trail-mix"],
    "locations": {
      "vic": {
        "price": 3,
        "promoText": "$0.50 ",
        "packageSize": "375g",
        "packagePrice": "$8.00 per 1Kg"
      }
    }
  },
  {
    "id": "nobbys-nuts-mixed-salted",
    "brand": "Nobby's",
    "name": "Salted Mixed Nuts",
    "imageUrl": "https://shop.coles.com.au/wcsstore/Coles-CAS/images/3/1/0/310289-th.jpg",
    "categories": ["pantry"],
    "tags": ["snacks", "nuts-trail-mix"],
    "locations": {
      "vic": {
        "price": 6.65,
        "promoText": " ",
        "packageSize": "375g",
        "packagePrice": "$17.73 per 1Kg"
      }
    }
  },
  {
    "id": "nobbys-nuts-cashews-salted",
    "brand": "Nobby's",
    "name": "Salted Cashews",
    "imageUrl": "https://shop.coles.com.au/wcsstore/Coles-CAS/images/8/3/3/8331872-th.jpg",
    "categories": ["pantry"],
    "tags": ["snacks", "nuts-trail-mix"],
    "locations": {
      "vic": {
        "price": 9.55,
        "promoText": " ",
        "packageSize": "300g",
        "packagePrice": "$31.83 per 1Kg"
      }
    }
  },
  {
    "id": "coles-pepitas-3017542p",
    "brand": "Coles",
    "name": "Pepitas",
    "imageUrl": "https://shop.coles.com.au/wcsstore/Coles-CAS/images/3/0/1/3017542-th.jpg",
    "categories": ["pantry"],
    "tags": ["snacks", "nuts-trail-mix"],
    "locations": {
      "vic": {
        "price": 2.5,
        "promoText": " ",
        "packageSize": "150g",
        "packagePrice": "$16.67 per 1Kg"
      }
    }
  },
  {
    "id": "majans-bhuja-original-mix",
    "brand": "Majans Bhuja",
    "name": "Original Mix",
    "imageUrl": "https://shop.coles.com.au/wcsstore/Coles-CAS/images/2/5/2/2523327-th.jpg",
    "categories": ["pantry"],
    "tags": ["snacks", "nuts-trail-mix"],
    "locations": {
      "vic": {
        "price": 3.85,
        "promoText": "Any 2 $5",
        "packageSize": "200g",
        "packagePrice": "$19.25 per 1Kg"
      }
    }
  },
  {
    "id": "coles-unsalted-peanuts",
    "brand": "Coles",
    "name": "Australian Peanuts Unsalted",
    "imageUrl": "https://shop.coles.com.au/wcsstore/Coles-CAS/images/2/5/1/2518746-th.jpg",
    "categories": ["pantry"],
    "tags": ["snacks", "nuts-trail-mix"],
    "locations": {
      "vic": {
        "price": 3,
        "promoText": " ",
        "packageSize": "375g",
        "packagePrice": "$8.00 per 1Kg"
      }
    }
  },
  {
    "id": "coles-pinenuts",
    "brand": "Coles",
    "name": "Pine Nuts",
    "imageUrl": "https://shop.coles.com.au/wcsstore/Coles-CAS/images/3/0/1/3017531-th.jpg",
    "categories": ["pantry"],
    "tags": ["snacks", "nuts-trail-mix"],
    "locations": {
      "vic": {
        "price": 3.95,
        "promoText": " ",
        "packageSize": "80g",
        "packagePrice": "$49.38 per 1Kg"
      }
    }
  },
  {
    "id": "coles-salted-peanuts",
    "brand": "Coles",
    "name": "Salted Peanuts",
    "imageUrl": "https://shop.coles.com.au/wcsstore/Coles-CAS/images/2/5/1/2518735-th.jpg",
    "categories": ["pantry"],
    "tags": ["snacks", "nuts-trail-mix"],
    "locations": {
      "vic": {
        "price": 3,
        "promoText": " ",
        "packageSize": "375g",
        "packagePrice": "$8.00 per 1Kg"
      }
    }
  },
  {
    "id": "coles-unsalted-mixed-nuts",
    "brand": "Coles",
    "name": "Unsalted Mixed Nuts",
    "imageUrl": "https://shop.coles.com.au/wcsstore/Coles-CAS/images/2/5/2/2522302-th.jpg",
    "categories": ["pantry"],
    "tags": ["snacks", "nuts-trail-mix"],
    "locations": {
      "vic": {
        "price": 5.35,
        "promoText": " ",
        "packageSize": "375g",
        "packagePrice": "$14.27 per 1Kg"
      }
    }
  },
  {
    "id": "coles-macadamias",
    "brand": "Coles",
    "name": "Macadamias",
    "imageUrl": "https://shop.coles.com.au/wcsstore/Coles-CAS/images/3/0/4/3041230-th.jpg",
    "categories": ["pantry"],
    "tags": ["snacks", "nuts-trail-mix"],
    "locations": {
      "vic": {
        "price": 3.35,
        "promoText": " ",
        "packageSize": "80g",
        "packagePrice": "$41.88 per 1Kg"
      }
    }
  },
  {
    "id": "coles-californian-walnuts",
    "brand": "Coles",
    "name": "Californian Walnuts",
    "imageUrl": "https://shop.coles.com.au/wcsstore/Coles-CAS/images/3/5/5/3559283-th.jpg",
    "categories": ["pantry"],
    "tags": ["snacks", "nuts-trail-mix"],
    "locations": {
      "vic": {
        "price": 7,
        "promoText": " ",
        "packageSize": "350g",
        "packagePrice": "$2.00 per 100G"
      }
    }
  },
  {
    "id": "coles-unsalted-cashews",
    "brand": "Coles",
    "name": "Jumbo Unsalted Cashews",
    "imageUrl": "https://shop.coles.com.au/wcsstore/Coles-CAS/images/2/5/2/2522368-th.jpg",
    "categories": ["pantry"],
    "tags": ["snacks", "nuts-trail-mix"],
    "locations": {
      "vic": {
        "price": 5.5,
        "promoText": " ",
        "packageSize": "200g",
        "packagePrice": "$27.50 per 1Kg"
      }
    }
  },
  {
    "id": "coles-walnuts",
    "brand": "Coles",
    "name": "Californian Walnuts",
    "imageUrl": "https://shop.coles.com.au/wcsstore/Coles-CAS/images/2/7/4/2749374-th.jpg",
    "categories": ["pantry"],
    "tags": ["snacks", "nuts-trail-mix"],
    "locations": {
      "vic": {
        "price": 3.5,
        "promoText": " ",
        "packageSize": "150g",
        "packagePrice": "$2.33 per 100G"
      }
    }
  },
  {
    "id": "majans-bhuja-cracker-mix",
    "brand": "Majans Bhuja",
    "name": "Cracker Mix",
    "imageUrl": "https://shop.coles.com.au/wcsstore/Coles-CAS/images/2/5/2/2523338-th.jpg",
    "categories": ["pantry"],
    "tags": ["snacks", "nuts-trail-mix"],
    "locations": {
      "vic": {
        "price": 3.85,
        "promoText": "Any 2 $5",
        "packageSize": "200g",
        "packagePrice": "$19.25 per 1Kg"
      }
    }
  },
  {
    "id": "coles-salted-mixed-nuts",
    "brand": "Coles",
    "name": "Salted Mixed Nuts",
    "imageUrl": "https://shop.coles.com.au/wcsstore/Coles-CAS/images/2/5/2/2522299-th.jpg",
    "categories": ["pantry"],
    "tags": ["snacks", "nuts-trail-mix"],
    "locations": {
      "vic": {
        "price": 5.35,
        "promoText": " ",
        "packageSize": "375g",
        "packagePrice": "$14.27 per 1Kg"
      }
    }
  },
  {
    "id": "coles-pine-nuts",
    "brand": "Coles",
    "name": "Pine Nuts",
    "imageUrl": "https://shop.coles.com.au/wcsstore/Coles-CAS/images/3/0/4/3041241-th.jpg",
    "categories": ["pantry"],
    "tags": ["snacks", "nuts-trail-mix"],
    "locations": {
      "vic": {
        "price": 7,
        "promoText": " ",
        "packageSize": "150g",
        "packagePrice": "$46.67 per 1Kg"
      }
    }
  },
  {
    "id": "coles-salted-cashews",
    "brand": "Coles",
    "name": "Jumbo Salted Cashews",
    "imageUrl": "https://shop.coles.com.au/wcsstore/Coles-CAS/images/2/5/2/2522357-th.jpg",
    "categories": ["pantry"],
    "tags": ["snacks", "nuts-trail-mix"],
    "locations": {
      "vic": {
        "price": 5.5,
        "promoText": " ",
        "packageSize": "200g",
        "packagePrice": "$27.50 per 1Kg"
      }
    }
  },
  {
    "id": "coles-almond-slivered",
    "brand": "Coles",
    "name": "Slivered Almond",
    "imageUrl": "https://shop.coles.com.au/wcsstore/Coles-CAS/images/2/7/4/2749432-th.jpg",
    "categories": ["pantry"],
    "tags": ["snacks", "nuts-trail-mix"],
    "locations": {
      "vic": {
        "price": 5,
        "promoText": " ",
        "packageSize": "150g",
        "packagePrice": "$33.34 per 1Kg"
      }
    }
  },
  {
    "id": "coles-almond-flakes",
    "brand": "Coles",
    "name": "Flakes Almond",
    "imageUrl": "https://shop.coles.com.au/wcsstore/Coles-CAS/images/2/7/4/2749421-th.jpg",
    "categories": ["pantry"],
    "tags": ["snacks", "nuts-trail-mix"],
    "locations": {
      "vic": {
        "price": 5,
        "promoText": " ",
        "packageSize": "150g",
        "packagePrice": "$33.34 per 1Kg"
      }
    }
  },
  {
    "id": "coles-sunflower-seeds-3017553p",
    "brand": "Coles",
    "name": "Sunflower Seeds",
    "imageUrl": "https://shop.coles.com.au/wcsstore/Coles-CAS/images/3/0/1/3017553-th.jpg",
    "categories": ["pantry"],
    "tags": ["snacks", "nuts-trail-mix"],
    "locations": {
      "vic": {
        "price": 1.2,
        "promoText": " ",
        "packageSize": "150g",
        "packagePrice": "$8.00 per 1Kg"
      }
    }
  },
  {
    "id": "majans-bhuja-ancient-grain-nut-twists",
    "brand": "Majans Bhuja",
    "name": "Gluten Free Ancient Grain Twists With Chia And Quinoa",
    "imageUrl": "https://shop.coles.com.au/wcsstore/Coles-CAS/images/2/5/2/2523371-th.jpg",
    "categories": ["pantry"],
    "tags": ["snacks", "nuts-trail-mix"],
    "locations": {
      "vic": {
        "price": 3.85,
        "promoText": "Any 2 $5",
        "packageSize": "140g",
        "packagePrice": "$27.50 per 1Kg"
      }
    }
  },
  {
    "id": "coles-salted-mixed-nuts-2536012p",
    "brand": "Coles",
    "name": "Salted Mixed Nuts",
    "imageUrl": "https://shop.coles.com.au/wcsstore/Coles-CAS/images/2/5/3/2536012-th.jpg",
    "categories": ["pantry"],
    "tags": ["snacks", "nuts-trail-mix"],
    "locations": {
      "vic": {
        "price": 3,
        "promoText": " ",
        "packageSize": "375g",
        "packagePrice": "$8.00 per 1Kg"
      }
    }
  },
  {
    "id": "coles-pistachio-kernels",
    "brand": "Coles",
    "name": "Pistachio Kernels",
    "imageUrl": "https://shop.coles.com.au/wcsstore/Coles-CAS/images/3/0/4/3041219-th.jpg",
    "categories": ["pantry"],
    "tags": ["snacks", "nuts-trail-mix"],
    "locations": {
      "vic": {
        "price": 4.4,
        "promoText": " ",
        "packageSize": "80g",
        "packagePrice": "$55.00 per 1Kg"
      }
    }
  },
  {
    "id": "coles-natural-cashews-3559261p",
    "brand": "Coles",
    "name": "Natural Cashews",
    "imageUrl": "https://shop.coles.com.au/wcsstore/Coles-CAS/images/3/5/5/3559261-th.jpg",
    "categories": ["pantry"],
    "tags": ["snacks", "nuts-trail-mix"],
    "locations": {
      "vic": {
        "price": 7.5,
        "promoText": " ",
        "packageSize": "350g",
        "packagePrice": "$2.14 per 100G"
      }
    }
  },
  {
    "id": "majans-bhuja-nut-mix",
    "brand": "Majans Bhuja",
    "name": "Nut Mix",
    "imageUrl": "https://shop.coles.com.au/wcsstore/Coles-CAS/images/9/2/7/9272940-th.jpg",
    "categories": ["pantry"],
    "tags": ["snacks", "nuts-trail-mix"],
    "locations": {
      "vic": {
        "price": 3.85,
        "promoText": "Any 2 $5",
        "packageSize": "150g",
        "packagePrice": "$25.67 per 1Kg"
      }
    }
  },
  {
    "id": "riverside-all-australian-pecan-halves",
    "brand": "Riverside",
    "name": "Pecan Halves",
    "imageUrl": "https://shop.coles.com.au/wcsstore/Coles-CAS/images/6/7/7/6777983-th.jpg",
    "categories": ["pantry"],
    "tags": ["snacks", "nuts-trail-mix"],
    "locations": {
      "vic": {
        "price": 5.95,
        "promoText": " ",
        "packageSize": "180g",
        "packagePrice": "$33.06 per 1Kg"
      }
    }
  },
  {
    "id": "coles-natural-cashews",
    "brand": "Coles",
    "name": "Natural Cashews",
    "imageUrl": "https://shop.coles.com.au/wcsstore/Coles-CAS/images/2/8/9/2896095-th.jpg",
    "categories": ["pantry"],
    "tags": ["snacks", "nuts-trail-mix"],
    "locations": {
      "vic": {
        "price": 3.7,
        "promoText": " ",
        "packageSize": "150g",
        "packagePrice": "$24.67 per 1Kg"
      }
    }
  },
  {
    "id": "lucky-almond-meal",
    "brand": "Lucky",
    "name": "Almond Meal",
    "imageUrl": "https://shop.coles.com.au/wcsstore/Coles-CAS/images/6/4/2/6424112-th.jpg",
    "categories": ["pantry"],
    "tags": ["snacks", "nuts-trail-mix"],
    "locations": {
      "vic": {
        "price": 8,
        "promoText": "$2.00 ",
        "packageSize": "400g",
        "packagePrice": "$20.00 per 1Kg"
      }
    }
  },
  {
    "id": "lucky-almonds-natural-6023519p",
    "brand": "Lucky",
    "name": "Natural Almonds",
    "imageUrl": "https://shop.coles.com.au/wcsstore/Coles-CAS/images/6/0/2/6023519-th.jpg",
    "categories": ["pantry"],
    "tags": ["snacks", "nuts-trail-mix"],
    "locations": {
      "vic": {
        "price": 8.8,
        "promoText": "$2.20 ",
        "packageSize": "500g",
        "packagePrice": "$17.60 per 1Kg"
      }
    }
  },
  {
    "id": "majans-bhuja-beernut-mix",
    "brand": "Majans Bhuja",
    "name": "Gluten Free Beer Mix",
    "imageUrl": "https://shop.coles.com.au/wcsstore/Coles-CAS/images/2/5/2/2523291-th.jpg",
    "categories": ["pantry"],
    "tags": ["snacks", "nuts-trail-mix"],
    "locations": {
      "vic": {
        "price": 3.85,
        "promoText": "Any 2 $5",
        "packageSize": "160g",
        "packagePrice": "$24.06 per 1Kg"
      }
    }
  },
  {
    "id": "nobbys-nuts-beernuts",
    "brand": "Nobby's",
    "name": "Beernuts",
    "imageUrl": "https://shop.coles.com.au/wcsstore/Coles-CAS/images/1/8/4/184253-th.jpg",
    "categories": ["pantry"],
    "tags": ["snacks", "nuts-trail-mix"],
    "locations": {
      "vic": {
        "price": 3,
        "promoText": "$0.50 ",
        "packageSize": "375g",
        "packagePrice": "$8.00 per 1Kg"
      }
    }
  },
  {
    "id": "coles-hazelnuts",
    "brand": "Coles",
    "name": "Hazelnuts",
    "imageUrl": "https://shop.coles.com.au/wcsstore/Coles-CAS/images/3/0/1/3017597-th.jpg",
    "categories": ["pantry"],
    "tags": ["snacks", "nuts-trail-mix"],
    "locations": {
      "vic": {
        "price": 4,
        "promoText": " ",
        "packageSize": "150g",
        "packagePrice": "$26.67 per 1Kg"
      }
    }
  },
  {
    "id": "coles-natural-almonds-3017564p",
    "brand": "Coles",
    "name": "Natural Almonds Prepacked",
    "imageUrl": "https://shop.coles.com.au/wcsstore/Coles-CAS/images/3/0/1/3017564-th.jpg",
    "categories": ["pantry"],
    "tags": ["snacks", "nuts-trail-mix"],
    "locations": {
      "vic": {
        "price": 6,
        "promoText": " ",
        "packageSize": "350g",
        "packagePrice": "$17.14 per 1Kg"
      }
    }
  },
  {
    "id": "coles-smart-buy-almond-kernels",
    "brand": "Coles",
    "name": "Almond Kernels",
    "imageUrl": "https://shop.coles.com.au/wcsstore/Coles-CAS/images/9/4/9/9498895-th.jpg",
    "categories": ["pantry"],
    "tags": ["snacks", "nuts-trail-mix"],
    "locations": {
      "vic": {
        "price": 3.15,
        "promoText": " ",
        "packageSize": "150g",
        "packagePrice": "$21.00 per 1Kg"
      }
    }
  },
  {
    "id": "coles-almond-meal-3017575p",
    "brand": "Coles",
    "name": "Almond Meal",
    "imageUrl": "https://shop.coles.com.au/wcsstore/Coles-CAS/images/3/0/1/3017575-th.jpg",
    "categories": ["pantry"],
    "tags": ["snacks", "nuts-trail-mix"],
    "locations": {
      "vic": {
        "price": 8.5,
        "promoText": " ",
        "packageSize": "400g",
        "packagePrice": "$21.25 per 1Kg"
      }
    }
  },
  {
    "id": "lucky-hazelnut-meal",
    "brand": "Lucky",
    "name": "Hazelnut Meal",
    "imageUrl": "https://shop.coles.com.au/wcsstore/Coles-CAS/images/6/0/1/6014880-th.jpg",
    "categories": ["pantry"],
    "tags": ["snacks", "nuts-trail-mix"],
    "locations": {
      "vic": {
        "price": 5,
        "promoText": " ",
        "packageSize": "150g",
        "packagePrice": "$33.34 per 1Kg"
      }
    }
  },
  {
    "id": "coles-crushed-peanuts",
    "brand": "Coles",
    "name": "Crushed Peanuts",
    "imageUrl": "https://shop.coles.com.au/wcsstore/Coles-CAS/images/2/7/4/2749385-th.jpg",
    "categories": ["pantry"],
    "tags": ["snacks", "nuts-trail-mix"],
    "locations": {
      "vic": {
        "price": 1.1,
        "promoText": "Was $1.40 on Aug 2019 ",
        "packageSize": "150g",
        "packagePrice": "$7.33 per 1Kg"
      }
    }
  },
  {
    "id": "coles-natural-almonds-3017746p",
    "brand": "Coles",
    "name": "Natural Almonds",
    "imageUrl": "https://shop.coles.com.au/wcsstore/Coles-CAS/images/3/0/1/3017746-th.jpg",
    "categories": ["pantry"],
    "tags": ["snacks", "nuts-trail-mix"],
    "locations": {
      "vic": {
        "price": 2,
        "promoText": " ",
        "packageSize": "80g",
        "packagePrice": "$25.00 per 1Kg"
      }
    }
  },
  {
    "id": "red-rock-deli--nuts-honey-salt",
    "brand": "Red Rock Deli",
    "name": "Nuts Sweet Honey & Sea Salt",
    "imageUrl": "https://shop.coles.com.au/wcsstore/Coles-CAS/images/2/9/6/2962451-th.jpg",
    "categories": ["pantry"],
    "tags": ["snacks", "nuts-trail-mix"],
    "locations": {
      "vic": {
        "price": 4,
        "promoText": "Any 2 $7",
        "packageSize": "130g",
        "packagePrice": "$30.77 per 1Kg"
      }
    }
  },
  {
    "id": "riverside-all-australian-walnuts",
    "brand": "Riverside",
    "name": "Walnuts",
    "imageUrl": "https://shop.coles.com.au/wcsstore/Coles-CAS/images/6/7/7/6778079-th.jpg",
    "categories": ["pantry"],
    "tags": ["snacks", "nuts-trail-mix"],
    "locations": {
      "vic": {
        "price": 5.5,
        "promoText": " ",
        "packageSize": "180g",
        "packagePrice": "$30.56 per 1Kg"
      }
    }
  },
  {
    "id": "coles-pecans",
    "brand": "Coles",
    "name": "Pecans",
    "imageUrl": "https://shop.coles.com.au/wcsstore/Coles-CAS/images/2/7/4/2749465-th.jpg",
    "categories": ["pantry"],
    "tags": ["snacks", "nuts-trail-mix"],
    "locations": {
      "vic": {
        "price": 4.1,
        "promoText": " ",
        "packageSize": "150g",
        "packagePrice": "$27.34 per 1Kg"
      }
    }
  },
  {
    "id": "coles-trail-mix",
    "brand": "Coles",
    "name": "Trail Mix",
    "imageUrl": "https://shop.coles.com.au/wcsstore/Coles-CAS/images/3/0/1/3017757-th.jpg",
    "categories": ["pantry"],
    "tags": ["snacks", "nuts-trail-mix"],
    "locations": {
      "vic": {
        "price": 2,
        "promoText": " ",
        "packageSize": "80g",
        "packagePrice": "$25.00 per 1Kg"
      }
    }
  },
  {
    "id": "coles-banana-crunch-mix",
    "brand": "Coles",
    "name": "Banana Crunch Mix",
    "imageUrl": "https://shop.coles.com.au/wcsstore/Coles-CAS/images/3/0/1/3017780-th.jpg",
    "categories": ["pantry"],
    "tags": ["snacks", "nuts-trail-mix"],
    "locations": {
      "vic": {
        "price": 2,
        "promoText": " ",
        "packageSize": "75g",
        "packagePrice": "$26.67 per 1Kg"
      }
    }
  },
  {
    "id": "coles-dry-roasted-almonds",
    "brand": "Coles",
    "name": "Dry Roasted Almonds",
    "imageUrl": "https://shop.coles.com.au/wcsstore/Coles-CAS/images/3/3/3/3337259-th.jpg",
    "categories": ["pantry"],
    "tags": ["snacks", "nuts-trail-mix"],
    "locations": {
      "vic": {
        "price": 7,
        "promoText": " ",
        "packageSize": "350g",
        "packagePrice": "$20.00 per 1Kg"
      }
    }
  },
  {
    "id": "coles-organic-almonds-natural",
    "brand": "Coles",
    "name": "Organic Natural Almonds",
    "imageUrl": "https://shop.coles.com.au/wcsstore/Coles-CAS/images/3/5/7/3571915-th.jpg",
    "categories": ["pantry"],
    "tags": ["snacks", "nuts-trail-mix"],
    "locations": {
      "vic": {
        "price": 7,
        "promoText": " ",
        "packageSize": "200g",
        "packagePrice": "$35.00 per 1Kg"
      }
    }
  },
  {
    "id": "coles-organic-cashews-natural",
    "brand": "Coles",
    "name": "Organic Natural Cashews",
    "imageUrl": "https://shop.coles.com.au/wcsstore/Coles-CAS/images/3/5/7/3571890-th.jpg",
    "categories": ["pantry"],
    "tags": ["snacks", "nuts-trail-mix"],
    "locations": {
      "vic": {
        "price": 5.5,
        "promoText": " ",
        "packageSize": "180g",
        "packagePrice": "$30.56 per 1Kg"
      }
    }
  },
  {
    "id": "harvest-box-we-love-nuts",
    "brand": "Harvest Box",
    "name": "We Love Nuts",
    "imageUrl": "https://shop.coles.com.au/wcsstore/Coles-CAS/images/3/5/8/3583765-th.jpg",
    "categories": ["pantry"],
    "tags": ["snacks", "nuts-trail-mix"],
    "locations": {
      "vic": {
        "price": 4.95,
        "promoText": " ",
        "packageSize": "135g",
        "packagePrice": "$3.67 per 100G"
      }
    }
  },
  {
    "id": "lucky-almonds-slivered-6023326p",
    "brand": "Lucky",
    "name": "Slivered Almonds",
    "imageUrl": "https://shop.coles.com.au/wcsstore/Coles-CAS/images/6/0/2/6023326-th.jpg",
    "categories": ["pantry"],
    "tags": ["snacks", "nuts-trail-mix"],
    "locations": {
      "vic": {
        "price": 5,
        "promoText": " ",
        "packageSize": "110g",
        "packagePrice": "$45.45 per 1Kg"
      }
    }
  },
  {
    "id": "lucky-almonds-flaked-6016127p",
    "brand": "Lucky",
    "name": "Flaked Almonds",
    "imageUrl": "https://shop.coles.com.au/wcsstore/Coles-CAS/images/6/0/1/6016127-th.jpg",
    "categories": ["pantry"],
    "tags": ["snacks", "nuts-trail-mix"],
    "locations": {
      "vic": {
        "price": 5,
        "promoText": " ",
        "packageSize": "110g",
        "packagePrice": "$45.45 per 1Kg"
      }
    }
  },
  {
    "id": "lucky-toasted-pine-nuts-50-gm",
    "brand": "Lucky",
    "name": "Toasted Pine Nuts",
    "imageUrl": "https://shop.coles.com.au/wcsstore/Coles-CAS/images/2/7/8/2786166-th.jpg",
    "categories": ["pantry"],
    "tags": ["snacks", "nuts-trail-mix"],
    "locations": {
      "vic": {
        "price": 4.5,
        "promoText": " ",
        "packageSize": "50g",
        "packagePrice": "$90.00 per 1Kg"
      }
    }
  },
  {
    "id": "coles-power-mix",
    "brand": "Coles",
    "name": "Power Mix",
    "imageUrl": "https://shop.coles.com.au/wcsstore/Coles-CAS/images/3/0/1/3017779-th.jpg",
    "categories": ["pantry"],
    "tags": ["snacks", "nuts-trail-mix"],
    "locations": {
      "vic": {
        "price": 2,
        "promoText": " ",
        "packageSize": "80g",
        "packagePrice": "$25.00 per 1Kg"
      }
    }
  },
  {
    "id": "coles-nut-deluxe",
    "brand": "Coles",
    "name": "Nut Deluxe Dry Roasted Almonds & Peanuts",
    "imageUrl": "https://shop.coles.com.au/wcsstore/Coles-CAS/images/3/0/1/3017735-th.jpg",
    "categories": ["pantry"],
    "tags": ["snacks", "nuts-trail-mix"],
    "locations": {
      "vic": {
        "price": 2,
        "promoText": " ",
        "packageSize": "75g",
        "packagePrice": "$2.67 per 100G"
      }
    }
  },
  {
    "id": "coles-energy-mix-swet-salty",
    "brand": "Coles",
    "name": "Energy Mix Sweet & Salty",
    "imageUrl": "https://shop.coles.com.au/wcsstore/Coles-CAS/images/3/6/7/3672468-th.jpg",
    "categories": ["pantry"],
    "tags": ["snacks", "nuts-trail-mix"],
    "locations": {
      "vic": {
        "price": 3,
        "promoText": " ",
        "packageSize": "140g",
        "packagePrice": "$2.14 per 100G"
      }
    }
  },
  {
    "id": "lucky-almonds-oven-roasted",
    "brand": "Lucky",
    "name": "Oven Roasted Almonds",
    "imageUrl": "https://shop.coles.com.au/wcsstore/Coles-CAS/images/7/5/7/7577811-th.jpg",
    "categories": ["pantry"],
    "tags": ["snacks", "nuts-trail-mix"],
    "locations": {
      "vic": {
        "price": 6.8,
        "promoText": "$1.70 ",
        "packageSize": "350g",
        "packagePrice": "$19.43 per 1Kg"
      }
    }
  },
  {
    "id": "lucky-almonds-slivered",
    "brand": "Lucky",
    "name": "Slivered Almonds",
    "imageUrl": "https://shop.coles.com.au/wcsstore/Coles-CAS/images/7/5/7/7577866-th.jpg",
    "categories": ["pantry"],
    "tags": ["snacks", "nuts-trail-mix"],
    "locations": {
      "vic": {
        "price": 11,
        "promoText": " ",
        "packageSize": "230g",
        "packagePrice": "$47.83 per 1Kg"
      }
    }
  },
  {
    "id": "lucky-hazelnut-kernels",
    "brand": "Lucky",
    "name": "Hazelnut Kernels",
    "imageUrl": "https://shop.coles.com.au/wcsstore/Coles-CAS/images/6/0/1/6014926-th.jpg",
    "categories": ["pantry"],
    "tags": ["snacks", "nuts-trail-mix"],
    "locations": {
      "vic": {
        "price": 5,
        "promoText": " ",
        "packageSize": "125g",
        "packagePrice": "$40.00 per 1Kg"
      }
    }
  },
  {
    "id": "lucky-walnuts-crumbed",
    "brand": "Lucky",
    "name": "Crumbed Walnuts",
    "imageUrl": "https://shop.coles.com.au/wcsstore/Coles-CAS/images/6/0/1/6014857-th.jpg",
    "categories": ["pantry"],
    "tags": ["snacks", "nuts-trail-mix"],
    "locations": {
      "vic": {
        "price": 3.25,
        "promoText": " ",
        "packageSize": "125g",
        "packagePrice": "$26.00 per 1Kg"
      }
    }
  },
  {
    "id": "red-rock-deli-glazed-nut-apple-cinnamon-crumble",
    "brand": "Red Rock Deli",
    "name": "Cinnamon & Apple Crumble Glazed Mix",
    "imageUrl": "https://shop.coles.com.au/wcsstore/Coles-CAS/images/3/5/9/3593180-th.jpg",
    "categories": ["pantry"],
    "tags": ["snacks", "nuts-trail-mix"],
    "locations": {
      "vic": {
        "price": 4,
        "promoText": "Any 2 $7",
        "packageSize": "100g",
        "packagePrice": "$4.00 per 100G"
      }
    }
  },
  {
    "id": "red-rock-deli-mixed-nuts-balsamic-vinegar-chilli",
    "brand": "Red Rock Deli",
    "name": "Balsamic Vinegar & Chilli Roasted Mixed Nuts",
    "imageUrl": "https://shop.coles.com.au/wcsstore/Coles-CAS/images/3/5/7/3572190-th.jpg",
    "categories": ["pantry"],
    "tags": ["snacks", "nuts-trail-mix"],
    "locations": {
      "vic": {
        "price": 4,
        "promoText": "Any 2 $7",
        "packageSize": "100g",
        "packagePrice": "$4.00 per 100G"
      }
    }
  },
  {
    "id": "red-rock-deli-nuts-garlic-lemon",
    "brand": "Red Rock Deli",
    "name": "Caramelised Garlic & Lemon Roasted Mixed Nuts",
    "imageUrl": "https://shop.coles.com.au/wcsstore/Coles-CAS/images/3/5/7/3572180-th.jpg",
    "categories": ["pantry"],
    "tags": ["snacks", "nuts-trail-mix"],
    "locations": {
      "vic": {
        "price": 4,
        "promoText": "Any 2 $7",
        "packageSize": "100g",
        "packagePrice": "$4.00 per 100G"
      }
    }
  },
  {
    "id": "coles-almond-meal-2749454p",
    "brand": "Coles",
    "name": "Almond Meal",
    "imageUrl": "https://shop.coles.com.au/wcsstore/Coles-CAS/images/2/7/4/2749454-th.jpg",
    "categories": ["pantry"],
    "tags": ["snacks", "nuts-trail-mix"],
    "locations": {
      "vic": {
        "price": 4.4,
        "promoText": " ",
        "packageSize": "150g",
        "packagePrice": "$29.34 per 1Kg"
      }
    }
  },
  {
    "id": "coles-very-berry-mix",
    "brand": "Coles",
    "name": "Very Berry Mix",
    "imageUrl": "https://shop.coles.com.au/wcsstore/Coles-CAS/images/3/0/1/3017826-th.jpg",
    "categories": ["pantry"],
    "tags": ["snacks", "nuts-trail-mix"],
    "locations": {
      "vic": {
        "price": 3.5,
        "promoText": " ",
        "packageSize": "200g",
        "packagePrice": "$17.50 per 1Kg"
      }
    }
  },
  {
    "id": "coles-lsa-mix",
    "brand": "Coles",
    "name": "LSA Mix",
    "imageUrl": "https://shop.coles.com.au/wcsstore/Coles-CAS/images/3/0/1/3017644-th.jpg",
    "categories": ["pantry"],
    "tags": ["snacks", "nuts-trail-mix"],
    "locations": {
      "vic": {
        "price": 4,
        "promoText": " ",
        "packageSize": "350g",
        "packagePrice": "$11.43 per 1Kg"
      }
    }
  },
  {
    "id": "coles-blanched-almonds",
    "brand": "Coles",
    "name": "Australian Blanched Almonds",
    "imageUrl": "https://shop.coles.com.au/wcsstore/Coles-CAS/images/3/0/4/3041220-th.jpg",
    "categories": ["pantry"],
    "tags": ["snacks", "nuts-trail-mix"],
    "locations": {
      "vic": {
        "price": 5,
        "promoText": " ",
        "packageSize": "150g",
        "packagePrice": "$33.34 per 1Kg"
      }
    }
  },
  {
    "id": "coles-nut-deluxe-mix",
    "brand": "Coles",
    "name": "Nut Deluxe Mix",
    "imageUrl": "https://shop.coles.com.au/wcsstore/Coles-CAS/images/3/0/1/3017815-th.jpg",
    "categories": ["pantry"],
    "tags": ["snacks", "nuts-trail-mix"],
    "locations": {
      "vic": {
        "price": 3.5,
        "promoText": " ",
        "packageSize": "200g",
        "packagePrice": "$17.50 per 1Kg"
      }
    }
  },
  {
    "id": "coles-chia-mix",
    "brand": "Coles",
    "name": "Black & White Chia Mix",
    "imageUrl": "https://shop.coles.com.au/wcsstore/Coles-CAS/images/3/3/3/3337270-th.jpg",
    "categories": ["pantry"],
    "tags": ["snacks", "nuts-trail-mix"],
    "locations": {
      "vic": {
        "price": 5,
        "promoText": " ",
        "packageSize": "200g",
        "packagePrice": "$2.50 per 100G"
      }
    }
  },
  {
    "id": "coles-premium-macadamia-nuts",
    "brand": "Coles",
    "name": "Macadamia Nuts",
    "imageUrl": "https://shop.coles.com.au/wcsstore/Coles-CAS/images/3/5/7/3571788-th.jpg",
    "categories": ["pantry"],
    "tags": ["snacks", "nuts-trail-mix"],
    "locations": {
      "vic": {
        "price": 8,
        "promoText": " ",
        "packageSize": "150g",
        "packagePrice": "$53.34 per 1Kg"
      }
    }
  },
  {
    "id": "coles-veggie-protein-mix-jalapeno-cheddar",
    "brand": "Coles",
    "name": "Veggie Protein Mix Jalapeno & Cheddar",
    "imageUrl": "https://shop.coles.com.au/wcsstore/Coles-CAS/images/3/6/7/3672399-th.jpg",
    "categories": ["pantry"],
    "tags": ["snacks", "nuts-trail-mix"],
    "locations": {
      "vic": {
        "price": 3,
        "promoText": " ",
        "packageSize": "150g",
        "packagePrice": "$2.00 per 100G"
      }
    }
  },
  {
    "id": "harvest-box-almond-latte",
    "brand": "Harvest Box",
    "name": "Almond Latte",
    "imageUrl": "https://shop.coles.com.au/wcsstore/Coles-CAS/images/3/5/8/3583798-th.jpg",
    "categories": ["pantry"],
    "tags": ["snacks", "nuts-trail-mix"],
    "locations": {
      "vic": {
        "price": 4.95,
        "promoText": " ",
        "packageSize": "135g",
        "packagePrice": "$3.67 per 100G"
      }
    }
  },
  {
    "id": "harvest-box-super-mix",
    "brand": "Harvest Box",
    "name": "Super Mix",
    "imageUrl": "https://shop.coles.com.au/wcsstore/Coles-CAS/images/3/5/8/3583776-th.jpg",
    "categories": ["pantry"],
    "tags": ["snacks", "nuts-trail-mix"],
    "locations": {
      "vic": {
        "price": 4.95,
        "promoText": " ",
        "packageSize": "135g",
        "packagePrice": "$3.67 per 100G"
      }
    }
  },
  {
    "id": "harvest-box-power-mix",
    "brand": "Harvest Box",
    "name": "Power Mix",
    "imageUrl": "https://shop.coles.com.au/wcsstore/Coles-CAS/images/3/5/8/3583743-th.jpg",
    "categories": ["pantry"],
    "tags": ["snacks", "nuts-trail-mix"],
    "locations": {
      "vic": {
        "price": 4.95,
        "promoText": " ",
        "packageSize": "135g",
        "packagePrice": "$3.67 per 100G"
      }
    }
  },
  {
    "id": "lucky-cashews-natural",
    "brand": "Lucky",
    "name": "Natural Cashew Nuts",
    "imageUrl": "https://shop.coles.com.au/wcsstore/Coles-CAS/images/6/0/1/6014948-th.jpg",
    "categories": ["pantry"],
    "tags": ["snacks", "nuts-trail-mix"],
    "locations": {
      "vic": {
        "price": 5,
        "promoText": " ",
        "packageSize": "150g",
        "packagePrice": "$33.34 per 1Kg"
      }
    }
  },
  {
    "id": "lucky-almonds-flaked",
    "brand": "Lucky",
    "name": "Flaked Almonds",
    "imageUrl": "https://shop.coles.com.au/wcsstore/Coles-CAS/images/7/5/7/7577844-th.jpg",
    "categories": ["pantry"],
    "tags": ["snacks", "nuts-trail-mix"],
    "locations": {
      "vic": {
        "price": 11,
        "promoText": " ",
        "packageSize": "230g",
        "packagePrice": "$47.83 per 1Kg"
      }
    }
  },
  {
    "id": "lucky-nuts-brazil",
    "brand": "Lucky",
    "name": "Brazil Nuts",
    "imageUrl": "https://shop.coles.com.au/wcsstore/ColesResponsiveStorefrontAssetStore/dist/ccfc54aed6e361b650bcf0582f7b576b/img/img_product-placeholder.png",
    "categories": ["pantry"],
    "tags": ["snacks", "nuts-trail-mix"],
    "locations": {
      "vic": {
        "price": 7.4,
        "promoText": " ",
        "packageSize": "150g",
        "packagePrice": "$49.34 per 1Kg"
      }
    }
  },
  {
    "id": "lucky-nuts-californian-walnuts",
    "brand": "Lucky",
    "name": "Californian Walnuts",
    "imageUrl": "https://shop.coles.com.au/wcsstore/Coles-CAS/images/6/7/7/6777724-th.jpg",
    "categories": ["pantry"],
    "tags": ["snacks", "nuts-trail-mix"],
    "locations": {
      "vic": {
        "price": 9.3,
        "promoText": " ",
        "packageSize": "320g",
        "packagePrice": "$29.06 per 1Kg"
      }
    }
  },
  {
    "id": "lucky-nuts-cashews-natural",
    "brand": "Lucky",
    "name": "Natural Cashew Nuts",
    "imageUrl": "https://shop.coles.com.au/wcsstore/Coles-CAS/images/6/7/7/6777815-th.jpg",
    "categories": ["pantry"],
    "tags": ["snacks", "nuts-trail-mix"],
    "locations": {
      "vic": {
        "price": 11.3,
        "promoText": " ",
        "packageSize": "350g",
        "packagePrice": "$32.29 per 1Kg"
      }
    }
  },
  {
    "id": "lucky-pine-nuts",
    "brand": "Lucky",
    "name": "Pine Nuts",
    "imageUrl": "https://shop.coles.com.au/wcsstore/Coles-CAS/images/6/0/2/6023790-th.jpg",
    "categories": ["pantry"],
    "tags": ["snacks", "nuts-trail-mix"],
    "locations": {
      "vic": {
        "price": 8,
        "promoText": " ",
        "packageSize": "65g",
        "packagePrice": "$123.08 per 1Kg"
      }
    }
  },
  {
    "id": "lucky-macadamias",
    "brand": "Lucky",
    "name": "Macadamia Nuts",
    "imageUrl": "https://shop.coles.com.au/wcsstore/Coles-CAS/images/6/0/2/6023676-th.jpg",
    "categories": ["pantry"],
    "tags": ["snacks", "nuts-trail-mix"],
    "locations": {
      "vic": {
        "price": 5.4,
        "promoText": " ",
        "packageSize": "100g",
        "packagePrice": "$54.00 per 1Kg"
      }
    }
  },
  {
    "id": "lucky-almonds-blanched-6023304p",
    "brand": "Lucky",
    "name": "Blanched Almonds",
    "imageUrl": "https://shop.coles.com.au/wcsstore/Coles-CAS/images/6/0/2/6023304-th.jpg",
    "categories": ["pantry"],
    "tags": ["snacks", "nuts-trail-mix"],
    "locations": {
      "vic": {
        "price": 5,
        "promoText": " ",
        "packageSize": "110g",
        "packagePrice": "$45.45 per 1Kg"
      }
    }
  },
  {
    "id": "lucky-sunflower-kernels",
    "brand": "Lucky",
    "name": "Sunflower Kernels",
    "imageUrl": "https://shop.coles.com.au/wcsstore/Coles-CAS/images/6/0/1/6014868-th.jpg",
    "categories": ["pantry"],
    "tags": ["snacks", "nuts-trail-mix"],
    "locations": {
      "vic": {
        "price": 2.15,
        "promoText": " ",
        "packageSize": "200g",
        "packagePrice": "$10.75 per 1Kg"
      }
    }
  },
  {
    "id": "lucky-pepitas",
    "brand": "Lucky",
    "name": "Pepitas",
    "imageUrl": "https://shop.coles.com.au/wcsstore/Coles-CAS/images/6/0/1/6014879-th.jpg",
    "categories": ["pantry"],
    "tags": ["snacks", "nuts-trail-mix"],
    "locations": {
      "vic": {
        "price": 5.8,
        "promoText": " ",
        "packageSize": "200g",
        "packagePrice": "$29.00 per 1Kg"
      }
    }
  },
  {
    "id": "lucky-almond-meal-4684178p",
    "brand": "Lucky",
    "name": "Almond Meal",
    "imageUrl": "https://shop.coles.com.au/wcsstore/Coles-CAS/images/4/6/8/4684178-th.jpg",
    "categories": ["pantry"],
    "tags": ["snacks", "nuts-trail-mix"],
    "locations": {
      "vic": {
        "price": 8.5,
        "promoText": " ",
        "packageSize": "200g",
        "packagePrice": "$42.50 per 1Kg"
      }
    }
  },
  {
    "id": "lucky--almonds-natural-sliced",
    "brand": "Lucky",
    "name": "Natural Almonds Sliced",
    "imageUrl": "https://shop.coles.com.au/wcsstore/Coles-CAS/images/8/7/3/8734755-th.jpg",
    "categories": ["pantry"],
    "tags": ["snacks", "nuts-trail-mix"],
    "locations": {
      "vic": {
        "price": 5,
        "promoText": " ",
        "packageSize": "110g",
        "packagePrice": "$45.45 per 1Kg"
      }
    }
  },
  {
    "id": "lucky-nuts-natural-pistachios-1308125p",
    "brand": "Lucky",
    "name": "Natural Pistachio Nuts",
    "imageUrl": "https://shop.coles.com.au/wcsstore/Coles-CAS/images/1/3/0/1308125-th.jpg",
    "categories": ["pantry"],
    "tags": ["snacks", "nuts-trail-mix"],
    "locations": {
      "vic": {
        "price": 10.15,
        "promoText": "$2.55 ",
        "packageSize": "185g",
        "packagePrice": "$54.86 per 1Kg"
      }
    }
  },
  {
    "id": "majans-bhuja-pea-mix",
    "brand": "Majans Bhuja",
    "name": "Pea Mix",
    "imageUrl": "https://shop.coles.com.au/wcsstore/Coles-CAS/images/3/4/3/3434834-th.jpg",
    "categories": ["pantry"],
    "tags": ["snacks", "nuts-trail-mix"],
    "locations": {
      "vic": {
        "price": 3.85,
        "promoText": " ",
        "packageSize": "130g",
        "packagePrice": "$2.96 per 100G"
      }
    }
  },
  {
    "id": "nobbys-loaded-nacho-cheese-peanuts",
    "brand": "Nobby's",
    "name": "Loaded Nacho Cheese Snack Mix",
    "imageUrl": "https://shop.coles.com.au/wcsstore/Coles-CAS/images/3/4/3/3433015-th.jpg",
    "categories": ["pantry"],
    "tags": ["snacks", "nuts-trail-mix"],
    "locations": {
      "vic": {
        "price": 0,
        "promoText": " ",
        "packageSize": "110g",
        "packagePrice": ""
      }
    }
  },
  {
    "id": "red-rock-deli-glazed-nuts-vanilla-cranberry-honey",
    "brand": "Red Rock Deli",
    "name": "Honey Vanilla & Cranberries Glazed Mix",
    "imageUrl": "https://shop.coles.com.au/wcsstore/Coles-CAS/images/3/5/7/3572204-th.jpg",
    "categories": ["pantry"],
    "tags": ["snacks", "nuts-trail-mix"],
    "locations": {
      "vic": {
        "price": 4,
        "promoText": "Any 2 $7",
        "packageSize": "100g",
        "packagePrice": "$4.00 per 100G"
      }
    }
  },
  {
    "id": "sunbeam-carrot-apricot-apple-snack",
    "brand": "Sunbeam",
    "name": "Sunny Bunch Snacks 5 Pack",
    "imageUrl": "https://shop.coles.com.au/wcsstore/Coles-CAS/images/3/5/8/3583903-th.jpg",
    "categories": ["pantry"],
    "tags": ["snacks", "nuts-trail-mix"],
    "locations": {
      "vic": {
        "price": 4.5,
        "promoText": " ",
        "packageSize": "150g",
        "packagePrice": "$3.00 per 100G"
      }
    }
  },
  {
    "id": "sunbeam-apricto-apple-peach-snack",
    "brand": "Sunbeam",
    "name": "Sunny Bunch Snacks 5 Pack",
    "imageUrl": "https://shop.coles.com.au/wcsstore/Coles-CAS/images/3/5/8/3583980-th.jpg",
    "categories": ["pantry"],
    "tags": ["snacks", "nuts-trail-mix"],
    "locations": {
      "vic": {
        "price": 4.5,
        "promoText": " ",
        "packageSize": "150g",
        "packagePrice": "$3.00 per 100G"
      }
    }
  },
  {
    "id": "sunbeam-berry-beetroot-snack",
    "brand": "Sunbeam",
    "name": "Sunny Bunch Snacks 5 Pack",
    "imageUrl": "https://shop.coles.com.au/wcsstore/Coles-CAS/images/3/5/8/3583969-th.jpg",
    "categories": ["pantry"],
    "tags": ["snacks", "nuts-trail-mix"],
    "locations": {
      "vic": {
        "price": 4.5,
        "promoText": " ",
        "packageSize": "150g",
        "packagePrice": "$3.00 per 100G"
      }
    }
  },
  {
    "id": "uncle-tobys-roll-ups-rainbow-berry",
    "brand": "Uncle Tobys",
    "name": "Rainbow Berry Berry Roll Ups",
    "imageUrl": "https://shop.coles.com.au/wcsstore/Coles-CAS/images/6/8/9/6899164-th.jpg",
    "categories": ["pantry"],
    "tags": ["snacks", "fruit-snacks"],
    "locations": {
      "vic": {
        "price": 4,
        "promoText": "Any 2 $6",
        "packageSize": "94g",
        "packagePrice": "$4.26 per 100G"
      }
    }
  },
  {
    "id": "uncle-tobys-roll-ups-fun-print-strawberry",
    "brand": "Uncle Toby's",
    "name": "Strawberry Flavour Roll Ups 6 pack",
    "imageUrl": "https://shop.coles.com.au/wcsstore/Coles-CAS/images/6/8/9/6899153-th.jpg",
    "categories": ["pantry"],
    "tags": ["snacks", "fruit-snacks"],
    "locations": {
      "vic": {
        "price": 4,
        "promoText": "Any 2 $6",
        "packageSize": "94g",
        "packagePrice": "$4.26 per 1G"
      }
    }
  },
  {
    "id": "bear-yo-yos-pure-fruit-strawberry",
    "brand": "Bear Yo Yo's",
    "name": "Strawberry Real Fruit & Veg Rolls 5 Pack",
    "imageUrl": "https://shop.coles.com.au/wcsstore/Coles-CAS/images/3/3/9/3390579-th.jpg",
    "categories": ["pantry"],
    "tags": ["snacks", "fruit-snacks"],
    "locations": {
      "vic": {
        "price": 5.5,
        "promoText": " ",
        "packageSize": "100g",
        "packagePrice": "$5.50 per 100G"
      }
    }
  },
  {
    "id": "carmans-gluten-free-salted-caramel-coconut-bliss-balls",
    "brand": "Carman's",
    "name": "Gluten Free Salted Caramel & Coconut Bliss Balls",
    "imageUrl": "https://shop.coles.com.au/wcsstore/Coles-CAS/images/3/3/8/3387847-th.jpg",
    "categories": ["pantry"],
    "tags": ["snacks", "fruit-snacks"],
    "locations": {
      "vic": {
        "price": 3.9,
        "promoText": "Was $4.50 on Jan 2020 ",
        "packageSize": "80g",
        "packagePrice": "$4.88 per 100G"
      }
    }
  },
  {
    "id": "coles-protein-bar-dark-choc",
    "brand": "Coles",
    "name": "Dark Choc Protein Bars 5 Pack",
    "imageUrl": "https://shop.coles.com.au/wcsstore/Coles-CAS/images/3/4/0/3402179-th.jpg",
    "categories": ["pantry"],
    "tags": ["snacks", "fruit-snacks"],
    "locations": {
      "vic": {
        "price": 3.5,
        "promoText": " ",
        "packageSize": "200g",
        "packagePrice": "$1.75 per 100G"
      }
    }
  },
  {
    "id": "carmans-almond-superseed-vanila-bliss-balls",
    "brand": "Carman's",
    "name": "Almond Super Seed & Vanilla Bliss Balls",
    "imageUrl": "https://shop.coles.com.au/wcsstore/Coles-CAS/images/2/9/1/2913740-th.jpg",
    "categories": ["pantry"],
    "tags": ["snacks", "fruit-snacks"],
    "locations": {
      "vic": {
        "price": 3.9,
        "promoText": "Was $4.50 on Jan 2020 ",
        "packageSize": "80g",
        "packagePrice": "$4.88 per 100G"
      }
    }
  },
  {
    "id": "smooshed-wholefood-balls-berry-cashew-cacao",
    "brand": "Tasti",
    "name": "Berry Cashew & Cacao Smooshed Wholefood Balls 6 pack",
    "imageUrl": "https://shop.coles.com.au/wcsstore/Coles-CAS/images/3/0/2/3023352-th.jpg",
    "categories": ["pantry"],
    "tags": ["snacks", "fruit-snacks"],
    "locations": {
      "vic": {
        "price": 2,
        "promoText": "$1.00 ",
        "packageSize": "69g",
        "packagePrice": "$0.29 per 10G"
      }
    }
  },
  {
    "id": "uncle-tobys-roll-ups-rainbow-fruit-salad",
    "brand": "Uncle Tobys",
    "name": "Roll Ups Rainbow Fruit Salad 6 Pack",
    "imageUrl": "https://shop.coles.com.au/wcsstore/Coles-CAS/images/6/8/9/6899175-th.jpg",
    "categories": ["pantry"],
    "tags": ["snacks", "fruit-snacks"],
    "locations": {
      "vic": {
        "price": 4,
        "promoText": "Any 2 $6",
        "packageSize": "94g",
        "packagePrice": "$4.26 per 100G"
      }
    }
  },
  {
    "id": "bear-yo-yos-pure-fruit-mango",
    "brand": "Bear Yo Yo's",
    "name": "Mango Fruit Rolls",
    "imageUrl": "https://shop.coles.com.au/wcsstore/Coles-CAS/images/3/3/9/3390580-th.jpg",
    "categories": ["pantry"],
    "tags": ["snacks", "fruit-snacks"],
    "locations": {
      "vic": {
        "price": 5.5,
        "promoText": " ",
        "packageSize": "100g",
        "packagePrice": "$5.50 per 100G"
      }
    }
  },
  {
    "id": "carmans-orange-cacao-poppy-seed-bliss-balls",
    "brand": "Carman's",
    "name": "Orange Cacao & Poppy Seed Bliss Balls",
    "imageUrl": "https://shop.coles.com.au/wcsstore/Coles-CAS/images/2/9/1/2913730-th.jpg",
    "categories": ["pantry"],
    "tags": ["snacks", "fruit-snacks"],
    "locations": {
      "vic": {
        "price": 3.9,
        "promoText": "Was $4.50 on Jan 2020 ",
        "packageSize": "80g",
        "packagePrice": "$4.88 per 100G"
      }
    }
  },
  {
    "id": "fibre-one-popcorn-bar-chocolate",
    "brand": "Fibre One",
    "name": "Milk Chocolate Popcorn Bars",
    "imageUrl": "https://shop.coles.com.au/wcsstore/Coles-CAS/images/3/3/8/3384565-th.jpg",
    "categories": ["pantry"],
    "tags": ["snacks", "fruit-snacks"],
    "locations": {
      "vic": {
        "price": 5.5,
        "promoText": " ",
        "packageSize": "105g",
        "packagePrice": "$5.24 per 100G"
      }
    }
  },
  {
    "id": "fibre-one-popcorn-bar-peanut-butter",
    "brand": "Fibre One",
    "name": "Peanut Butter Popcorn Bars 5 pack",
    "imageUrl": "https://shop.coles.com.au/wcsstore/Coles-CAS/images/3/3/8/3384554-th.jpg",
    "categories": ["pantry"],
    "tags": ["snacks", "fruit-snacks"],
    "locations": {
      "vic": {
        "price": 5.5,
        "promoText": " ",
        "packageSize": "105g",
        "packagePrice": "$5.24 per 100G"
      }
    }
  },
  {
    "id": "nice-and-natural-mixed-berry-nut-bar",
    "brand": "Nice & Natural",
    "name": "Mixed Berry Roasted Nut Bars 6 pack",
    "imageUrl": "https://shop.coles.com.au/wcsstore/Coles-CAS/images/2/1/2/2129449-th.jpg",
    "categories": ["pantry"],
    "tags": ["snacks", "fruit-snacks"],
    "locations": {
      "vic": {
        "price": 4,
        "promoText": "Any 2 $6",
        "packageSize": "192g",
        "packagePrice": "$2.08 per 100G"
      }
    }
  },
  {
    "id": "nice-natural--roasted-choc-apricot-nut-bar",
    "brand": "Nice & Natural",
    "name": "Chocolate Peanut Apricot Bars 6 Pack",
    "imageUrl": "https://shop.coles.com.au/wcsstore/Coles-CAS/images/2/6/0/2605931-th.jpg",
    "categories": ["pantry"],
    "tags": ["snacks", "fruit-snacks"],
    "locations": {
      "vic": {
        "price": 4,
        "promoText": "Any 2 $6",
        "packageSize": "180g",
        "packagePrice": "$2.22 per 100G"
      }
    }
  },
  {
    "id": "nice-natural--roasted-almond-nut-bar-6-pack",
    "brand": "Nice & Natural",
    "name": "Roasted Peanut Almond Bars 6 Pack",
    "imageUrl": "https://shop.coles.com.au/wcsstore/Coles-CAS/images/2/6/0/2605910-th.jpg",
    "categories": ["pantry"],
    "tags": ["snacks", "fruit-snacks"],
    "locations": {
      "vic": {
        "price": 4,
        "promoText": "Any 2 $6",
        "packageSize": "192g",
        "packagePrice": "$2.08 per 100G"
      }
    }
  },
  {
    "id": "tasti-nut-butter-peanutbutter-salt-caramel",
    "brand": "Tasti",
    "name": "Peanut Butter & Salted Caramel Bars",
    "imageUrl": "https://shop.coles.com.au/wcsstore/Coles-CAS/images/3/5/5/3552444-th.jpg",
    "categories": ["pantry"],
    "tags": ["snacks", "fruit-snacks"],
    "locations": {
      "vic": {
        "price": 5.5,
        "promoText": " ",
        "packageSize": "175g",
        "packagePrice": "$3.14 per 100G"
      }
    }
  },
  {
    "id": "coles-bar-fruit-oven-baked-variety-12-pack",
    "brand": "Coles",
    "name": "Fruit Filled 12 Bars Variety Pack",
    "imageUrl": "https://shop.coles.com.au/wcsstore/Coles-CAS/images/5/8/5/5859889-th.jpg",
    "categories": ["pantry"],
    "tags": ["snacks", "fruit-snacks"],
    "locations": {
      "vic": {
        "price": 4.4,
        "promoText": " ",
        "packageSize": "450g",
        "packagePrice": "$0.98 per 100G"
      }
    }
  },
  {
    "id": "coles-banana-chips",
    "brand": "Coles",
    "name": "Banana Chips",
    "imageUrl": "https://shop.coles.com.au/wcsstore/Coles-CAS/images/3/0/1/3017655-th.jpg",
    "categories": ["pantry"],
    "tags": ["snacks", "fruit-snacks"],
    "locations": {
      "vic": {
        "price": 2,
        "promoText": " ",
        "packageSize": "200g",
        "packagePrice": "$10.00 per 1Kg"
      }
    }
  },
  {
    "id": "tasti-protein-bar-nutty-choc",
    "brand": "Tasti",
    "name": "Nutty Choc Protein Bars 5 pack",
    "imageUrl": "https://shop.coles.com.au/wcsstore/Coles-CAS/images/3/5/5/3551066-th.jpg",
    "categories": ["pantry"],
    "tags": ["snacks", "fruit-snacks"],
    "locations": {
      "vic": {
        "price": 4.8,
        "promoText": " ",
        "packageSize": "200g",
        "packagePrice": "$2.40 per 100G"
      }
    }
  },
  {
    "id": "smooshed-wholefood-balls-peanut-butter-caramel",
    "brand": "Tasti",
    "name": "Peanut Butter & Caramel Smooshed Wholefood Balls 6 pack",
    "imageUrl": "https://shop.coles.com.au/wcsstore/Coles-CAS/images/3/0/2/3023374-th.jpg",
    "categories": ["pantry"],
    "tags": ["snacks", "fruit-snacks"],
    "locations": {
      "vic": {
        "price": 2,
        "promoText": "$1.00 ",
        "packageSize": "69g",
        "packagePrice": "$0.29 per 10G"
      }
    }
  },
  {
    "id": "tasti-protein-bar-salted-caramel",
    "brand": "Tasti",
    "name": "Salted Caramel Protein Bars 5 pack",
    "imageUrl": "https://shop.coles.com.au/wcsstore/Coles-CAS/images/3/5/5/3551077-th.jpg",
    "categories": ["pantry"],
    "tags": ["snacks", "fruit-snacks"],
    "locations": {
      "vic": {
        "price": 4.8,
        "promoText": " ",
        "packageSize": "200g",
        "packagePrice": "$2.40 per 100G"
      }
    }
  },
  {
    "id": "tom-lukes-snack-balls-salted-caramel",
    "brand": "Tom & Luke",
    "name": "Salted Caramel Snackaballs",
    "imageUrl": "https://shop.coles.com.au/wcsstore/Coles-CAS/images/3/2/7/3278728-th.jpg",
    "categories": ["pantry"],
    "tags": ["snacks", "fruit-snacks"],
    "locations": {
      "vic": {
        "price": 2,
        "promoText": "$1.00 ",
        "packageSize": "70g",
        "packagePrice": "$2.86 per 100G"
      }
    }
  },
  {
    "id": "coles-protein-bar-mocha",
    "brand": "Coles",
    "name": "Mocha Protein Bars 5 pack",
    "imageUrl": "https://shop.coles.com.au/wcsstore/Coles-CAS/images/3/4/0/3402180-th.jpg",
    "categories": ["pantry"],
    "tags": ["snacks", "fruit-snacks"],
    "locations": {
      "vic": {
        "price": 3.5,
        "promoText": " ",
        "packageSize": "200g",
        "packagePrice": "$1.75 per 100G"
      }
    }
  },
  {
    "id": "nice-natural-fruit-frogs-raspberry",
    "brand": "Nice & Natural",
    "name": "Raspberry Flavour Fruit Frogs 8 pack",
    "imageUrl": "https://shop.coles.com.au/wcsstore/Coles-CAS/images/3/3/8/3387960-th.jpg",
    "categories": ["pantry"],
    "tags": ["snacks", "fruit-snacks"],
    "locations": {
      "vic": {
        "price": 3,
        "promoText": "$1.00 ",
        "packageSize": "136g",
        "packagePrice": "$2.21 per 100G"
      }
    }
  },
  {
    "id": "tasti-nut-butter-peanut-butter-berry",
    "brand": "Tasti",
    "name": "Nut Butter Peanut Butter & Berry Bars",
    "imageUrl": "https://shop.coles.com.au/wcsstore/Coles-CAS/images/3/5/5/3552422-th.jpg",
    "categories": ["pantry"],
    "tags": ["snacks", "fruit-snacks"],
    "locations": {
      "vic": {
        "price": 5.5,
        "promoText": " ",
        "packageSize": "175g",
        "packagePrice": "$3.14 per 100G"
      }
    }
  },
  {
    "id": "uncle-tobys-roll-ups-passionfruit",
    "brand": "Uncle Tobys",
    "name": "Passionfruit Flavour Roll Ups 6 pack",
    "imageUrl": "https://shop.coles.com.au/wcsstore/Coles-CAS/images/3/3/8/3387756-th.jpg",
    "categories": ["pantry"],
    "tags": ["snacks", "fruit-snacks"],
    "locations": {
      "vic": {
        "price": 4,
        "promoText": "Any 2 $6",
        "packageSize": "94g",
        "packagePrice": "$4.26 per 100G"
      }
    }
  },
  {
    "id": "angas-park-super-blend-antioxidant",
    "brand": "Angas Park",
    "name": "Super Blend Antioxidant Mix",
    "imageUrl": "https://shop.coles.com.au/wcsstore/Coles-CAS/images/3/5/8/3583867-th.jpg",
    "categories": ["pantry"],
    "tags": ["snacks", "fruit-snacks"],
    "locations": {
      "vic": {
        "price": 5.5,
        "promoText": " ",
        "packageSize": "170g",
        "packagePrice": "$3.24 per 100G"
      }
    }
  },
  {
    "id": "angas-park-super-blend-energy-boost",
    "brand": "Angas Park",
    "name": "Super Blend Energy Boost",
    "imageUrl": "https://shop.coles.com.au/wcsstore/Coles-CAS/images/3/5/8/3583878-th.jpg",
    "categories": ["pantry"],
    "tags": ["snacks", "fruit-snacks"],
    "locations": {
      "vic": {
        "price": 5.5,
        "promoText": " ",
        "packageSize": "200g",
        "packagePrice": "$2.75 per 100G"
      }
    }
  },
  {
    "id": "angas-park-super-blend-gut-health",
    "brand": "Angas Park",
    "name": "Super Blend Gut Health",
    "imageUrl": "https://shop.coles.com.au/wcsstore/Coles-CAS/images/3/5/8/3583845-th.jpg",
    "categories": ["pantry"],
    "tags": ["snacks", "fruit-snacks"],
    "locations": {
      "vic": {
        "price": 5.5,
        "promoText": " ",
        "packageSize": "200g",
        "packagePrice": "$2.75 per 100G"
      }
    }
  },
  {
    "id": "blue-dinosaur-paleo-bars-banana-bread",
    "brand": "Blue Dinosaur",
    "name": "Paleo Bars Banana Bread",
    "imageUrl": "https://shop.coles.com.au/wcsstore/Coles-CAS/images/3/2/7/3278830-th.jpg",
    "categories": ["pantry"],
    "tags": ["snacks", "fruit-snacks"],
    "locations": {
      "vic": {
        "price": 3.6,
        "promoText": " ",
        "packageSize": "45g",
        "packagePrice": "$8.00 per 100G"
      }
    }
  },
  {
    "id": "coles-bar-fruit-oven-baked-apple-6-pack",
    "brand": "Coles",
    "name": "Apple & Cinnamon Fruit Filled Bars 6 Pack",
    "imageUrl": "https://shop.coles.com.au/wcsstore/Coles-CAS/images/5/8/5/5859903-th.jpg",
    "categories": ["pantry"],
    "tags": ["snacks", "fruit-snacks"],
    "locations": {
      "vic": {
        "price": 2.59,
        "promoText": " ",
        "packageSize": "225g",
        "packagePrice": "$1.15 per 100G"
      }
    }
  },
  {
    "id": "coles-smart-buy-snack-fruit-sticks-assorted",
    "brand": "Coles",
    "name": "Fruit Sticks Assorted  24 pack",
    "imageUrl": "https://shop.coles.com.au/wcsstore/Coles-CAS/images/5/8/6/5860301-th.jpg",
    "categories": ["pantry"],
    "tags": ["snacks", "fruit-snacks"],
    "locations": {
      "vic": {
        "price": 3.55,
        "promoText": " ",
        "packageSize": "480g",
        "packagePrice": "$0.74 per 100G"
      }
    }
  },
  {
    "id": "uncle-tobys-muesli-bars-chewy-value-pack-choc-chip",
    "brand": "Uncle Tobys",
    "name": "Chewy Muesli Bars Choc Chip Value 12 Pack",
    "imageUrl": "https://shop.coles.com.au/wcsstore/Coles-CAS/images/4/9/7/4976082-th.jpg",
    "categories": ["pantry"],
    "tags": ["snacks", "muesli-snack-bars"],
    "locations": {
      "vic": {
        "price": 5,
        "promoText": " ",
        "packageSize": "375g",
        "packagePrice": "$1.33 per 100G"
      }
    }
  },
  {
    "id": "uncle-tobys-muesli-bars-chewy-choc-chip",
    "brand": "Uncle Tobys",
    "name": "Chewy Bars Choc Chip",
    "imageUrl": "https://shop.coles.com.au/wcsstore/Coles-CAS/images/4/9/7/4975192-th.jpg",
    "categories": ["pantry"],
    "tags": ["snacks", "muesli-snack-bars"],
    "locations": {
      "vic": {
        "price": 4.3,
        "promoText": " ",
        "packageSize": "185g",
        "packagePrice": "$2.32 per 100G"
      }
    }
  },
  {
    "id": "uncle-tobys-muesli-bars-yoghurt-topps-variety-pack",
    "brand": "Uncle Tobys",
    "name": "Yoghurt Muesli Bars Variety Value 12 Pack",
    "imageUrl": "https://shop.coles.com.au/wcsstore/Coles-CAS/images/4/9/7/4975975-th.jpg",
    "categories": ["pantry"],
    "tags": ["snacks", "muesli-snack-bars"],
    "locations": {
      "vic": {
        "price": 5,
        "promoText": " ",
        "packageSize": "375g",
        "packagePrice": "$1.33 per 100G"
      }
    }
  },
  {
    "id": "kelloggs-k-time-twists-raspberry-apple",
    "brand": "Kellogg's",
    "name": "K-Time Baked Twists Raspberry & Apple Flavour Filled Snack Bars 5 pack",
    "imageUrl": "https://shop.coles.com.au/wcsstore/Coles-CAS/images/9/2/6/9264250-th.jpg",
    "categories": ["pantry"],
    "tags": ["snacks", "muesli-snack-bars"],
    "locations": {
      "vic": {
        "price": 4,
        "promoText": " ",
        "packageSize": "185g",
        "packagePrice": "$2.16 per 100G"
      }
    }
  },
  {
    "id": "kelloggs-k-time-twists-strawberry-yoghurt",
    "brand": "Kellogg's",
    "name": "K-Time Baked Twists Strawberry & Yoghurt Flavour Filled Snack Bars 5 pack",
    "imageUrl": "https://shop.coles.com.au/wcsstore/Coles-CAS/images/9/2/6/9264260-th.jpg",
    "categories": ["pantry"],
    "tags": ["snacks", "muesli-snack-bars"],
    "locations": {
      "vic": {
        "price": 4,
        "promoText": " ",
        "packageSize": "185g",
        "packagePrice": "$2.16 per 100G"
      }
    }
  },
  {
    "id": "kelloggs-lcms-chocolate-chip-rice-bubbles-bars-15-pack",
    "brand": "Kellogg's",
    "name": "LCMs Choc Chip Puffed Rice Breakfast Cereal Bars 15 pack",
    "imageUrl": "https://shop.coles.com.au/wcsstore/Coles-CAS/images/2/3/9/2396398-th.jpg",
    "categories": ["pantry"],
    "tags": ["snacks", "muesli-snack-bars"],
    "locations": {
      "vic": {
        "price": 7.5,
        "promoText": " ",
        "packageSize": "330g",
        "packagePrice": "$2.27 per 100G"
      }
    }
  },
  {
    "id": "nice-natural-nut-bar-chocolate",
    "brand": "Nice & Natural",
    "name": "Real Milk Chocolate Roasted Nut Bars 6 pack",
    "imageUrl": "https://shop.coles.com.au/wcsstore/Coles-CAS/images/9/8/2/9827090-th.jpg",
    "categories": ["pantry"],
    "tags": ["snacks", "muesli-snack-bars"],
    "locations": {
      "vic": {
        "price": 4,
        "promoText": "Any 2 $6",
        "packageSize": "192g",
        "packagePrice": "$2.08 per 100G"
      }
    }
  },
  {
    "id": "nice-natural-nut-bar-almond-nut-choc-6-pack",
    "brand": "Nice & Natural",
    "name": "Chocolate Almond Nut Bars 6 pack",
    "imageUrl": "https://shop.coles.com.au/wcsstore/Coles-CAS/images/8/2/2/8221386-th.jpg",
    "categories": ["pantry"],
    "tags": ["snacks", "muesli-snack-bars"],
    "locations": {
      "vic": {
        "price": 4,
        "promoText": "Any 2 $6",
        "packageSize": "180g",
        "packagePrice": "$2.22 per 100G"
      }
    }
  },
  {
    "id": "nice-natural-nut-bar-yoghurt-6-pack",
    "brand": "Nice & Natural",
    "name": "Yoghurt Roasted Nut Bars 6 pack",
    "imageUrl": "https://shop.coles.com.au/wcsstore/Coles-CAS/images/4/1/6/4167303-th.jpg",
    "categories": ["pantry"],
    "tags": ["snacks", "muesli-snack-bars"],
    "locations": {
      "vic": {
        "price": 4,
        "promoText": "Any 2 $6",
        "packageSize": "192g",
        "packagePrice": "$2.08 per 100G"
      }
    }
  },
  {
    "id": "carmans-dark-choc-and-cranberry-gourmet-and-protein-bars-5-pack",
    "brand": "Carman's",
    "name": "Dark Choc & Cranberry Gourmet Protein Bar 5 pack",
    "imageUrl": "https://shop.coles.com.au/wcsstore/Coles-CAS/images/2/1/2/2129482-th.jpg",
    "categories": ["pantry"],
    "tags": ["snacks", "muesli-snack-bars"],
    "locations": {
      "vic": {
        "price": 4.5,
        "promoText": "$1.80 ",
        "packageSize": "200g",
        "packagePrice": "$2.25 per 100G"
      }
    }
  },
  {
    "id": "carmans-greek-yoghurt-berry-protein-bars",
    "brand": "Carman's",
    "name": "Greek Style Yoghurt & Berry Gourmet Protein Bars 5 pack",
    "imageUrl": "https://shop.coles.com.au/wcsstore/Coles-CAS/images/2/3/9/2392513-th.jpg",
    "categories": ["pantry"],
    "tags": ["snacks", "muesli-snack-bars"],
    "locations": {
      "vic": {
        "price": 4.5,
        "promoText": "$1.80 ",
        "packageSize": "200g",
        "packagePrice": "$2.25 per 100G"
      }
    }
  },
  {
    "id": "carmans-coconut-yoghurt-roasted-nut-gourmet-protein",
    "brand": "Carman's",
    "name": "Coconut Yoghurt & Roasted Nut Gourmet Protein Bars 5 pack",
    "imageUrl": "https://shop.coles.com.au/wcsstore/Coles-CAS/images/2/7/9/2795542-th.jpg",
    "categories": ["pantry"],
    "tags": ["snacks", "muesli-snack-bars"],
    "locations": {
      "vic": {
        "price": 4.5,
        "promoText": "$1.80 ",
        "packageSize": "200g",
        "packagePrice": "$2.25 per 100G"
      }
    }
  },
  {
    "id": "carmans-muesli-bars-variety-pack",
    "brand": "Carman's",
    "name": "Original Fruit Free Muesli Bars",
    "imageUrl": "https://shop.coles.com.au/wcsstore/Coles-CAS/images/7/6/2/7623974-th.jpg",
    "categories": ["pantry"],
    "tags": ["snacks", "muesli-snack-bars"],
    "locations": {
      "vic": {
        "price": 9,
        "promoText": " ",
        "packageSize": "540g",
        "packagePrice": "$1.67 per 100G"
      }
    }
  },
  {
    "id": "carmans-muesli-bars-classic-fruit-6-pack",
    "brand": "Carman's",
    "name": "Classic Fruit & Nut Muesli Bars 6 pack",
    "imageUrl": "https://shop.coles.com.au/wcsstore/Coles-CAS/images/9/4/6/9460520-th.jpg",
    "categories": ["pantry"],
    "tags": ["snacks", "muesli-snack-bars"],
    "locations": {
      "vic": {
        "price": 4.5,
        "promoText": "$1.50 ",
        "packageSize": "270g",
        "packagePrice": "$1.67 per 100G"
      }
    }
  },
  {
    "id": "nice-natural--roasted-peanut-cashew-nut-bar",
    "brand": "Nice & Natural",
    "name": "Roasted Cashew Milk Chocolate Peanut Bars 6 Pack",
    "imageUrl": "https://shop.coles.com.au/wcsstore/Coles-CAS/images/2/6/0/2605873-th.jpg",
    "categories": ["pantry"],
    "tags": ["snacks", "muesli-snack-bars"],
    "locations": {
      "vic": {
        "price": 4,
        "promoText": "Any 2 $6",
        "packageSize": "192g",
        "packagePrice": "$2.08 per 100G"
      }
    }
  },
  {
    "id": "carmans-nut-bars--almond-hazel-vanilla",
    "brand": "Carman's",
    "name": "Almond Hazelnut & Vanilla Nut Bar 5 pack",
    "imageUrl": "https://shop.coles.com.au/wcsstore/Coles-CAS/images/1/0/1/1018373-th.jpg",
    "categories": ["pantry"],
    "tags": ["snacks", "muesli-snack-bars"],
    "locations": {
      "vic": {
        "price": 4.5,
        "promoText": "$1.50 ",
        "packageSize": "175g",
        "packagePrice": "$2.57 per 100G"
      }
    }
  },
  {
    "id": "carmans-muesli-bars-original-fruit-free-6-pack",
    "brand": "Carman's",
    "name": "Original Fruit Free Muesli Bars 6 pack",
    "imageUrl": "https://shop.coles.com.au/wcsstore/Coles-CAS/images/9/4/6/9460462-th.jpg",
    "categories": ["pantry"],
    "tags": ["snacks", "muesli-snack-bars"],
    "locations": {
      "vic": {
        "price": 4.5,
        "promoText": "$1.50 ",
        "packageSize": "270g",
        "packagePrice": "$1.67 per 100G"
      }
    }
  },
  {
    "id": "carmans-golden-oats-coconut-oat-slice",
    "brand": "Carman's",
    "name": "Golden Oats & Coconut Oat Slice",
    "imageUrl": "https://shop.coles.com.au/wcsstore/Coles-CAS/images/2/3/9/2392488-th.jpg",
    "categories": ["pantry"],
    "tags": ["snacks", "muesli-snack-bars"],
    "locations": {
      "vic": {
        "price": 4.5,
        "promoText": "$1.50 ",
        "packageSize": "210g",
        "packagePrice": "$2.14 per 100G"
      }
    }
  },
  {
    "id": "mother-earth-baked-oaty-slice-raspberry-white-chocolate",
    "brand": "Mother Earth",
    "name": "Raspberry & White Chocolate Baked Oaty Slice",
    "imageUrl": "https://shop.coles.com.au/wcsstore/Coles-CAS/images/7/5/0/7509968-th.jpg",
    "categories": ["pantry"],
    "tags": ["snacks", "muesli-snack-bars"],
    "locations": {
      "vic": {
        "price": 3,
        "promoText": "Was $4.00 on Mar 2018 ",
        "packageSize": "240g",
        "packagePrice": "$1.25 per 100G"
      }
    }
  },
  {
    "id": "carmans-salted-drk-choc-almnd",
    "brand": "Carman's",
    "name": "Salted Dark Choc & Almond Gourmet Protein Bars 5 pack",
    "imageUrl": "https://shop.coles.com.au/wcsstore/Coles-CAS/images/3/0/2/3022961-th.jpg",
    "categories": ["pantry"],
    "tags": ["snacks", "muesli-snack-bars"],
    "locations": {
      "vic": {
        "price": 4.5,
        "promoText": "$1.80 ",
        "packageSize": "200g",
        "packagePrice": "$2.25 per 100G"
      }
    }
  },
  {
    "id": "mother-earth-baked-oaty-slices-chocolate-chip",
    "brand": "Mother Earth",
    "name": "Chocolate Chip Baked Oaty Slices",
    "imageUrl": "https://shop.coles.com.au/wcsstore/Coles-CAS/images/1/2/5/1251833-th.jpg",
    "categories": ["pantry"],
    "tags": ["snacks", "muesli-snack-bars"],
    "locations": {
      "vic": {
        "price": 3,
        "promoText": "Was $4.00 on Mar 2018 ",
        "packageSize": "240g",
        "packagePrice": "$1.25 per 100G"
      }
    }
  },
  {
    "id": "nice-natural-strawberry-blackcurrant-superfruits-bars-6-pack",
    "brand": "Nice & Natural",
    "name": "Strawberry & Blackcurrant Superfruits Muesli Bars 6 Pack",
    "imageUrl": "https://shop.coles.com.au/wcsstore/Coles-CAS/images/2/1/3/2133821-th.jpg",
    "categories": ["pantry"],
    "tags": ["snacks", "muesli-snack-bars"],
    "locations": {
      "vic": {
        "price": 4,
        "promoText": "Any 2 $6",
        "packageSize": "180g",
        "packagePrice": "$2.22 per 100G"
      }
    }
  },
  {
    "id": "uncle-tobys-muesli-bars-chewy-variety-pack",
    "brand": "Uncle Tobys",
    "name": "Chewy Muesli Bars Variety Value 12 Pack",
    "imageUrl": "https://shop.coles.com.au/wcsstore/Coles-CAS/images/4/9/7/4976093-th.jpg",
    "categories": ["pantry"],
    "tags": ["snacks", "muesli-snack-bars"],
    "locations": {
      "vic": {
        "price": 5,
        "promoText": " ",
        "packageSize": "375g",
        "packagePrice": "$1.33 per 100G"
      }
    }
  },
  {
    "id": "uncle-tobys-lunchbox-favourites-muesli-bars-12-pack",
    "brand": "Uncle Tobys",
    "name": "Chewy Muesli Bars Lunchbox Favourites Value 12 Pack",
    "imageUrl": "https://shop.coles.com.au/wcsstore/Coles-CAS/images/2/1/3/2130379-th.jpg",
    "categories": ["pantry"],
    "tags": ["snacks", "muesli-snack-bars"],
    "locations": {
      "vic": {
        "price": 5,
        "promoText": " ",
        "packageSize": "375g",
        "packagePrice": "$1.33 per 100G"
      }
    }
  },
  {
    "id": "nice-natural-nut-bar-choc-apricot",
    "brand": "Nice & Natural",
    "name": "Sweet & Salty Roasted Nut Bars 6 pack",
    "imageUrl": "https://shop.coles.com.au/wcsstore/Coles-CAS/images/1/0/1/1018271-th.jpg",
    "categories": ["pantry"],
    "tags": ["snacks", "muesli-snack-bars"],
    "locations": {
      "vic": {
        "price": 4,
        "promoText": "Any 2 $6",
        "packageSize": "192g",
        "packagePrice": "$2.08 per 100G"
      }
    }
  },
  {
    "id": "nice-and-natural-nut-bar-yoghurt-trail-mix",
    "brand": "Nice & Natural",
    "name": "Trail Mix Roasted Nut Bars 6 pack",
    "imageUrl": "https://shop.coles.com.au/wcsstore/Coles-CAS/images/1/0/1/1018260-th.jpg",
    "categories": ["pantry"],
    "tags": ["snacks", "muesli-snack-bars"],
    "locations": {
      "vic": {
        "price": 4,
        "promoText": "Any 2 $6",
        "packageSize": "192g",
        "packagePrice": "$2.08 per 100G"
      }
    }
  },
  {
    "id": "carmans-bars-indulgent-variety-12-pack",
    "brand": "Carman's",
    "name": "Classic Fruit & Nut Muesli Bars 12 pack",
    "imageUrl": "https://shop.coles.com.au/wcsstore/Coles-CAS/images/8/2/2/8221524-th.jpg",
    "categories": ["pantry"],
    "tags": ["snacks", "muesli-snack-bars"],
    "locations": {
      "vic": {
        "price": 9,
        "promoText": " ",
        "packageSize": "540g",
        "packagePrice": "$1.67 per 100G"
      }
    }
  },
  {
    "id": "fibre-one-5-chocolate-fudge-brownies",
    "brand": "Fibre One",
    "name": "Chocolate Fudge Brownies 5 pack",
    "imageUrl": "https://shop.coles.com.au/wcsstore/Coles-CAS/images/2/8/2/2827161-th.jpg",
    "categories": ["pantry"],
    "tags": ["snacks", "muesli-snack-bars"],
    "locations": {
      "vic": {
        "price": 5.5,
        "promoText": " ",
        "packageSize": "120g",
        "packagePrice": "$4.58 per 100G"
      }
    }
  },
  {
    "id": "carmans--oat-slice-belgian-choc-brownie",
    "brand": "Carman's",
    "name": "Oat Slice Belgian Chocolate Brownie",
    "imageUrl": "https://shop.coles.com.au/wcsstore/Coles-CAS/images/2/7/1/2714711-th.jpg",
    "categories": ["pantry"],
    "tags": ["snacks", "muesli-snack-bars"],
    "locations": {
      "vic": {
        "price": 4.5,
        "promoText": "$1.50 ",
        "packageSize": "210g",
        "packagePrice": "$2.14 per 100G"
      }
    }
  },
  {
    "id": "carmans-dark-choc-macadamia-coconut",
    "brand": "Carman's",
    "name": "Dark Choc Macadamia & Coconut Nut Bar 5 pack",
    "imageUrl": "https://shop.coles.com.au/wcsstore/Coles-CAS/images/3/0/2/3022892-th.jpg",
    "categories": ["pantry"],
    "tags": ["snacks", "muesli-snack-bars"],
    "locations": {
      "vic": {
        "price": 4.5,
        "promoText": "$1.50 ",
        "packageSize": "160g",
        "packagePrice": "$2.81 per 100G"
      }
    }
  },
  {
    "id": "fibre-one-5-salted-caramel-brownie",
    "brand": "Fibre One",
    "name": "Salted Caramel Squares 5 pack",
    "imageUrl": "https://shop.coles.com.au/wcsstore/Coles-CAS/images/3/0/2/3021991-th.jpg",
    "categories": ["pantry"],
    "tags": ["snacks", "muesli-snack-bars"],
    "locations": {
      "vic": {
        "price": 5.5,
        "promoText": " ",
        "packageSize": "120g",
        "packagePrice": "$4.58 per 100G"
      }
    }
  },
  {
    "id": "mother-earth-baked-oaty-slice-golden-oats",
    "brand": "Mother Earth",
    "name": "Golden Oats Baked Oaty Slices",
    "imageUrl": "https://shop.coles.com.au/wcsstore/Coles-CAS/images/7/5/0/7509957-th.jpg",
    "categories": ["pantry"],
    "tags": ["snacks", "muesli-snack-bars"],
    "locations": {
      "vic": {
        "price": 3,
        "promoText": "Was $4.00 on Mar 2018 ",
        "packageSize": "240g",
        "packagePrice": "$1.25 per 100G"
      }
    }
  },
  {
    "id": "mother-earth-baked-oaty-slices-chocolate-oats-bars-6-pack",
    "brand": "Mother Earth",
    "name": "Baked Oaty Slices Chocolate Oats Bars 6 pack",
    "imageUrl": "https://shop.coles.com.au/wcsstore/Coles-CAS/images/1/8/1/1812850-th.jpg",
    "categories": ["pantry"],
    "tags": ["snacks", "muesli-snack-bars"],
    "locations": {
      "vic": {
        "price": 3,
        "promoText": "Was $4.00 on Mar 2018 ",
        "packageSize": "240g",
        "packagePrice": "$1.25 per 100G"
      }
    }
  },
  {
    "id": "nature-valley-protein-peanut-choc",
    "brand": "Nature Valley",
    "name": "Peanut & Chocolate Protein Bar",
    "imageUrl": "https://shop.coles.com.au/wcsstore/Coles-CAS/images/2/8/2/2827139-th.jpg",
    "categories": ["pantry"],
    "tags": ["snacks", "muesli-snack-bars"],
    "locations": {
      "vic": {
        "price": 5.3,
        "promoText": " ",
        "packageSize": "160g",
        "packagePrice": "$3.31 per 100G"
      }
    }
  },
  {
    "id": "sanitarium-peanut-butter-natural-crunchy",
    "brand": "Sanitarium",
    "name": "Natural Crunchy Peanut Butter Spread",
    "imageUrl": "https://shop.coles.com.au/wcsstore/Coles-CAS/images/5/7/9/5796870-th.jpg",
    "categories": ["pantry"],
    "tags": ["snacks", "muesli-snack-bars"],
    "locations": {
      "vic": {
        "price": 4.05,
        "promoText": " ",
        "packageSize": "375g",
        "packagePrice": "$1.08 per 100G"
      }
    }
  },
  {
    "id": "carmans-dark-choc-espresso-nut-bars-5-pack",
    "brand": "Carman's",
    "name": "Dark Choc Espresso Nut Bar 5 pack",
    "imageUrl": "https://shop.coles.com.au/wcsstore/Coles-CAS/images/1/9/0/1905237-th.jpg",
    "categories": ["pantry"],
    "tags": ["snacks", "muesli-snack-bars"],
    "locations": {
      "vic": {
        "price": 4.5,
        "promoText": "$1.50 ",
        "packageSize": "160g",
        "packagePrice": "$2.81 per 100G"
      }
    }
  },
  {
    "id": "carmans-greek-style-yoghurt-blueberry-nut-bars-5-pack",
    "brand": "Carman's",
    "name": "Greek Style Yoghurt & Blueberry Nut Bars 5 pack",
    "imageUrl": "https://shop.coles.com.au/wcsstore/Coles-CAS/images/1/9/0/1905248-th.jpg",
    "categories": ["pantry"],
    "tags": ["snacks", "muesli-snack-bars"],
    "locations": {
      "vic": {
        "price": 4.5,
        "promoText": "$1.50 ",
        "packageSize": "160g",
        "packagePrice": "$2.81 per 100G"
      }
    }
  },
  {
    "id": "carmans-value-pack-blueberry",
    "brand": "Carman's",
    "name": "Dark Choc & Blueberry Superfood Muesli 12 Bars",
    "imageUrl": "https://shop.coles.com.au/wcsstore/Coles-CAS/images/3/6/4/3640585-th.jpg",
    "categories": ["pantry"],
    "tags": ["snacks", "muesli-snack-bars"],
    "locations": {
      "vic": {
        "price": 9,
        "promoText": " ",
        "packageSize": "420g",
        "packagePrice": "$2.14 per 100G"
      }
    }
  },
  {
    "id": "coles-yoghurt-topped-choc-chip-muesli-bars-8-pack",
    "brand": "Coles",
    "name": "Choc Chip Muesli Bars 8 pack",
    "imageUrl": "https://shop.coles.com.au/wcsstore/Coles-CAS/images/2/2/6/2262438-th.jpg",
    "categories": ["pantry"],
    "tags": ["snacks", "muesli-snack-bars"],
    "locations": {
      "vic": {
        "price": 1.9,
        "promoText": " ",
        "packageSize": "248g",
        "packagePrice": "$0.77 per 100G"
      }
    }
  },
  {
    "id": "kelloggs-lcms-split-stix-yoghurty-rice-bubbles",
    "brand": "Kellogg's",
    "name": "LCMs Yoghurty Split Stix Puffed Rice Snack Bars 6 pack",
    "imageUrl": "https://shop.coles.com.au/wcsstore/Coles-CAS/images/6/6/4/6642805-th.jpg",
    "categories": ["pantry"],
    "tags": ["snacks", "muesli-snack-bars"],
    "locations": {
      "vic": {
        "price": 4,
        "promoText": " ",
        "packageSize": "138g",
        "packagePrice": "$2.90 per 100G"
      }
    }
  },
  {
    "id": "kelloggs-lcms-value-pack-split-stix-yoghurty-15-pack",
    "brand": "Kellogg's",
    "name": "LCMs Yoghurty Split Stix Puffed Rice Snack Bars 15 pack",
    "imageUrl": "https://shop.coles.com.au/wcsstore/Coles-CAS/images/2/3/9/2396365-th.jpg",
    "categories": ["pantry"],
    "tags": ["snacks", "muesli-snack-bars"],
    "locations": {
      "vic": {
        "price": 7.5,
        "promoText": " ",
        "packageSize": "345g",
        "packagePrice": "$2.17 per 100G"
      }
    }
  },
  {
    "id": "mother-earth-baked-oaty-slices-almond-honey",
    "brand": "Mother Earth",
    "name": "Almond Honey Baked Oaty Slices",
    "imageUrl": "https://shop.coles.com.au/wcsstore/Coles-CAS/images/8/2/2/8221513-th.jpg",
    "categories": ["pantry"],
    "tags": ["snacks", "muesli-snack-bars"],
    "locations": {
      "vic": {
        "price": 3,
        "promoText": "Was $4.00 on Mar 2018 ",
        "packageSize": "240g",
        "packagePrice": "$1.25 per 100G"
      }
    }
  },
  {
    "id": "nature-valley-protein-salted-caramel-bar",
    "brand": "Nature Valley",
    "name": "Salted Caramel Protein Bar",
    "imageUrl": "https://shop.coles.com.au/wcsstore/Coles-CAS/images/3/0/2/3022010-th.jpg",
    "categories": ["pantry"],
    "tags": ["snacks", "muesli-snack-bars"],
    "locations": {
      "vic": {
        "price": 5.3,
        "promoText": " ",
        "packageSize": "160g",
        "packagePrice": "$3.31 per 100G"
      }
    }
  },
  {
    "id": "nice-natural-nutritional-snacks-superfruits---cranberry-blueberry-strawberry-6-pack",
    "brand": "Nice & Natural",
    "name": "Cranberry & Blueberry Flavour Superfruits Muesli Bars 6 pack",
    "imageUrl": "https://shop.coles.com.au/wcsstore/Coles-CAS/images/1/2/5/1250626-th.jpg",
    "categories": ["pantry"],
    "tags": ["snacks", "muesli-snack-bars"],
    "locations": {
      "vic": {
        "price": 4,
        "promoText": "Any 2 $6",
        "packageSize": "180g",
        "packagePrice": "$2.22 per 100G"
      }
    }
  },
  {
    "id": "uncle-tobys-muesli-bars-yoghurt-topps-strawberry-4975964p",
    "brand": "Uncle Tobys",
    "name": "Yoghurt Muesli Bars Strawberry Value 12 Pack",
    "imageUrl": "https://shop.coles.com.au/wcsstore/Coles-CAS/images/4/9/7/4975964-th.jpg",
    "categories": ["pantry"],
    "tags": ["snacks", "muesli-snack-bars"],
    "locations": {
      "vic": {
        "price": 5,
        "promoText": " ",
        "packageSize": "375g",
        "packagePrice": "$1.33 per 100G"
      }
    }
  },
  {
    "id": "be-natural-bars-nut-delight-4-pack",
    "brand": "Be Natural",
    "name": "Nut Delight Protein Snack Bar 4 pack",
    "imageUrl": "https://shop.coles.com.au/wcsstore/Coles-CAS/images/9/2/0/9202729-th.jpg",
    "categories": ["pantry"],
    "tags": ["snacks", "muesli-snack-bars"],
    "locations": {
      "vic": {
        "price": 4,
        "promoText": " ",
        "packageSize": "160g",
        "packagePrice": "$2.50 per 100G"
      }
    }
  },
  {
    "id": "carmans-super-berry-muesli-bars",
    "brand": "Carman's",
    "name": "Cranberry, Blueberry & Goji Super Berry Muesli Bars 6 pack",
    "imageUrl": "https://shop.coles.com.au/wcsstore/Coles-CAS/images/2/3/9/2392502-th.jpg",
    "categories": ["pantry"],
    "tags": ["snacks", "muesli-snack-bars"],
    "locations": {
      "vic": {
        "price": 4.5,
        "promoText": "$1.50 ",
        "packageSize": "270g",
        "packagePrice": "$1.67 per 100G"
      }
    }
  },
  {
    "id": "fibre-one-squares-cinnamon",
    "brand": "Fibre One",
    "name": "Cinnamon Drizzle Squares 5 pack",
    "imageUrl": "https://shop.coles.com.au/wcsstore/Coles-CAS/images/3/3/8/3387360-th.jpg",
    "categories": ["pantry"],
    "tags": ["snacks", "muesli-snack-bars"],
    "locations": {
      "vic": {
        "price": 5.5,
        "promoText": " ",
        "packageSize": "120g",
        "packagePrice": "$4.58 per 100G"
      }
    }
  },
  {
    "id": "kelloggs-nutri-grain-original-bars-6-pack",
    "brand": "Kellogg's",
    "name": "Nutri-Grain Original Cereal Snack Bars 6 pack",
    "imageUrl": "https://shop.coles.com.au/wcsstore/Coles-CAS/images/2/1/3/2133898-th.jpg",
    "categories": ["pantry"],
    "tags": ["snacks", "muesli-snack-bars"],
    "locations": {
      "vic": {
        "price": 4,
        "promoText": " ",
        "packageSize": "144g",
        "packagePrice": "$2.78 per 100G"
      }
    }
  },
  {
    "id": "nestle-milo-energy-snack-bars-with-milk",
    "brand": "Nestle",
    "name": "Milo Dipped With White Chocolate Snack Bars 6 Pack",
    "imageUrl": "https://shop.coles.com.au/wcsstore/Coles-CAS/images/4/7/6/4762624-th.jpg",
    "categories": ["pantry"],
    "tags": ["snacks", "muesli-snack-bars"],
    "locations": {
      "vic": {
        "price": 4.3,
        "promoText": " ",
        "packageSize": "160g",
        "packagePrice": "$2.69 per 100G"
      }
    }
  },
  {
    "id": "nice-natural-protein-nut-bars%3Acaramel-sea-salt",
    "brand": "Nice & Natural",
    "name": "Salted Caramel Protein Nut Bars With 3 Superseeds 5 Pack",
    "imageUrl": "https://shop.coles.com.au/wcsstore/Coles-CAS/images/2/7/9/2795575-th.jpg",
    "categories": ["pantry"],
    "tags": ["snacks", "muesli-snack-bars"],
    "locations": {
      "vic": {
        "price": 5,
        "promoText": "Any 2 $7",
        "packageSize": "165g",
        "packagePrice": "$3.03 per 100G"
      }
    }
  },
  {
    "id": "uncle-tobys-muesli-bars-chewy-white-choc-chip",
    "brand": "Uncle Tobys",
    "name": "Chewy Muesli Bars White Choc Chip 6 Pack",
    "imageUrl": "https://shop.coles.com.au/wcsstore/Coles-CAS/images/4/9/7/4975217-th.jpg",
    "categories": ["pantry"],
    "tags": ["snacks", "muesli-snack-bars"],
    "locations": {
      "vic": {
        "price": 4.3,
        "promoText": " ",
        "packageSize": "185g",
        "packagePrice": "$2.32 per 100G"
      }
    }
  },
  {
    "id": "all-natural-bakery-slices-apricot-almond-yogurt",
    "brand": "All Natural Bakery",
    "name": "Apricot Almond Yoghurt Oat Slices",
    "imageUrl": "https://shop.coles.com.au/wcsstore/Coles-CAS/images/7/3/9/7398379-th.jpg",
    "categories": ["pantry"],
    "tags": ["snacks", "muesli-snack-bars"],
    "locations": {
      "vic": {
        "price": 2.15,
        "promoText": "$0.55 ",
        "packageSize": "100g",
        "packagePrice": "$2.15 per 100G"
      }
    }
  },
  {
    "id": "carmans-bars-dark-choc-blueberry-6-pack",
    "brand": "Carman's",
    "name": "Dark Choc Blueberry Superfood Bars 6 pack",
    "imageUrl": "https://shop.coles.com.au/wcsstore/Coles-CAS/images/8/2/2/8221546-th.jpg",
    "categories": ["pantry"],
    "tags": ["snacks", "muesli-snack-bars"],
    "locations": {
      "vic": {
        "price": 4.5,
        "promoText": "$1.50 ",
        "packageSize": "210g",
        "packagePrice": "$2.14 per 100G"
      }
    }
  },
  {
    "id": "carmans-nut-bars-almond-cashew-cranberry-5-pack",
    "brand": "Carman's",
    "name": "Almond Cashew & Cranberry Nut Bar 5 pack",
    "imageUrl": "https://shop.coles.com.au/wcsstore/Coles-CAS/images/1/0/1/1018362-th.jpg",
    "categories": ["pantry"],
    "tags": ["snacks", "muesli-snack-bars"],
    "locations": {
      "vic": {
        "price": 4.5,
        "promoText": "$1.50 ",
        "packageSize": "175g",
        "packagePrice": "$2.57 per 100G"
      }
    }
  },
  {
    "id": "carmens-value-pack-almond-hazelnut-vanilla",
    "brand": "Carman's",
    "name": "Almond Hazelnut & Vanilla Roasted Nut 10 Bars",
    "imageUrl": "https://shop.coles.com.au/wcsstore/Coles-CAS/images/3/6/4/3640610-th.jpg",
    "categories": ["pantry"],
    "tags": ["snacks", "muesli-snack-bars"],
    "locations": {
      "vic": {
        "price": 9,
        "promoText": " ",
        "packageSize": "350g",
        "packagePrice": "$2.57 per 100G"
      }
    }
  },
  {
    "id": "carmans-protein-bar-cokies-cream",
    "brand": "Carman's",
    "name": "Cookies & Cream Protein Bars 5 Pack",
    "imageUrl": "https://shop.coles.com.au/wcsstore/Coles-CAS/images/3/7/8/3786900-th.jpg",
    "categories": ["pantry"],
    "tags": ["snacks", "muesli-snack-bars"],
    "locations": {
      "vic": {
        "price": 4.5,
        "promoText": "$1.80 ",
        "packageSize": "200g",
        "packagePrice": "$2.25 per 100G"
      }
    }
  },
  {
    "id": "coles-bar-fruit-nut",
    "brand": "Coles",
    "name": "Fruit & Nut Bars",
    "imageUrl": "https://shop.coles.com.au/wcsstore/Coles-CAS/images/5/8/2/5827543-th.jpg",
    "categories": ["pantry"],
    "tags": ["snacks", "muesli-snack-bars"],
    "locations": {
      "vic": {
        "price": 2.65,
        "promoText": " ",
        "packageSize": "210g",
        "packagePrice": "$1.26 per 100G"
      }
    }
  },
  {
    "id": "coles-puffed-rice-bar-vanilla",
    "brand": "Coles",
    "name": "Vanilla Puffed Rice Bars 6 Pack",
    "imageUrl": "https://shop.coles.com.au/wcsstore/Coles-CAS/images/3/1/4/3145021-th.jpg",
    "categories": ["pantry"],
    "tags": ["snacks", "muesli-snack-bars"],
    "locations": {
      "vic": {
        "price": 2.5,
        "promoText": " ",
        "packageSize": "132g",
        "packagePrice": "$1.89 per 100G"
      }
    }
  },
  {
    "id": "coles-oat-slice-choc-chip",
    "brand": "Coles",
    "name": "Chocolate Chip Baked Oat Slice 6 pack",
    "imageUrl": "https://shop.coles.com.au/wcsstore/Coles-CAS/images/3/4/0/3400570-th.jpg",
    "categories": ["pantry"],
    "tags": ["snacks", "muesli-snack-bars"],
    "locations": {
      "vic": {
        "price": 3,
        "promoText": " ",
        "packageSize": "225g",
        "packagePrice": "$1.33 per 100G"
      }
    }
  },
  {
    "id": "heritage-mill-muesli-bar-very-berry",
    "brand": "Freedom Foods",
    "name": "Heritage Mill Very Berry Muesli Bars 6 pack",
    "imageUrl": "https://shop.coles.com.au/wcsstore/Coles-CAS/images/3/2/3/3235882-th.jpg",
    "categories": ["pantry"],
    "tags": ["snacks", "muesli-snack-bars"],
    "locations": {
      "vic": {
        "price": 4.5,
        "promoText": " ",
        "packageSize": "270g",
        "packagePrice": "$1.67 per 100G"
      }
    }
  },
  {
    "id": "kelloggs-k-time-value-twist-strawberry-blueberry",
    "brand": "Kellogg's",
    "name": "K-Time Baked Twists Strawberry & Blueberry Flavour Filled Snack Bars 9 pack",
    "imageUrl": "https://shop.coles.com.au/wcsstore/Coles-CAS/images/6/4/2/6420009-th.jpg",
    "categories": ["pantry"],
    "tags": ["snacks", "muesli-snack-bars"],
    "locations": {
      "vic": {
        "price": 5.8,
        "promoText": " ",
        "packageSize": "333g",
        "packagePrice": "$1.74 per 100G"
      }
    }
  },
  {
    "id": "kelloggs-lcms-split-stix-chocolatey-rice-bubbles",
    "brand": "Kellogg's",
    "name": "LCMs Chocolatey Split Stix Puffed Rice Breakfast Cereal Bars 6 pack",
    "imageUrl": "https://shop.coles.com.au/wcsstore/Coles-CAS/images/6/6/4/6642816-th.jpg",
    "categories": ["pantry"],
    "tags": ["snacks", "muesli-snack-bars"],
    "locations": {
      "vic": {
        "price": 4,
        "promoText": " ",
        "packageSize": "138g",
        "packagePrice": "$2.90 per 100G"
      }
    }
  },
  {
    "id": "kelloggs-nutri-grain-fuel-bars-10-pack",
    "brand": "Kellogg's",
    "name": "Nutri-Grain Original Cereal Snack Bars 10 pack",
    "imageUrl": "https://shop.coles.com.au/wcsstore/Coles-CAS/images/2/1/3/2133887-th.jpg",
    "categories": ["pantry"],
    "tags": ["snacks", "muesli-snack-bars"],
    "locations": {
      "vic": {
        "price": 6,
        "promoText": " ",
        "packageSize": "240g",
        "packagePrice": "$2.50 per 100G"
      }
    }
  },
  {
    "id": "kelloggs-lcms-splitstix-variety-pack",
    "brand": "Kellogg's",
    "name": "LCMs Split Stix Puffed Rice Snack Bars Variety 15 pack",
    "imageUrl": "https://shop.coles.com.au/wcsstore/Coles-CAS/images/3/0/2/3022054-th.jpg",
    "categories": ["pantry"],
    "tags": ["snacks", "muesli-snack-bars"],
    "locations": {
      "vic": {
        "price": 7.5,
        "promoText": " ",
        "packageSize": "345g",
        "packagePrice": "$2.17 per 100G"
      }
    }
  },
  {
    "id": "kelloggs-lcms-unicorn",
    "brand": "Kellogg's",
    "name": "LCMs Unicorn Puffed Rice Snack Bars 6 pack",
    "imageUrl": "https://shop.coles.com.au/wcsstore/Coles-CAS/images/3/3/9/3390499-th.jpg",
    "categories": ["pantry"],
    "tags": ["snacks", "muesli-snack-bars"],
    "locations": {
      "vic": {
        "price": 4,
        "promoText": " ",
        "packageSize": "132g",
        "packagePrice": "$3.03 per 100G"
      }
    }
  },
  {
    "id": "nice-natural-nut-bar-original-6-pack",
    "brand": "Nice & Natural",
    "name": "Roasted Peanut Nut Bars 6 Pack",
    "imageUrl": "https://shop.coles.com.au/wcsstore/Coles-CAS/images/9/8/2/9827148-th.jpg",
    "categories": ["pantry"],
    "tags": ["snacks", "muesli-snack-bars"],
    "locations": {
      "vic": {
        "price": 4,
        "promoText": "Any 2 $6",
        "packageSize": "192g",
        "packagePrice": "$2.08 per 100G"
      }
    }
  },
  {
    "id": "uncle-tobys-yoghurt-topps-muesli-bars-honeycomb-6-pack",
    "brand": "Uncle Tobys",
    "name": "Yoghurt Muesli Bars Honeycomb 6 Pack",
    "imageUrl": "https://shop.coles.com.au/wcsstore/Coles-CAS/images/4/9/7/4974950-th.jpg",
    "categories": ["pantry"],
    "tags": ["snacks", "muesli-snack-bars"],
    "locations": {
      "vic": {
        "price": 4.3,
        "promoText": " ",
        "packageSize": "185g",
        "packagePrice": "$2.32 per 100G"
      }
    }
  },
  {
    "id": "uncle-tobys-muesli-bars-chewy-vl-pk",
    "brand": "Uncle Tobys",
    "name": "Chewy Choc Faves 12 Bars",
    "imageUrl": "https://shop.coles.com.au/wcsstore/Coles-CAS/images/3/0/2/3022633-th.jpg",
    "categories": ["pantry"],
    "tags": ["snacks", "muesli-snack-bars"],
    "locations": {
      "vic": {
        "price": 5,
        "promoText": " ",
        "packageSize": "375g",
        "packagePrice": "$1.33 per 100G"
      }
    }
  },
  {
    "id": "uncle-tobys-ancient-grains-seeds",
    "brand": "Uncle Tobys",
    "name": "Ancient Grains & Seeds Bars 5 pack",
    "imageUrl": "https://shop.coles.com.au/wcsstore/Coles-CAS/images/3/5/8/3584779-th.jpg",
    "categories": ["pantry"],
    "tags": ["snacks", "muesli-snack-bars"],
    "locations": {
      "vic": {
        "price": 3,
        "promoText": "$2.00 ",
        "packageSize": "175g",
        "packagePrice": "$1.71 per 100G"
      }
    }
  },
  {
    "id": "uncle-tobys-blueberry-grains-seeds",
    "brand": "Uncle Tobys",
    "name": "Blueberry & Ancient Grain Bars 5 pack",
    "imageUrl": "https://shop.coles.com.au/wcsstore/Coles-CAS/images/3/5/8/3584735-th.jpg",
    "categories": ["pantry"],
    "tags": ["snacks", "muesli-snack-bars"],
    "locations": {
      "vic": {
        "price": 3,
        "promoText": "$2.00 ",
        "packageSize": "175g",
        "packagePrice": "$1.71 per 100G"
      }
    }
  },
  {
    "id": "carmans-cranberry-blueberry-oat-slice",
    "brand": "Carman's",
    "name": "Cranberry & Blueberry Oat Slice",
    "imageUrl": "https://shop.coles.com.au/wcsstore/Coles-CAS/images/2/3/9/2392499-th.jpg",
    "categories": ["pantry"],
    "tags": ["snacks", "muesli-snack-bars"],
    "locations": {
      "vic": {
        "price": 4.5,
        "promoText": "$1.50 ",
        "packageSize": "210g",
        "packagePrice": "$2.14 per 100G"
      }
    }
  },
  {
    "id": "coles-bar-nut-delight-6-pack",
    "brand": "Coles",
    "name": "Nut Delight Bars 6 pack",
    "imageUrl": "https://shop.coles.com.au/wcsstore/Coles-CAS/images/5/8/2/5827565-th.jpg",
    "categories": ["pantry"],
    "tags": ["snacks", "muesli-snack-bars"],
    "locations": {
      "vic": {
        "price": 2.7,
        "promoText": " ",
        "packageSize": "210g",
        "packagePrice": "$1.29 per 100G"
      }
    }
  },
  {
    "id": "coles-nut-bar-choc-coated-6-pack",
    "brand": "Coles",
    "name": "Gluten Free Choc Coated Nut Bars 6 pack",
    "imageUrl": "https://shop.coles.com.au/wcsstore/Coles-CAS/images/2/1/5/2157580-th.jpg",
    "categories": ["pantry"],
    "tags": ["snacks", "muesli-snack-bars"],
    "locations": {
      "vic": {
        "price": 2.7,
        "promoText": " ",
        "packageSize": "210g",
        "packagePrice": "$1.29 per 100G"
      }
    }
  },
  {
    "id": "coles-yoghurt-topped-strawberry-muesli-bars-8-pack",
    "brand": "Coles",
    "name": "Strawberry Yoghurt Topped Muesli Bars 8 Pack",
    "imageUrl": "https://shop.coles.com.au/wcsstore/Coles-CAS/images/2/2/6/2262449-th.jpg",
    "categories": ["pantry"],
    "tags": ["snacks", "muesli-snack-bars"],
    "locations": {
      "vic": {
        "price": 1.9,
        "promoText": " ",
        "packageSize": "248g",
        "packagePrice": "$0.77 per 100G"
      }
    }
  },
  {
    "id": "coles-puffed-rice-bar-double-choc",
    "brand": "Coles",
    "name": "Chocolate Puffed Rice 6 Bars",
    "imageUrl": "https://shop.coles.com.au/wcsstore/Coles-CAS/images/3/1/4/3145054-th.jpg",
    "categories": ["pantry"],
    "tags": ["snacks", "muesli-snack-bars"],
    "locations": {
      "vic": {
        "price": 2.5,
        "promoText": " ",
        "packageSize": "132g",
        "packagePrice": "$1.89 per 100G"
      }
    }
  },
  {
    "id": "kelloggs-lcms-rice-bubbles-kaleidos",
    "brand": "Kellogg's",
    "name": "LCMs Kaleidos Puffed Rice Snack Bars 6 pack",
    "imageUrl": "https://shop.coles.com.au/wcsstore/Coles-CAS/images/6/9/2/6920930-th.jpg",
    "categories": ["pantry"],
    "tags": ["snacks", "muesli-snack-bars"],
    "locations": {
      "vic": {
        "price": 4,
        "promoText": " ",
        "packageSize": "132g",
        "packagePrice": "$3.03 per 100G"
      }
    }
  },
  {
    "id": "kelloggs-lcms--rice-bubbles-choc-chip",
    "brand": "Kellogg's",
    "name": "LCMs Choc Chip Puffed Rice Snack Bars 6 pack",
    "imageUrl": "https://shop.coles.com.au/wcsstore/Coles-CAS/images/6/9/2/6920908-th.jpg",
    "categories": ["pantry"],
    "tags": ["snacks", "muesli-snack-bars"],
    "locations": {
      "vic": {
        "price": 4,
        "promoText": " ",
        "packageSize": "132g",
        "packagePrice": "$3.03 per 100G"
      }
    }
  },
  {
    "id": "kelloggs-lcm-value-pack-rice-bubbles-kaleidoscope-15-pack",
    "brand": "Kellogg's",
    "name": "LCMs Kaleidos Puffed Rice Snack Bars 15 pack",
    "imageUrl": "https://shop.coles.com.au/wcsstore/Coles-CAS/images/2/3/9/2396412-th.jpg",
    "categories": ["pantry"],
    "tags": ["snacks", "muesli-snack-bars"],
    "locations": {
      "vic": {
        "price": 7.5,
        "promoText": " ",
        "packageSize": "330g",
        "packagePrice": "$2.27 per 100G"
      }
    }
  },
  {
    "id": "kelloggs-lcms-coco-pops",
    "brand": "Kellogg's",
    "name": "LCMs Coco Pops Chocolatey Puffed Rice Breakfast Cereal Bars 15 pack",
    "imageUrl": "https://shop.coles.com.au/wcsstore/Coles-CAS/images/3/0/2/3022032-th.jpg",
    "categories": ["pantry"],
    "tags": ["snacks", "muesli-snack-bars"],
    "locations": {
      "vic": {
        "price": 7.5,
        "promoText": " ",
        "packageSize": "330g",
        "packagePrice": "$2.27 per 100G"
      }
    }
  },
  {
    "id": "uncle-tobys-muesli-bars-chewy--apricot",
    "brand": "Uncle Tobys",
    "name": "Chewy Apricot Wholegrain Oats Bars 6 Pack",
    "imageUrl": "https://shop.coles.com.au/wcsstore/Coles-CAS/images/4/9/7/4975181-th.jpg",
    "categories": ["pantry"],
    "tags": ["snacks", "muesli-snack-bars"],
    "locations": {
      "vic": {
        "price": 4.3,
        "promoText": " ",
        "packageSize": "185g",
        "packagePrice": "$2.32 per 100G"
      }
    }
  },
  {
    "id": "uncle-tobys-muesli-bars-yoghurt-topps-strawberry",
    "brand": "Uncle Tobys",
    "name": "Yoghurt Muesli Bars Strawberry 6 Pack",
    "imageUrl": "https://shop.coles.com.au/wcsstore/Coles-CAS/images/4/9/7/4974983-th.jpg",
    "categories": ["pantry"],
    "tags": ["snacks", "muesli-snack-bars"],
    "locations": {
      "vic": {
        "price": 4.3,
        "promoText": " ",
        "packageSize": "185g",
        "packagePrice": "$2.32 per 100G"
      }
    }
  },
  {
    "id": "weight-watchers-indulgent-coconut-delight-bars-5-pack",
    "brand": "Weight Watchers",
    "name": "Coconut Delight Indulgent Bars 5 pack",
    "imageUrl": "https://shop.coles.com.au/wcsstore/Coles-CAS/images/1/8/9/1896602-th.jpg",
    "categories": ["pantry"],
    "tags": ["snacks", "muesli-snack-bars"],
    "locations": {
      "vic": {
        "price": 4,
        "promoText": " ",
        "packageSize": "105g",
        "packagePrice": "$3.81 per 100G"
      }
    }
  },
  {
    "id": "all-natural-bakery-slices-fruit-and-nut",
    "brand": "All Natural Bakery",
    "name": "Fruit And Nut Oat Slices",
    "imageUrl": "https://shop.coles.com.au/wcsstore/Coles-CAS/images/7/3/9/7398426-th.jpg",
    "categories": ["pantry"],
    "tags": ["snacks", "muesli-snack-bars"],
    "locations": {
      "vic": {
        "price": 2.15,
        "promoText": "$0.55 ",
        "packageSize": "100g",
        "packagePrice": "$2.15 per 100G"
      }
    }
  },
  {
    "id": "all-natural-bakery-nut-delight",
    "brand": "All Natural Bakery",
    "name": "Nut Delight Oat Slices",
    "imageUrl": "https://shop.coles.com.au/wcsstore/Coles-CAS/images/3/0/2/3021018-th.jpg",
    "categories": ["pantry"],
    "tags": ["snacks", "muesli-snack-bars"],
    "locations": {
      "vic": {
        "price": 2.15,
        "promoText": "$0.55 ",
        "packageSize": "100g",
        "packagePrice": "$21.50 per 1Kg"
      }
    }
  },
  {
    "id": "all-natural-bakery-yog-pech-mango",
    "brand": "All Natural Bakery",
    "name": "Yoghurt, Peach & Mango Oat Slice",
    "imageUrl": "https://shop.coles.com.au/wcsstore/Coles-CAS/images/3/0/2/3021029-th.jpg",
    "categories": ["pantry"],
    "tags": ["snacks", "muesli-snack-bars"],
    "locations": {
      "vic": {
        "price": 2.15,
        "promoText": "$0.55 ",
        "packageSize": "100g",
        "packagePrice": "$21.50 per 1Kg"
      }
    }
  },
  {
    "id": "carmans-nutty-delights-sticky-date-caramel",
    "brand": "Carman's",
    "name": "Nutty Delights Health Snacks Sticky Date & Caramel",
    "imageUrl": "https://shop.coles.com.au/wcsstore/Coles-CAS/images/3/7/9/3795038-th.jpg",
    "categories": ["pantry"],
    "tags": ["snacks", "muesli-snack-bars"],
    "locations": {
      "vic": {
        "price": 4.5,
        "promoText": "$1.50 ",
        "packageSize": "160g",
        "packagePrice": "$2.81 per 100G"
      }
    }
  },
  {
    "id": "carmans-nutty-delights-dark-choc-cherry-coconu",
    "brand": "Carman's",
    "name": "Nutty Delights Health Snacks Dark Choc Cherry & Coconut",
    "imageUrl": "https://shop.coles.com.au/wcsstore/Coles-CAS/images/3/7/9/3795027-th.jpg",
    "categories": ["pantry"],
    "tags": ["snacks", "muesli-snack-bars"],
    "locations": {
      "vic": {
        "price": 4.5,
        "promoText": "$1.50 ",
        "packageSize": "160g",
        "packagePrice": "$2.81 per 100G"
      }
    }
  },
  {
    "id": "coles-oat-slice-raspberry-yoghurt",
    "brand": "Coles",
    "name": "Baked Oat Slice With Raspberry Yoghurt Biscuits 6 Pack",
    "imageUrl": "https://shop.coles.com.au/wcsstore/Coles-CAS/images/3/4/0/3400581-th.jpg",
    "categories": ["pantry"],
    "tags": ["snacks", "muesli-snack-bars"],
    "locations": {
      "vic": {
        "price": 3,
        "promoText": " ",
        "packageSize": "225g",
        "packagePrice": "$1.33 per 100G"
      }
    }
  },
  {
    "id": "heritage-mill-muesli-bar-choc-orange",
    "brand": "Freedom Foods",
    "name": "Heritage Mill Choc Orange Nut Bars 6 pack",
    "imageUrl": "https://shop.coles.com.au/wcsstore/Coles-CAS/images/3/4/0/3400628-th.jpg",
    "categories": ["pantry"],
    "tags": ["snacks", "muesli-snack-bars"],
    "locations": {
      "vic": {
        "price": 5.7,
        "promoText": " ",
        "packageSize": "222g",
        "packagePrice": "$2.57 per 100G"
      }
    }
  },
  {
    "id": "heritage-mill-muesli-bar-roasted-nut",
    "brand": "Heritage Mill",
    "name": "Roasted Nut Protein Bars 6 pack",
    "imageUrl": "https://shop.coles.com.au/wcsstore/Coles-CAS/images/3/4/0/3400617-th.jpg",
    "categories": ["pantry"],
    "tags": ["snacks", "muesli-snack-bars"],
    "locations": {
      "vic": {
        "price": 5.7,
        "promoText": " ",
        "packageSize": "222g",
        "packagePrice": "$2.57 per 100G"
      }
    }
  },
  {
    "id": "heritage-mill-muesli-bar-peanut-caramel",
    "brand": "Heritage Mill",
    "name": "Peanut Caramel Protein Bars 6 pack",
    "imageUrl": "https://shop.coles.com.au/wcsstore/Coles-CAS/images/3/4/0/3400640-th.jpg",
    "categories": ["pantry"],
    "tags": ["snacks", "muesli-snack-bars"],
    "locations": {
      "vic": {
        "price": 5.7,
        "promoText": " ",
        "packageSize": "222g",
        "packagePrice": "$2.57 per 100G"
      }
    }
  },
  {
    "id": "heritage-mill-caramel-apple-prebiotic",
    "brand": "Heritage Mill",
    "name": "Caramel Apple Prebiotic 6 Bars",
    "imageUrl": "https://shop.coles.com.au/wcsstore/Coles-CAS/images/3/6/4/3640632-th.jpg",
    "categories": ["pantry"],
    "tags": ["snacks", "muesli-snack-bars"],
    "locations": {
      "vic": {
        "price": 5.7,
        "promoText": " ",
        "packageSize": "210g",
        "packagePrice": "$2.71 per 100G"
      }
    }
  },
  {
    "id": "heritage-mill-honey-hazelnut-prebiotic",
    "brand": "Heritage Mill",
    "name": "Honey Hazelnut Prebiotic 6 Bars",
    "imageUrl": "https://shop.coles.com.au/wcsstore/Coles-CAS/images/3/6/4/3640643-th.jpg",
    "categories": ["pantry"],
    "tags": ["snacks", "muesli-snack-bars"],
    "locations": {
      "vic": {
        "price": 5.7,
        "promoText": " ",
        "packageSize": "210g",
        "packagePrice": "$2.71 per 100G"
      }
    }
  },
  {
    "id": "kelloggs-bars-crunchy-nut-nutty-peanut-6-pack",
    "brand": "Kellogg's",
    "name": "Peanut Crunchy Nut Bars 6 pack",
    "imageUrl": "https://shop.coles.com.au/wcsstore/Coles-CAS/images/5/6/8/5682917-th.jpg",
    "categories": ["pantry"],
    "tags": ["snacks", "muesli-snack-bars"],
    "locations": {
      "vic": {
        "price": 4,
        "promoText": "$1.00 ",
        "packageSize": "180g",
        "packagePrice": "$2.22 per 100G"
      }
    }
  },
  {
    "id": "kelloggs-lcms-coco-pops-6pk",
    "brand": "Kellogg's",
    "name": "LCMs Coco Pops Chocolatey Puffed Rice Snack Bars 6 pack",
    "imageUrl": "https://shop.coles.com.au/wcsstore/Coles-CAS/images/3/0/2/3022043-th.jpg",
    "categories": ["pantry"],
    "tags": ["snacks", "muesli-snack-bars"],
    "locations": {
      "vic": {
        "price": 4,
        "promoText": " ",
        "packageSize": "132g",
        "packagePrice": "$3.03 per 100G"
      }
    }
  },
  {
    "id": "kelloggs-lcms-dino",
    "brand": "Kellogg's",
    "name": "LCMs Dino Puffed Rice Breakfast Cereal Bars 6 pack",
    "imageUrl": "https://shop.coles.com.au/wcsstore/Coles-CAS/images/3/5/8/3583164-th.jpg",
    "categories": ["pantry"],
    "tags": ["snacks", "muesli-snack-bars"],
    "locations": {
      "vic": {
        "price": 4,
        "promoText": " ",
        "packageSize": "132g",
        "packagePrice": "$3.03 per 100G"
      }
    }
  },
  {
    "id": "mother-earth-oaty-slices-peach-white-choc",
    "brand": "Mother Earth",
    "name": "Oaty Slices Peach White Chocolate",
    "imageUrl": "https://shop.coles.com.au/wcsstore/Coles-CAS/images/3/7/9/3795060-th.jpg",
    "categories": ["pantry"],
    "tags": ["snacks", "muesli-snack-bars"],
    "locations": {
      "vic": {
        "price": 3,
        "promoText": " ",
        "packageSize": "240g",
        "packagePrice": "$1.25 per 100G"
      }
    }
  },
  {
    "id": "nestle-milo-bars",
    "brand": "Nestle",
    "name": "Milo Dipped Snack Bars 10 Pack",
    "imageUrl": "https://shop.coles.com.au/wcsstore/Coles-CAS/images/8/2/2/8221251-th.jpg",
    "categories": ["pantry"],
    "tags": ["snacks", "muesli-snack-bars"],
    "locations": {
      "vic": {
        "price": 7,
        "promoText": " ",
        "packageSize": "270g",
        "packagePrice": "$2.59 per 100G"
      }
    }
  },
  {
    "id": "nestle-milo-energy-snack-bar-original-6-pack",
    "brand": "Nestle",
    "name": "Milo Snack Bars Original 6 Pack",
    "imageUrl": "https://shop.coles.com.au/wcsstore/Coles-CAS/images/4/9/3/4932021-th.jpg",
    "categories": ["pantry"],
    "tags": ["snacks", "muesli-snack-bars"],
    "locations": {
      "vic": {
        "price": 4.3,
        "promoText": " ",
        "packageSize": "126g",
        "packagePrice": "$3.41 per 100G"
      }
    }
  },
  {
    "id": "nice-natural--protein-nut-bars-with-superseed-dark-chocolate-cacao",
    "brand": "Nice & Natural",
    "name": "Real Dark Chocolate & Cacao Protein Nut Bars 5 Pack",
    "imageUrl": "https://shop.coles.com.au/wcsstore/Coles-CAS/images/2/7/9/2795586-th.jpg",
    "categories": ["pantry"],
    "tags": ["snacks", "muesli-snack-bars"],
    "locations": {
      "vic": {
        "price": 5,
        "promoText": "Any 2 $7",
        "packageSize": "165g",
        "packagePrice": "$3.03 per 100G"
      }
    }
  },
  {
    "id": "nice-natural-nut-butter-muesli-bar-almond-5-pack",
    "brand": "Nice & Natural",
    "name": "Nut Butter Muesli Bar Almond 5 Pack",
    "imageUrl": "https://shop.coles.com.au/wcsstore/Coles-CAS/images/3/7/8/3788291-th.jpg",
    "categories": ["pantry"],
    "tags": ["snacks", "muesli-snack-bars"],
    "locations": {
      "vic": {
        "price": 4.99,
        "promoText": " ",
        "packageSize": "175g",
        "packagePrice": "$2.85 per 100G"
      }
    }
  },
  {
    "id": "ut-nutritious-snacks-oat-slice-apple-cinna",
    "brand": "Uncle Toby's",
    "name": "Oat Slice Apple & Cinnamon",
    "imageUrl": "https://shop.coles.com.au/wcsstore/Coles-CAS/images/3/7/8/3788338-th.jpg",
    "categories": ["pantry"],
    "tags": ["snacks", "muesli-snack-bars"],
    "locations": {
      "vic": {
        "price": 5.5,
        "promoText": " ",
        "packageSize": "140g",
        "packagePrice": "$3.93 per 100G"
      }
    }
  },
  {
    "id": "uncle-tobys-muesli-bars-chewy-forest-fruits",
    "brand": "Uncle Tobys",
    "name": "Chewy Muesli Bars Forest Fruits 6 Pack",
    "imageUrl": "https://shop.coles.com.au/wcsstore/Coles-CAS/images/4/9/7/4975206-th.jpg",
    "categories": ["pantry"],
    "tags": ["snacks", "muesli-snack-bars"],
    "locations": {
      "vic": {
        "price": 4.3,
        "promoText": " ",
        "packageSize": "185g",
        "packagePrice": "$2.32 per 100G"
      }
    }
  },
  {
    "id": "weight-watchers-bars-macadamia-cranberry-4-pack",
    "brand": "Weight Watchers",
    "name": "Macadamia & Cranberry Bars 4 pack",
    "imageUrl": "https://shop.coles.com.au/wcsstore/Coles-CAS/images/8/2/2/8221477-th.jpg",
    "categories": ["pantry"],
    "tags": ["snacks", "muesli-snack-bars"],
    "locations": {
      "vic": {
        "price": 4,
        "promoText": " ",
        "packageSize": "136g",
        "packagePrice": "$2.94 per 100G"
      }
    }
  },
  {
    "id": "aeroplane-lite-jelly-crystals-low-joule-raspberry",
    "brand": "Aeroplane",
    "name": "Lite Raspberry Jelly Crystals 2 pack",
    "imageUrl": "https://shop.coles.com.au/wcsstore/Coles-CAS/images/5/7/4/5743590-th.jpg",
    "categories": ["pantry"],
    "tags": ["snacks", "jelly"],
    "locations": {
      "vic": {
        "price": 1.5,
        "promoText": "$0.40 ",
        "packageSize": "18g",
        "packagePrice": "$8.33 per 100G"
      }
    }
  },
  {
    "id": "aeroplane-jelly-crystals-cool-lime",
    "brand": "Aeroplane",
    "name": "Cool Lime Jelly Crystals",
    "imageUrl": "https://shop.coles.com.au/wcsstore/Coles-CAS/images/5/3/4/5340130-th.jpg",
    "categories": ["pantry"],
    "tags": ["snacks", "jelly"],
    "locations": {
      "vic": {
        "price": 1,
        "promoText": "$0.15 ",
        "packageSize": "85g",
        "packagePrice": "$1.18 per 100G"
      }
    }
  },
  {
    "id": "coles-fruit-in-jelly-two-fruits-in-strawberry-jelly-4-pack",
    "brand": "Coles",
    "name": "Two Fruits In Strawberry Flavoured Jelly 4 Pack",
    "imageUrl": "https://shop.coles.com.au/wcsstore/Coles-CAS/images/5/4/5/5457615-th.jpg",
    "categories": ["pantry"],
    "tags": ["snacks", "jelly"],
    "locations": {
      "vic": {
        "price": 2.2,
        "promoText": " ",
        "packageSize": "500g",
        "packagePrice": "$4.40 per 1Kg"
      }
    }
  },
  {
    "id": "coles-brand-fruit-in-jelly-peaches-in-mango-jelly-4-pack",
    "brand": "Coles",
    "name": "Peach in Mango Flavoured Jelly",
    "imageUrl": "https://shop.coles.com.au/wcsstore/Coles-CAS/images/5/4/5/5457604-th.jpg",
    "categories": ["pantry"],
    "tags": ["snacks", "jelly"],
    "locations": {
      "vic": {
        "price": 2.2,
        "promoText": " ",
        "packageSize": "500g",
        "packagePrice": "$4.40 per 1Kg"
      }
    }
  },
  {
    "id": "aeroplane-jelly-crystals-strawberry-5340119p",
    "brand": "Aeroplane",
    "name": "Strawberry Jelly Crystals",
    "imageUrl": "https://shop.coles.com.au/wcsstore/Coles-CAS/images/5/3/4/5340119-th.jpg",
    "categories": ["pantry"],
    "tags": ["snacks", "jelly"],
    "locations": {
      "vic": {
        "price": 1,
        "promoText": "$0.15 ",
        "packageSize": "85g",
        "packagePrice": "$1.18 per 100G"
      }
    }
  },
  {
    "id": "aeroplane-lite-jelly-crystals-low-joule-strawberry",
    "brand": "Aeroplane",
    "name": "Lite Strawberry Jelly Crystals 2 pack",
    "imageUrl": "https://shop.coles.com.au/wcsstore/Coles-CAS/images/5/5/1/5519010-th.jpg",
    "categories": ["pantry"],
    "tags": ["snacks", "jelly"],
    "locations": {
      "vic": {
        "price": 1.5,
        "promoText": "$0.40 ",
        "packageSize": "18g",
        "packagePrice": "$8.33 per 100G"
      }
    }
  },
  {
    "id": "aeroplane-lite-jelly-lime",
    "brand": "Aeroplane",
    "name": "Lite Lime Jelly Crystals 2 pack",
    "imageUrl": "https://shop.coles.com.au/wcsstore/Coles-CAS/images/5/5/1/5519020-th.jpg",
    "categories": ["pantry"],
    "tags": ["snacks", "jelly"],
    "locations": {
      "vic": {
        "price": 1.5,
        "promoText": "$0.40 ",
        "packageSize": "18g",
        "packagePrice": "$8.33 per 100G"
      }
    }
  },
  {
    "id": "aeroplane-lite-jelly-crystals-low-joule-port-wine",
    "brand": "Aeroplane",
    "name": "Lite Port Wine Jelly Crystals 2 pack",
    "imageUrl": "https://shop.coles.com.au/wcsstore/Coles-CAS/images/8/3/2/8324254-th.jpg",
    "categories": ["pantry"],
    "tags": ["snacks", "jelly"],
    "locations": {
      "vic": {
        "price": 1.5,
        "promoText": "$0.40 ",
        "packageSize": "18g",
        "packagePrice": "$8.33 per 100G"
      }
    }
  },
  {
    "id": "aeroplane-jelly-crystals-raspberry-5340108p",
    "brand": "Aeroplane",
    "name": "Raspberry Jelly Crystals",
    "imageUrl": "https://shop.coles.com.au/wcsstore/Coles-CAS/images/5/3/4/5340108-th.jpg",
    "categories": ["pantry"],
    "tags": ["snacks", "jelly"],
    "locations": {
      "vic": {
        "price": 1,
        "promoText": "$0.15 ",
        "packageSize": "85g",
        "packagePrice": "$1.18 per 100G"
      }
    }
  },
  {
    "id": "aeroplane-jelly-purple-grape",
    "brand": "Aeroplane",
    "name": "Purple Grape Jelly Crystals",
    "imageUrl": "https://shop.coles.com.au/wcsstore/Coles-CAS/images/7/4/1/7411615-th.jpg",
    "categories": ["pantry"],
    "tags": ["snacks", "jelly"],
    "locations": {
      "vic": {
        "price": 1,
        "promoText": "$0.15 ",
        "packageSize": "85g",
        "packagePrice": "$1.18 per 100G"
      }
    }
  },
  {
    "id": "aeroplane-jelly-creaming-soda",
    "brand": "Aeroplane",
    "name": "Creaming Soda Jelly Crystals",
    "imageUrl": "https://shop.coles.com.au/wcsstore/Coles-CAS/images/7/4/0/7409883-th.jpg",
    "categories": ["pantry"],
    "tags": ["snacks", "jelly"],
    "locations": {
      "vic": {
        "price": 1,
        "promoText": "$0.15 ",
        "packageSize": "85g",
        "packagePrice": "$1.18 per 100G"
      }
    }
  },
  {
    "id": "aeroplane-jelly-crystals-blueberry",
    "brand": "Aeroplane",
    "name": "Berry Blue Jelly Crystals",
    "imageUrl": "https://shop.coles.com.au/wcsstore/Coles-CAS/images/5/5/2/5521500-th.jpg",
    "categories": ["pantry"],
    "tags": ["snacks", "jelly"],
    "locations": {
      "vic": {
        "price": 1,
        "promoText": "$0.15 ",
        "packageSize": "85g",
        "packagePrice": "$1.18 per 100G"
      }
    }
  },
  {
    "id": "aeroplane-jelly-crystals-orange-orbit",
    "brand": "Aeroplane",
    "name": "Orange Orbit Jelly Crystals",
    "imageUrl": "https://shop.coles.com.au/wcsstore/Coles-CAS/images/5/3/4/5340141-th.jpg",
    "categories": ["pantry"],
    "tags": ["snacks", "jelly"],
    "locations": {
      "vic": {
        "price": 1,
        "promoText": "$0.15 ",
        "packageSize": "85g",
        "packagePrice": "$1.18 per 100G"
      }
    }
  },
  {
    "id": "aeroplane-jelly-crystals-port-wine",
    "brand": "Aeroplane",
    "name": "Port Wine Jelly Crystals",
    "imageUrl": "https://shop.coles.com.au/wcsstore/Coles-CAS/images/5/3/4/5340120-th.jpg",
    "categories": ["pantry"],
    "tags": ["snacks", "jelly"],
    "locations": {
      "vic": {
        "price": 1,
        "promoText": "$0.15 ",
        "packageSize": "85g",
        "packagePrice": "$1.18 per 100G"
      }
    }
  },
  {
    "id": "coles-strawberry-jelly-4pack",
    "brand": "Coles",
    "name": "Strawberry Jelly Cups 4 Pack",
    "imageUrl": "https://shop.coles.com.au/wcsstore/Coles-CAS/images/3/5/0/3506470-th.jpg",
    "categories": ["pantry"],
    "tags": ["snacks", "jelly"],
    "locations": {
      "vic": {
        "price": 2.2,
        "promoText": " ",
        "packageSize": "500g",
        "packagePrice": "$0.44 per 100G"
      }
    }
  },
  {
    "id": "coles-raspberry-jelly-4pack",
    "brand": "Coles",
    "name": "Raspberry Jelly 4 Pack",
    "imageUrl": "https://shop.coles.com.au/wcsstore/Coles-CAS/images/3/5/0/3506469-th.jpg",
    "categories": ["pantry"],
    "tags": ["snacks", "jelly"],
    "locations": {
      "vic": {
        "price": 2.2,
        "promoText": " ",
        "packageSize": "500g",
        "packagePrice": "$0.44 per 100G"
      }
    }
  },
  {
    "id": "aeroplane-lite-2-jelly-mango-passionfruit",
    "brand": "Aeroplane",
    "name": "Lite Mango Passionfruit Jelly Crystals 2 pack",
    "imageUrl": "https://shop.coles.com.au/wcsstore/Coles-CAS/images/7/6/8/7685097-th.jpg",
    "categories": ["pantry"],
    "tags": ["snacks", "jelly"],
    "locations": {
      "vic": {
        "price": 1.5,
        "promoText": "$0.40 ",
        "packageSize": "18g",
        "packagePrice": "$8.33 per 100G"
      }
    }
  },
  {
    "id": "aeroplane-jelly-crystals-lemon-delicious",
    "brand": "Aeroplane",
    "name": "Lemon Delicious Jelly Crystals",
    "imageUrl": "https://shop.coles.com.au/wcsstore/Coles-CAS/images/5/3/4/5340152-th.jpg",
    "categories": ["pantry"],
    "tags": ["snacks", "jelly"],
    "locations": {
      "vic": {
        "price": 1,
        "promoText": "$0.15 ",
        "packageSize": "85g",
        "packagePrice": "$1.18 per 100G"
      }
    }
  },
  {
    "id": "aeroplane-jelly-crystals-pineapple",
    "brand": "Aeroplane",
    "name": "Pineapple Jelly Crystals",
    "imageUrl": "https://shop.coles.com.au/wcsstore/Coles-CAS/images/5/3/4/5340185-th.jpg",
    "categories": ["pantry"],
    "tags": ["snacks", "jelly"],
    "locations": {
      "vic": {
        "price": 1,
        "promoText": "$0.15 ",
        "packageSize": "85g",
        "packagePrice": "$1.18 per 100G"
      }
    }
  },
  {
    "id": "aeroplane-lite-jelly-crystals-low-joule-orange-mango",
    "brand": "Aeroplane",
    "name": "Lite Orange Mango Jelly Crystals 2 pack",
    "imageUrl": "https://shop.coles.com.au/wcsstore/Coles-CAS/images/5/5/1/5519009-th.jpg",
    "categories": ["pantry"],
    "tags": ["snacks", "jelly"],
    "locations": {
      "vic": {
        "price": 1.5,
        "promoText": "$0.40 ",
        "packageSize": "18g",
        "packagePrice": "$8.33 per 100G"
      }
    }
  },
  {
    "id": "aeroplane-lite-jelly-pineapple",
    "brand": "Aeroplane",
    "name": "Lite Pineapple Jelly Crystals 2 pack",
    "imageUrl": "https://shop.coles.com.au/wcsstore/Coles-CAS/images/9/3/7/9373073-th.jpg",
    "categories": ["pantry"],
    "tags": ["snacks", "jelly"],
    "locations": {
      "vic": {
        "price": 1.5,
        "promoText": "$0.40 ",
        "packageSize": "18g",
        "packagePrice": "$8.33 per 100G"
      }
    }
  },
  {
    "id": "coles-jelly-crystals-strawberry",
    "brand": "Coles",
    "name": "Strawberry Jelly Crystals",
    "imageUrl": "https://shop.coles.com.au/wcsstore/Coles-CAS/images/5/4/8/5481835-th.jpg",
    "categories": ["pantry"],
    "tags": ["snacks", "jelly"],
    "locations": {
      "vic": {
        "price": 0.9,
        "promoText": " ",
        "packageSize": "85g",
        "packagePrice": "$1.06 per 100G"
      }
    }
  },
  {
    "id": "aeroplane-lite-2-jelly-vanilla-berry",
    "brand": "Aeroplane",
    "name": "Lite Vanilla Berry Jelly Crystals 2 pack",
    "imageUrl": "https://shop.coles.com.au/wcsstore/Coles-CAS/images/8/5/6/8564940-th.jpg",
    "categories": ["pantry"],
    "tags": ["snacks", "jelly"],
    "locations": {
      "vic": {
        "price": 1.5,
        "promoText": "$0.40 ",
        "packageSize": "18g",
        "packagePrice": "$8.33 per 100G"
      }
    }
  },
  {
    "id": "aeroplane-25%25-reduced-sugar-jelly-lime",
    "brand": "Aeroplane",
    "name": "Lime Jelly Crystals 30% Reduced Sugar",
    "imageUrl": "https://shop.coles.com.au/wcsstore/Coles-CAS/images/7/6/7/7673677-th.jpg",
    "categories": ["pantry"],
    "tags": ["snacks", "jelly"],
    "locations": {
      "vic": {
        "price": 1.25,
        "promoText": " ",
        "packageSize": "85g",
        "packagePrice": "$1.47 per 100G"
      }
    }
  },
  {
    "id": "aeroplane-jelly-blue-heaven",
    "brand": "Aeroplane",
    "name": "Blue Heaven Jelly Crystals",
    "imageUrl": "https://shop.coles.com.au/wcsstore/Coles-CAS/images/7/6/8/7681041-th.jpg",
    "categories": ["pantry"],
    "tags": ["snacks", "jelly"],
    "locations": {
      "vic": {
        "price": 1,
        "promoText": "$0.15 ",
        "packageSize": "85g",
        "packagePrice": "$1.18 per 100G"
      }
    }
  },
  {
    "id": "aeroplane-jelly-crystals-strawberry",
    "brand": "Aeroplane",
    "name": "Strawberry Jelly Crystals 30% Reduced Sugar",
    "imageUrl": "https://shop.coles.com.au/wcsstore/Coles-CAS/images/6/6/0/6607327-th.jpg",
    "categories": ["pantry"],
    "tags": ["snacks", "jelly"],
    "locations": {
      "vic": {
        "price": 1.25,
        "promoText": " ",
        "packageSize": "85g",
        "packagePrice": "$1.47 per 100G"
      }
    }
  },
  {
    "id": "aeroplane-jelly-crystals-raspberry",
    "brand": "Aeroplane",
    "name": "Raspberry Jelly Crystals 30% Reduced Sugar",
    "imageUrl": "https://shop.coles.com.au/wcsstore/Coles-CAS/images/6/6/0/6607350-th.jpg",
    "categories": ["pantry"],
    "tags": ["snacks", "jelly"],
    "locations": {
      "vic": {
        "price": 1.25,
        "promoText": " ",
        "packageSize": "85g",
        "packagePrice": "$1.47 per 100G"
      }
    }
  },
  {
    "id": "aeroplane-jelly-mango-mania",
    "brand": "Aeroplane",
    "name": "Mango Mania Jelly Crystals",
    "imageUrl": "https://shop.coles.com.au/wcsstore/Coles-CAS/images/5/5/1/5519596-th.jpg",
    "categories": ["pantry"],
    "tags": ["snacks", "jelly"],
    "locations": {
      "vic": {
        "price": 1,
        "promoText": "$0.15 ",
        "packageSize": "85g",
        "packagePrice": "$1.18 per 100G"
      }
    }
  },
  {
    "id": "aeroplane-jelly-reduced-sugar-blackcurrant",
    "brand": "Aeroplane",
    "name": "Blackcurrant Jelly Crystals 30% Reduced Sugar",
    "imageUrl": "https://shop.coles.com.au/wcsstore/Coles-CAS/images/1/3/8/1389171-th.jpg",
    "categories": ["pantry"],
    "tags": ["snacks", "jelly"],
    "locations": {
      "vic": {
        "price": 1.25,
        "promoText": " ",
        "packageSize": "85g",
        "packagePrice": "$1.47 per 100G"
      }
    }
  },
  {
    "id": "coles-jelly-crystals-lime",
    "brand": "Coles",
    "name": "Lime Jelly Crystals",
    "imageUrl": "https://shop.coles.com.au/wcsstore/Coles-CAS/images/5/3/8/5383790-th.jpg",
    "categories": ["pantry"],
    "tags": ["snacks", "jelly"],
    "locations": {
      "vic": {
        "price": 0.9,
        "promoText": " ",
        "packageSize": "85g",
        "packagePrice": "$1.06 per 100G"
      }
    }
  },
  {
    "id": "coles-jelly-crystals-raspberry",
    "brand": "Coles",
    "name": "Raspberry Flavoured Jelly Crystals",
    "imageUrl": "https://shop.coles.com.au/wcsstore/Coles-CAS/images/5/4/8/5481868-th.jpg",
    "categories": ["pantry"],
    "tags": ["snacks", "jelly"],
    "locations": {
      "vic": {
        "price": 0.9,
        "promoText": " ",
        "packageSize": "85g",
        "packagePrice": "$1.06 per 100G"
      }
    }
  },
  {
    "id": "coles-jelly-crystals-port-wine",
    "brand": "Coles",
    "name": "Port Wine Flavoured Jelly Crystals",
    "imageUrl": "https://shop.coles.com.au/wcsstore/Coles-CAS/images/5/5/1/5519880-th.jpg",
    "categories": ["pantry"],
    "tags": ["snacks", "jelly"],
    "locations": {
      "vic": {
        "price": 0.9,
        "promoText": " ",
        "packageSize": "85g",
        "packagePrice": "$1.06 per 100G"
      }
    }
  },
  {
    "id": "coles-orange-jelly-4-pack",
    "brand": "Coles",
    "name": "Orange Jelly Cups 4 Pack",
    "imageUrl": "https://shop.coles.com.au/wcsstore/Coles-CAS/images/3/5/0/3506480-th.jpg",
    "categories": ["pantry"],
    "tags": ["snacks", "jelly"],
    "locations": {
      "vic": {
        "price": 2.2,
        "promoText": " ",
        "packageSize": "500g",
        "packagePrice": "$0.44 per 100G"
      }
    }
  },
  {
    "id": "coles-cones-waffle-plain",
    "brand": "Coles",
    "name": "Plain Waffle Ice Cream Cones",
    "imageUrl": "https://shop.coles.com.au/wcsstore/Coles-CAS/images/5/8/4/5847154-th.jpg",
    "categories": ["pantry"],
    "tags": ["snacks", "ice-cream-cones-toppings"],
    "locations": {
      "vic": {
        "price": 3.2,
        "promoText": " ",
        "packageSize": "12 pack",
        "packagePrice": "$0.27 per 1Ea"
      }
    }
  },
  {
    "id": "coles-cone-ice-cream-cup",
    "brand": "Coles",
    "name": "Vanilla Ice Cream Cup Cones",
    "imageUrl": "https://shop.coles.com.au/wcsstore/Coles-CAS/images/7/1/9/7197720-th.jpg",
    "categories": ["pantry"],
    "tags": ["snacks", "ice-cream-cones-toppings"],
    "locations": {
      "vic": {
        "price": 2.5,
        "promoText": " ",
        "packageSize": "24 pack",
        "packagePrice": "$0.10 per 1Ea"
      }
    }
  },
  {
    "id": "csr-syrup-golden",
    "brand": "CSR",
    "name": "Golden Syrup",
    "imageUrl": "https://shop.coles.com.au/wcsstore/Coles-CAS/images/6/7/1/6712387-th.jpg",
    "categories": ["pantry"],
    "tags": ["snacks", "ice-cream-cones-toppings"],
    "locations": {
      "vic": {
        "price": 5,
        "promoText": "$0.45 ",
        "packageSize": "850g",
        "packagePrice": "$0.59 per 100G"
      }
    }
  },
  {
    "id": "csr-golden-syrup-squeeze-bottle",
    "brand": "CSR",
    "name": "Golden Syrup Squeeze Bottle",
    "imageUrl": "https://shop.coles.com.au/wcsstore/Coles-CAS/images/6/1/2/6123750-th.jpg",
    "categories": ["pantry"],
    "tags": ["snacks", "ice-cream-cones-toppings"],
    "locations": {
      "vic": {
        "price": 4.5,
        "promoText": "Was $5.20 on Jun 2018 ",
        "packageSize": "500g",
        "packagePrice": "$0.90 per 100G"
      }
    }
  },
  {
    "id": "csr-syrup-treacle",
    "brand": "CSR",
    "name": "Treacle Syrup",
    "imageUrl": "https://shop.coles.com.au/wcsstore/Coles-CAS/images/6/7/9/6790416-th.jpg",
    "categories": ["pantry"],
    "tags": ["snacks", "ice-cream-cones-toppings"],
    "locations": {
      "vic": {
        "price": 5.45,
        "promoText": " ",
        "packageSize": "850g",
        "packagePrice": "$0.64 per 100G"
      }
    }
  },
  {
    "id": "coles-brand-syrup-golden-squeeze-pack",
    "brand": "Coles",
    "name": "Golden Syrup Squeeze Pack",
    "imageUrl": "https://shop.coles.com.au/wcsstore/Coles-CAS/images/9/6/7/9674036-th.jpg",
    "categories": ["pantry"],
    "tags": ["snacks", "ice-cream-cones-toppings"],
    "locations": {
      "vic": {
        "price": 2.65,
        "promoText": " ",
        "packageSize": "400g",
        "packagePrice": "$0.66 per 100G"
      }
    }
  },
  {
    "id": "coles-vanilla-cornet-cones-30-pack",
    "brand": "Coles",
    "name": "Vanilla Cornet Cones 30 Pack",
    "imageUrl": "https://shop.coles.com.au/wcsstore/Coles-CAS/images/3/2/6/3268473-th.jpg",
    "categories": ["pantry"],
    "tags": ["snacks", "ice-cream-cones-toppings"],
    "locations": {
      "vic": {
        "price": 2,
        "promoText": " ",
        "packageSize": "108g",
        "packagePrice": "$1.85 per 100G"
      }
    }
  },
  {
    "id": "coles-gluten-free-ice-cream-cones",
    "brand": "Coles",
    "name": "Gluten Free Ice Cream Cones",
    "imageUrl": "https://shop.coles.com.au/wcsstore/Coles-CAS/images/3/1/0/3105140-th.jpg",
    "categories": ["pantry"],
    "tags": ["snacks", "ice-cream-cones-toppings"],
    "locations": {
      "vic": {
        "price": 3.5,
        "promoText": " ",
        "packageSize": "112g",
        "packagePrice": "$3.13 per 100G"
      }
    }
  },
  {
    "id": "coles-vanilla-ice-cream-wafers",
    "brand": "Coles",
    "name": "Vanilla Ice Cream Wafers",
    "imageUrl": "https://shop.coles.com.au/wcsstore/Coles-CAS/images/3/2/6/3268451-th.jpg",
    "categories": ["pantry"],
    "tags": ["snacks", "ice-cream-cones-toppings"],
    "locations": {
      "vic": {
        "price": 2.5,
        "promoText": " ",
        "packageSize": "80g",
        "packagePrice": "$3.13 per 100G"
      }
    }
  },
  {
    "id": "uncle-tobys-le-snak-cheddar-cheese-value-pack",
    "brand": "Uncle Tobys",
    "name": "Le Snak Dip & Crackers Cheddar Cheese Value Pack",
    "imageUrl": "https://shop.coles.com.au/wcsstore/Coles-CAS/images/4/9/5/4952765-th.jpg",
    "categories": ["pantry"],
    "tags": ["snacks", "dairy-snacks"],
    "locations": {
      "vic": {
        "price": 7.6,
        "promoText": " ",
        "packageSize": "264g",
        "packagePrice": "$2.88 per 100G"
      }
    }
  },
  {
    "id": "uncle-tobys-le-snak-tasty-cheese-value-pack",
    "brand": "Uncle Tobys",
    "name": "Le Snak Dip & Crackers Tasty Cheese Variety Pack",
    "imageUrl": "https://shop.coles.com.au/wcsstore/Coles-CAS/images/4/9/5/4954760-th.jpg",
    "categories": ["pantry"],
    "tags": ["snacks", "dairy-snacks"],
    "locations": {
      "vic": {
        "price": 7.6,
        "promoText": " ",
        "packageSize": "264g",
        "packagePrice": "$2.88 per 100G"
      }
    }
  },
  {
    "id": "uncle-tobys-le-snak-natural-cheese",
    "brand": "Uncle Tobys",
    "name": "Le Snak Cheddar Cheese",
    "imageUrl": "https://shop.coles.com.au/wcsstore/Coles-CAS/images/4/9/5/4952890-th.jpg",
    "categories": ["pantry"],
    "tags": ["snacks", "dairy-snacks"],
    "locations": {
      "vic": {
        "price": 4.7,
        "promoText": " ",
        "packageSize": "132g",
        "packagePrice": "$3.56 per 100G"
      }
    }
  },
  {
    "id": "hansells-vanilla-creamy-rice-2-pack",
    "brand": "Aunt Betty's",
    "name": "Creamy Rice Snack With Vanilla",
    "imageUrl": "https://shop.coles.com.au/wcsstore/Coles-CAS/images/1/9/2/1924322-th.jpg",
    "categories": ["pantry"],
    "tags": ["snacks", "dairy-snacks"],
    "locations": {
      "vic": {
        "price": 3,
        "promoText": " ",
        "packageSize": "240g",
        "packagePrice": "$1.25 per 100G"
      }
    }
  },
  {
    "id": "aunt-bettys-pudding-chocolate-2-pack",
    "brand": "Aunt Betty's",
    "name": "Chocolate Steamy Puds 2 Pack",
    "imageUrl": "https://shop.coles.com.au/wcsstore/Coles-CAS/images/9/9/5/9958044-th.jpg",
    "categories": ["pantry"],
    "tags": ["snacks", "dairy-snacks"],
    "locations": {
      "vic": {
        "price": 4,
        "promoText": " ",
        "packageSize": "190g",
        "packagePrice": "$2.11 per 100G"
      }
    }
  },
  {
    "id": "aunty-bettys-cream-whipped-chocolate",
    "brand": "Aunt Betty's",
    "name": "Whipped Cream Chocolate",
    "imageUrl": "https://shop.coles.com.au/wcsstore/Coles-CAS/images/3/5/0/3509220-th.jpg",
    "categories": ["pantry"],
    "tags": ["snacks", "dairy-snacks"],
    "locations": {
      "vic": {
        "price": 4,
        "promoText": " ",
        "packageSize": "250mL",
        "packagePrice": "$1.60 per 100mL"
      }
    }
  },
  {
    "id": "chefs-kitchen-chocolate-flavoured-mousse",
    "brand": "Hansells",
    "name": "Chef's Kitchen Chocolate Flavoured Mousse",
    "imageUrl": "https://shop.coles.com.au/wcsstore/Coles-CAS/images/3/1/8/3187611-th.jpg",
    "categories": ["pantry"],
    "tags": ["snacks", "dairy-snacks"],
    "locations": {
      "vic": {
        "price": 2,
        "promoText": " ",
        "packageSize": "70g",
        "packagePrice": "$2.86 per 100G"
      }
    }
  },
  {
    "id": "uncle-tobys-le-snak-tasty-cheese",
    "brand": "Uncle Tobys",
    "name": "Le Snak Tasty Cheese 6 Pack",
    "imageUrl": "https://shop.coles.com.au/wcsstore/Coles-CAS/images/4/9/5/4954750-th.jpg",
    "categories": ["pantry"],
    "tags": ["snacks", "dairy-snacks"],
    "locations": {
      "vic": {
        "price": 4.7,
        "promoText": " ",
        "packageSize": "132g",
        "packagePrice": "$3.56 per 100G"
      }
    }
  },
  {
    "id": "aunt-bettys-pudding-golden-syrup-2-x-95g",
    "brand": "Aunt Betty's",
    "name": "Gooey Golden Syrup Steamy Puds 2 Pack",
    "imageUrl": "https://shop.coles.com.au/wcsstore/Coles-CAS/images/9/9/5/9958113-th.jpg",
    "categories": ["pantry"],
    "tags": ["snacks", "dairy-snacks"],
    "locations": {
      "vic": {
        "price": 4,
        "promoText": " ",
        "packageSize": "190g",
        "packagePrice": "$2.11 per 100G"
      }
    }
  },
  {
    "id": "aunt-bettys-pudding-sticky-date-2-x-95g",
    "brand": "Aunt Betty's",
    "name": "Sticky Date Steamy Pud 2 Pack",
    "imageUrl": "https://shop.coles.com.au/wcsstore/Coles-CAS/images/9/9/5/9958237-th.jpg",
    "categories": ["pantry"],
    "tags": ["snacks", "dairy-snacks"],
    "locations": {
      "vic": {
        "price": 4,
        "promoText": " ",
        "packageSize": "190g",
        "packagePrice": "$2.11 per 100G"
      }
    }
  },
  {
    "id": "hansells-apple-creamy-rice",
    "brand": "Aunt Betty's",
    "name": "Creamy Rice Snack With Apple & Cinnamon",
    "imageUrl": "https://shop.coles.com.au/wcsstore/Coles-CAS/images/2/4/2/2424187-th.jpg",
    "categories": ["pantry"],
    "tags": ["snacks", "dairy-snacks"],
    "locations": {
      "vic": {
        "price": 3,
        "promoText": " ",
        "packageSize": "240g",
        "packagePrice": "$1.25 per 100G"
      }
    }
  },
  {
    "id": "aunt-bettys-gooey-caramel-pudding-2-pack",
    "brand": "Aunt Betty's",
    "name": "Gooey Caramel Steamy Puds 2 Pack",
    "imageUrl": "https://shop.coles.com.au/wcsstore/Coles-CAS/images/9/9/5/9958146-th.jpg",
    "categories": ["pantry"],
    "tags": ["snacks", "dairy-snacks"],
    "locations": {
      "vic": {
        "price": 4,
        "promoText": " ",
        "packageSize": "190g",
        "packagePrice": "$2.11 per 100G"
      }
    }
  },
  {
    "id": "aunty-bettys-cream-whipped-vanilla",
    "brand": "Aunt Betty's",
    "name": "Whipped Cream Vanilla",
    "imageUrl": "https://shop.coles.com.au/wcsstore/Coles-CAS/images/3/5/0/3509230-th.jpg",
    "categories": ["pantry"],
    "tags": ["snacks", "dairy-snacks"],
    "locations": {
      "vic": {
        "price": 4,
        "promoText": " ",
        "packageSize": "250mL",
        "packagePrice": "$1.60 per 100mL"
      }
    }
  },
  {
    "id": "aunt-betty-plum-pudding-2-pack",
    "brand": "Aunt Betty's",
    "name": "Plum Pudding Caramel Steamy Puds 2 Pack",
    "imageUrl": "https://shop.coles.com.au/wcsstore/Coles-CAS/images/2/4/2/2424212-th.jpg",
    "categories": ["pantry"],
    "tags": ["snacks", "dairy-snacks"],
    "locations": {
      "vic": {
        "price": 4,
        "promoText": " ",
        "packageSize": "220g",
        "packagePrice": "$1.82 per 100G"
      }
    }
  },
  {
    "id": "hansells-tapoioca-creamy-rice",
    "brand": "Aunt Betty's",
    "name": "Creamy Rice Snack With Coconut Milk",
    "imageUrl": "https://shop.coles.com.au/wcsstore/Coles-CAS/images/2/4/2/2424201-th.jpg",
    "categories": ["pantry"],
    "tags": ["snacks", "dairy-snacks"],
    "locations": {
      "vic": {
        "price": 3,
        "promoText": " ",
        "packageSize": "240g",
        "packagePrice": "$1.25 per 100G"
      }
    }
  },
  {
    "id": "uncle-tobys-le-snak-french-onion-value-pack",
    "brand": "Uncle Tobys",
    "name": "Le Snak French Onion Cheese Dip And Crackers 12 pack",
    "imageUrl": "https://shop.coles.com.au/wcsstore/Coles-CAS/images/4/9/5/4952754-th.jpg",
    "categories": ["pantry"],
    "tags": ["snacks", "dairy-snacks"],
    "locations": {
      "vic": {
        "price": 7.6,
        "promoText": " ",
        "packageSize": "264g",
        "packagePrice": "$2.88 per 100G"
      }
    }
  },
  {
    "id": "aunt-betty-s-gluten-fre-chocolate-pudding-2-pieces",
    "brand": "Aunt Betty's",
    "name": "Gluten Free Chocolate Pudding 2 Pieces",
    "imageUrl": "https://shop.coles.com.au/wcsstore/Coles-CAS/images/3/1/8/3187746-th.jpg",
    "categories": ["pantry"],
    "tags": ["snacks", "dairy-snacks"],
    "locations": {
      "vic": {
        "price": 4,
        "promoText": " ",
        "packageSize": "190g",
        "packagePrice": "$2.11 per 100G"
      }
    }
  },
  {
    "id": "coles-smart-buy-snack-packs-cheddar-flavoured",
    "brand": "Coles",
    "name": "Cheese Spread & Crispbread Snacks 12 Pack",
    "imageUrl": "https://shop.coles.com.au/wcsstore/Coles-CAS/images/5/8/6/5860017-th.jpg",
    "categories": ["pantry"],
    "tags": ["snacks", "dairy-snacks"],
    "locations": {
      "vic": {
        "price": 4,
        "promoText": " ",
        "packageSize": "300g",
        "packagePrice": "$1.33 per 100G"
      }
    }
  },
  {
    "id": "nestle-starz-dunkaroos-chocolate-hazelnut",
    "brand": "Nestle",
    "name": "Starz Dunkaroos Choc Hazelnut 6 Pack",
    "imageUrl": "https://shop.coles.com.au/wcsstore/Coles-CAS/images/7/0/1/7017034-th.jpg",
    "categories": ["pantry"],
    "tags": ["snacks", "dairy-snacks"],
    "locations": {
      "vic": {
        "price": 3.5,
        "promoText": "$1.65 ",
        "packageSize": "135g",
        "packagePrice": "$2.59 per 100G"
      }
    }
  },
  {
    "id": "coles-snack-pack-cheddar",
    "brand": "Coles",
    "name": "Cheddar Snack Pack",
    "imageUrl": "https://shop.coles.com.au/wcsstore/Coles-CAS/images/5/8/9/5895736-th.jpg",
    "categories": ["pantry"],
    "tags": ["snacks", "dairy-snacks"],
    "locations": {
      "vic": {
        "price": 3.1,
        "promoText": " ",
        "packageSize": "132g",
        "packagePrice": "$2.35 per 100G"
      }
    }
  },
  {
    "id": "greens-pudding-chocolate",
    "brand": "Green's",
    "name": "Chocolate Self Saucing Pudding",
    "imageUrl": "https://shop.coles.com.au/wcsstore/Coles-CAS/images/7/3/0/7302802-th.jpg",
    "categories": ["pantry"],
    "tags": ["snacks", "dairy-snacks"],
    "locations": {
      "vic": {
        "price": 2.8,
        "promoText": " ",
        "packageSize": "260g",
        "packagePrice": "$1.08 per 100G"
      }
    }
  },
  {
    "id": "greens-butterscotch-pudding",
    "brand": "Green's",
    "name": "Butterscotch Pudding",
    "imageUrl": "https://shop.coles.com.au/wcsstore/Coles-CAS/images/7/3/0/7302744-th.jpg",
    "categories": ["pantry"],
    "tags": ["snacks", "dairy-snacks"],
    "locations": {
      "vic": {
        "price": 2.8,
        "promoText": " ",
        "packageSize": "260g",
        "packagePrice": "$1.08 per 100G"
      }
    }
  },
  {
    "id": "parsons-rice-cream-vanilla",
    "brand": "Parsons",
    "name": "Vanilla Creamed Rice",
    "imageUrl": "https://shop.coles.com.au/wcsstore/Coles-CAS/images/4/2/6/4264547-th.jpg",
    "categories": ["pantry"],
    "tags": ["snacks", "dairy-snacks"],
    "locations": {
      "vic": {
        "price": 2.75,
        "promoText": " ",
        "packageSize": "430g",
        "packagePrice": "$0.64 per 100G"
      }
    }
  },
  {
    "id": "aunt-bettys-creamy-rice-chocolate-2x120g",
    "brand": "Aunt Betty's",
    "name": "Chocolate Creamy Rice 2 Pack",
    "imageUrl": "https://shop.coles.com.au/wcsstore/Coles-CAS/images/3/1/8/3187780-th.jpg",
    "categories": ["pantry"],
    "tags": ["snacks", "dairy-snacks"],
    "locations": {
      "vic": {
        "price": 3,
        "promoText": " ",
        "packageSize": "240g",
        "packagePrice": "$1.25 per 100G"
      }
    }
  },
  {
    "id": "coles-snack-pack-french-onion",
    "brand": "Coles",
    "name": "French Onion Snack Pack",
    "imageUrl": "https://shop.coles.com.au/wcsstore/Coles-CAS/images/5/8/9/5895747-th.jpg",
    "categories": ["pantry"],
    "tags": ["snacks", "dairy-snacks"],
    "locations": {
      "vic": {
        "price": 3.1,
        "promoText": " ",
        "packageSize": "132g",
        "packagePrice": "$2.35 per 100G"
      }
    }
  },
  {
    "id": "coles-smart-buy-rice-cream-vanilla",
    "brand": "Coles Smart Buy",
    "name": "Vanilla Flavoured Rice Cream",
    "imageUrl": "https://shop.coles.com.au/wcsstore/Coles-CAS/images/6/9/2/6920307-th.jpg",
    "categories": ["pantry"],
    "tags": ["snacks", "dairy-snacks"],
    "locations": {
      "vic": {
        "price": 1,
        "promoText": " ",
        "packageSize": "420g",
        "packagePrice": "$0.24 per 100G"
      }
    }
  },
  {
    "id": "cottees-instant-pudding-vanilla",
    "brand": "Cottee's",
    "name": "Instant Pudding Vanilla Dessert Mix",
    "imageUrl": "https://shop.coles.com.au/wcsstore/Coles-CAS/images/8/8/1/8810751-th.jpg",
    "categories": ["pantry"],
    "tags": ["snacks", "dairy-snacks"],
    "locations": {
      "vic": {
        "price": 1.45,
        "promoText": " ",
        "packageSize": "100g",
        "packagePrice": "$1.45 per 100G"
      }
    }
  },
  {
    "id": "greens-sticky-date-sponge-pudding",
    "brand": "Green's",
    "name": "Sticky Date Self Saucing Pudding",
    "imageUrl": "https://shop.coles.com.au/wcsstore/Coles-CAS/images/4/8/1/4816610-th.jpg",
    "categories": ["pantry"],
    "tags": ["snacks", "dairy-snacks"],
    "locations": {
      "vic": {
        "price": 2.8,
        "promoText": " ",
        "packageSize": "260g",
        "packagePrice": "$1.08 per 100G"
      }
    }
  },
  {
    "id": "greens-lemon-self-saucing-pudding",
    "brand": "Green's",
    "name": "Self Saucing Lemon Pudding",
    "imageUrl": "https://shop.coles.com.au/wcsstore/Coles-CAS/images/1/9/2/1923501-th.jpg",
    "categories": ["pantry"],
    "tags": ["snacks", "dairy-snacks"],
    "locations": {
      "vic": {
        "price": 2.8,
        "promoText": " ",
        "packageSize": "260g",
        "packagePrice": "$1.08 per 100G"
      }
    }
  },
  {
    "id": "saunders-malt-extract",
    "brand": "Saunders",
    "name": "Malt Extract",
    "imageUrl": "https://shop.coles.com.au/wcsstore/Coles-CAS/images/1/7/3/173530-th.jpg",
    "categories": ["pantry"],
    "tags": ["snacks", "dairy-snacks"],
    "locations": {
      "vic": {
        "price": 10,
        "promoText": " ",
        "packageSize": "1kg",
        "packagePrice": "$1.00 per 100G"
      }
    }
  },
  {
    "id": "snack-squad-peanut-butter-dip",
    "brand": "The Honest Food Co.",
    "name": "Snack Squad Peanut Butter Dip & Wholemeal Crackers",
    "imageUrl": "https://shop.coles.com.au/wcsstore/Coles-CAS/images/3/6/1/3618484-th.jpg",
    "categories": ["pantry"],
    "tags": ["snacks", "dairy-snacks"],
    "locations": {
      "vic": {
        "price": 4.9,
        "promoText": " ",
        "packageSize": "132g",
        "packagePrice": "$3.71 per 100G"
      }
    }
  },
  {
    "id": "hansells-junkets-tablet",
    "brand": "Two Spoons",
    "name": "Junkets Tablets",
    "imageUrl": "https://shop.coles.com.au/wcsstore/Coles-CAS/images/7/4/0/7404438-th.jpg",
    "categories": ["pantry"],
    "tags": ["snacks", "dairy-snacks"],
    "locations": {
      "vic": {
        "price": 3.2,
        "promoText": " ",
        "packageSize": "9g",
        "packagePrice": "$35.56 per 100G"
      }
    }
  },
  {
    "id": "white-wings-chocolate-pudding",
    "brand": "White Wings",
    "name": "Chocolate Pudding",
    "imageUrl": "https://shop.coles.com.au/wcsstore/Coles-CAS/images/2/4/2/2424063-th.jpg",
    "categories": ["pantry"],
    "tags": ["snacks", "dairy-snacks"],
    "locations": {
      "vic": {
        "price": 0,
        "promoText": " ",
        "packageSize": "255g",
        "packagePrice": ""
      }
    }
  },
  {
    "id": "real-foods-corn-thins-original",
    "brand": "Real Foods",
    "name": "Original Corn Thins",
    "imageUrl": "https://shop.coles.com.au/wcsstore/Coles-CAS/images/7/1/1/7112308-th.jpg",
    "categories": ["pantry"],
    "tags": ["snacks", "rice-corn-snacks"],
    "locations": {
      "vic": {
        "price": 2,
        "promoText": " ",
        "packageSize": "150g",
        "packagePrice": "$1.33 per 100G"
      }
    }
  },
  {
    "id": "sakata-rice-crackers-plain",
    "brand": "Sakata",
    "name": "Plain Rice Crackers",
    "imageUrl": "https://shop.coles.com.au/wcsstore/Coles-CAS/images/6/8/7/6878175-th.jpg",
    "categories": ["pantry"],
    "tags": ["snacks", "rice-corn-snacks"],
    "locations": {
      "vic": {
        "price": 1.6,
        "promoText": "$0.40 ",
        "packageSize": "100g",
        "packagePrice": "$1.60 per 100G"
      }
    }
  },
  {
    "id": "real-foods-corn-thins-multigrain",
    "brand": "Real Foods",
    "name": "Multigrain Corn Thins",
    "imageUrl": "https://shop.coles.com.au/wcsstore/Coles-CAS/images/8/0/0/8000070-th.jpg",
    "categories": ["pantry"],
    "tags": ["snacks", "rice-corn-snacks"],
    "locations": {
      "vic": {
        "price": 2,
        "promoText": " ",
        "packageSize": "150g",
        "packagePrice": "$1.33 per 100G"
      }
    }
  },
  {
    "id": "sakata-rice-crackers-seaweed",
    "brand": "Sakata",
    "name": "Seaweed Rice Crackers",
    "imageUrl": "https://shop.coles.com.au/wcsstore/Coles-CAS/images/6/9/8/6982406-th.jpg",
    "categories": ["pantry"],
    "tags": ["snacks", "rice-corn-snacks"],
    "locations": {
      "vic": {
        "price": 1.6,
        "promoText": "$0.40 ",
        "packageSize": "90g",
        "packagePrice": "$1.78 per 100G"
      }
    }
  },
  {
    "id": "peckish-rice-crackers-original",
    "brand": "Peckish",
    "name": "Original Rice Crackers",
    "imageUrl": "https://shop.coles.com.au/wcsstore/Coles-CAS/images/9/9/9/9999336-th.jpg",
    "categories": ["pantry"],
    "tags": ["snacks", "rice-corn-snacks"],
    "locations": {
      "vic": {
        "price": 2.2,
        "promoText": " ",
        "packageSize": "100g",
        "packagePrice": "$2.20 per 100G"
      }
    }
  },
  {
    "id": "sakata-rice-crackers-wholegrain-original",
    "brand": "Sakata",
    "name": "Wholegrain Original Rice Crackers",
    "imageUrl": "https://shop.coles.com.au/wcsstore/Coles-CAS/images/5/9/2/5924925-th.jpg",
    "categories": ["pantry"],
    "tags": ["snacks", "rice-corn-snacks"],
    "locations": {
      "vic": {
        "price": 1.6,
        "promoText": "$0.40 ",
        "packageSize": "90g",
        "packagePrice": "$1.78 per 100G"
      }
    }
  },
  {
    "id": "coles-crackers-rice-plain",
    "brand": "Coles",
    "name": "Plain Rice Crackers",
    "imageUrl": "https://shop.coles.com.au/wcsstore/Coles-CAS/images/5/4/6/5460198-th.jpg",
    "categories": ["pantry"],
    "tags": ["snacks", "rice-corn-snacks"],
    "locations": {
      "vic": {
        "price": 0.9,
        "promoText": " ",
        "packageSize": "100g",
        "packagePrice": "$0.90 per 100G"
      }
    }
  },
  {
    "id": "sunrice-rice-cakes-thin-original-gluten-free",
    "brand": "Sunrice",
    "name": "Thin Original Gluten Free Rice Cakes",
    "imageUrl": "https://shop.coles.com.au/wcsstore/Coles-CAS/images/8/6/5/8657392-th.jpg",
    "categories": ["pantry"],
    "tags": ["snacks", "rice-corn-snacks"],
    "locations": {
      "vic": {
        "price": 2,
        "promoText": " ",
        "packageSize": "150g",
        "packagePrice": "$1.33 per 100G"
      }
    }
  },
  {
    "id": "coles-simply-less-rice-cakes-natural-thin",
    "brand": "Coles",
    "name": "Original Rice Cakes",
    "imageUrl": "https://shop.coles.com.au/wcsstore/Coles-CAS/images/6/0/3/6033363-th.jpg",
    "categories": ["pantry"],
    "tags": ["snacks", "rice-corn-snacks"],
    "locations": {
      "vic": {
        "price": 1.65,
        "promoText": " ",
        "packageSize": "150g",
        "packagePrice": "$1.10 per 100G"
      }
    }
  },
  {
    "id": "coles-rice-crackers-seaweed",
    "brand": "Coles",
    "name": "Seaweed Rice Crackers",
    "imageUrl": "https://shop.coles.com.au/wcsstore/Coles-CAS/images/5/4/6/5460212-th.jpg",
    "categories": ["pantry"],
    "tags": ["snacks", "rice-corn-snacks"],
    "locations": {
      "vic": {
        "price": 0.9,
        "promoText": " ",
        "packageSize": "100g",
        "packagePrice": "$0.90 per 100G"
      }
    }
  },
  {
    "id": "peckish-rice-crackers-cheese",
    "brand": "Peckish",
    "name": "Cheese Rice Crackers",
    "imageUrl": "https://shop.coles.com.au/wcsstore/Coles-CAS/images/9/9/9/9999325-th.jpg",
    "categories": ["pantry"],
    "tags": ["snacks", "rice-corn-snacks"],
    "locations": {
      "vic": {
        "price": 2.2,
        "promoText": " ",
        "packageSize": "100g",
        "packagePrice": "$2.20 per 100G"
      }
    }
  },
  {
    "id": "peckish--herb-garlic-rice-crackers",
    "brand": "Peckish",
    "name": "Garden Veg Rice Crackers",
    "imageUrl": "https://shop.coles.com.au/wcsstore/Coles-CAS/images/2/4/7/2470560-th.jpg",
    "categories": ["pantry"],
    "tags": ["snacks", "rice-corn-snacks"],
    "locations": {
      "vic": {
        "price": 2.5,
        "promoText": " ",
        "packageSize": "100g",
        "packagePrice": "$2.50 per 100G"
      }
    }
  },
  {
    "id": "sakata-rice-crackers-classic-bbq",
    "brand": "Sakata",
    "name": "Classic BBQ Rice Crackers",
    "imageUrl": "https://shop.coles.com.au/wcsstore/Coles-CAS/images/9/6/1/9610430-th.jpg",
    "categories": ["pantry"],
    "tags": ["snacks", "rice-corn-snacks"],
    "locations": {
      "vic": {
        "price": 1.6,
        "promoText": "$0.40 ",
        "packageSize": "100g",
        "packagePrice": "$1.60 per 100G"
      }
    }
  },
  {
    "id": "coles-crackers-rice-cheese",
    "brand": "Coles",
    "name": "Cheese Rice Crackers",
    "imageUrl": "https://shop.coles.com.au/wcsstore/Coles-CAS/images/5/4/6/5460041-th.jpg",
    "categories": ["pantry"],
    "tags": ["snacks", "rice-corn-snacks"],
    "locations": {
      "vic": {
        "price": 0.9,
        "promoText": " ",
        "packageSize": "100g",
        "packagePrice": "$0.90 per 100G"
      }
    }
  },
  {
    "id": "coles-rice-crackers-seed-grain",
    "brand": "Coles",
    "name": "Seeds & Grains Brown Rice Crackers",
    "imageUrl": "https://shop.coles.com.au/wcsstore/Coles-CAS/images/2/1/4/2146652-th.jpg",
    "categories": ["pantry"],
    "tags": ["snacks", "rice-corn-snacks"],
    "locations": {
      "vic": {
        "price": 1.35,
        "promoText": "Was $1.40 on Jul 2018 ",
        "packageSize": "100g",
        "packagePrice": "$1.35 per 100G"
      }
    }
  },
  {
    "id": "peckish-fancies-rice-cracker-onion-balsam",
    "brand": "Peckish",
    "name": "Gluten Free Fancies Caramelised Onion & Balsamic Vinegar Rice Crackers",
    "imageUrl": "https://shop.coles.com.au/wcsstore/Coles-CAS/images/3/4/6/3468530-th.jpg",
    "categories": ["pantry"],
    "tags": ["snacks", "rice-corn-snacks"],
    "locations": {
      "vic": {
        "price": 2.8,
        "promoText": "Any 2 $4",
        "packageSize": "90g",
        "packagePrice": "$3.11 per 100G"
      }
    }
  },
  {
    "id": "peckish-fancies-rice-cracker-cheese-chive",
    "brand": "Peckish",
    "name": "Gluten Free Fancies Aged Cheddar & Chives Flavoured Rice Crackers",
    "imageUrl": "https://shop.coles.com.au/wcsstore/Coles-CAS/images/3/4/6/3468508-th.jpg",
    "categories": ["pantry"],
    "tags": ["snacks", "rice-corn-snacks"],
    "locations": {
      "vic": {
        "price": 2.8,
        "promoText": "Any 2 $4",
        "packageSize": "90g",
        "packagePrice": "$3.11 per 100G"
      }
    }
  },
  {
    "id": "sunrice-rice-cakes-thin-sea-salt-balsamic-vinegar-gluten-free",
    "brand": "Sunrice",
    "name": "Thin Sea Salt & Balsamic Vinegar Gluten Free Rice Cakes",
    "imageUrl": "https://shop.coles.com.au/wcsstore/Coles-CAS/images/5/9/2/5925768-th.jpg",
    "categories": ["pantry"],
    "tags": ["snacks", "rice-corn-snacks"],
    "locations": {
      "vic": {
        "price": 2.7,
        "promoText": " ",
        "packageSize": "195g",
        "packagePrice": "$1.38 per 100G"
      }
    }
  },
  {
    "id": "sunrice-rice-cakes-thin-sour-cream-chives-gluten-free",
    "brand": "Sunrice",
    "name": "Thin Sour Cream & Chives Gluten Free Rice Cakes",
    "imageUrl": "https://shop.coles.com.au/wcsstore/Coles-CAS/images/4/2/4/4247708-th.jpg",
    "categories": ["pantry"],
    "tags": ["snacks", "rice-corn-snacks"],
    "locations": {
      "vic": {
        "price": 2.7,
        "promoText": " ",
        "packageSize": "195g",
        "packagePrice": "$1.38 per 100G"
      }
    }
  },
  {
    "id": "sunrice-original-thick-rice-cakes",
    "brand": "Sunrice",
    "name": "Original Thick Rice Cakes",
    "imageUrl": "https://shop.coles.com.au/wcsstore/Coles-CAS/images/2/3/5/2350229-th.jpg",
    "categories": ["pantry"],
    "tags": ["snacks", "rice-corn-snacks"],
    "locations": {
      "vic": {
        "price": 2,
        "promoText": " ",
        "packageSize": "150g",
        "packagePrice": "$1.33 per 100G"
      }
    }
  },
  {
    "id": "coles-rice-crackers-brown-rice",
    "brand": "Coles",
    "name": "Brown Rice Crackers",
    "imageUrl": "https://shop.coles.com.au/wcsstore/Coles-CAS/images/2/1/4/2146641-th.jpg",
    "categories": ["pantry"],
    "tags": ["snacks", "rice-corn-snacks"],
    "locations": {
      "vic": {
        "price": 1.35,
        "promoText": "Was $1.40 on Jul 2018 ",
        "packageSize": "100g",
        "packagePrice": "$1.35 per 100G"
      }
    }
  },
  {
    "id": "peckish-rice-cracker-cheddar-cheese-6-pack",
    "brand": "Peckish",
    "name": "Cheddar Cheese Rice Crackers 6 pack",
    "imageUrl": "https://shop.coles.com.au/wcsstore/Coles-CAS/images/2/1/4/2140780-th.jpg",
    "categories": ["pantry"],
    "tags": ["snacks", "rice-corn-snacks"],
    "locations": {
      "vic": {
        "price": 3,
        "promoText": " ",
        "packageSize": "120g",
        "packagePrice": "$2.50 per 100G"
      }
    }
  },
  {
    "id": "peckish-rice-crackers-sour-cream-chives",
    "brand": "Peckish",
    "name": "Sour Cream & Chives Rice Crackers",
    "imageUrl": "https://shop.coles.com.au/wcsstore/Coles-CAS/images/9/9/9/9999358-th.jpg",
    "categories": ["pantry"],
    "tags": ["snacks", "rice-corn-snacks"],
    "locations": {
      "vic": {
        "price": 2.2,
        "promoText": " ",
        "packageSize": "100g",
        "packagePrice": "$2.20 per 100G"
      }
    }
  },
  {
    "id": "peckish-rice-crackers-salt-vinegar",
    "brand": "Peckish",
    "name": "Sea Salt & Vinegar Rice Crackers",
    "imageUrl": "https://shop.coles.com.au/wcsstore/Coles-CAS/images/9/9/9/9999347-th.jpg",
    "categories": ["pantry"],
    "tags": ["snacks", "rice-corn-snacks"],
    "locations": {
      "vic": {
        "price": 2.2,
        "promoText": " ",
        "packageSize": "100g",
        "packagePrice": "$2.20 per 100G"
      }
    }
  },
  {
    "id": "sakata-rice-crackers-sour-cream-chives",
    "brand": "Sakata",
    "name": "Chicken Rice Crackers",
    "imageUrl": "https://shop.coles.com.au/wcsstore/Coles-CAS/images/9/6/1/9610634-th.jpg",
    "categories": ["pantry"],
    "tags": ["snacks", "rice-corn-snacks"],
    "locations": {
      "vic": {
        "price": 1.6,
        "promoText": "$0.40 ",
        "packageSize": "100g",
        "packagePrice": "$1.60 per 100G"
      }
    }
  },
  {
    "id": "natural-chip-co-snacks-veg-chese-multipack",
    "brand": "The Natural Chip Co",
    "name": "Veggie Ring Cheese Snacks",
    "imageUrl": "https://shop.coles.com.au/wcsstore/Coles-CAS/images/3/7/1/3717238-th.jpg",
    "categories": ["pantry"],
    "tags": ["snacks", "rice-corn-snacks"],
    "locations": {
      "vic": {
        "price": 3.35,
        "promoText": "Any 2 $5",
        "packageSize": "90g",
        "packagePrice": "$3.72 per 100G"
      }
    }
  },
  {
    "id": "peckish-rice-crackers-tangy-bbq",
    "brand": "Peckish",
    "name": "Tangy BBQ Rice Crackers",
    "imageUrl": "https://shop.coles.com.au/wcsstore/Coles-CAS/images/1/5/7/1574173-th.jpg",
    "categories": ["pantry"],
    "tags": ["snacks", "rice-corn-snacks"],
    "locations": {
      "vic": {
        "price": 2.2,
        "promoText": " ",
        "packageSize": "100g",
        "packagePrice": "$2.20 per 100G"
      }
    }
  },
  {
    "id": "peckish-rice-cracker-sour-cream-chives-6-pack",
    "brand": "Peckish",
    "name": "Sour Cream & Chive Rice Crackers 6 pack",
    "imageUrl": "https://shop.coles.com.au/wcsstore/Coles-CAS/images/2/1/4/2140770-th.jpg",
    "categories": ["pantry"],
    "tags": ["snacks", "rice-corn-snacks"],
    "locations": {
      "vic": {
        "price": 3,
        "promoText": " ",
        "packageSize": "120g",
        "packagePrice": "$2.50 per 100G"
      }
    }
  },
  {
    "id": "sakata-rice-puffs-crackers-lime-chilli",
    "brand": "Sakata",
    "name": "Lime & Chilli Rice Puffs Crackers",
    "imageUrl": "https://shop.coles.com.au/wcsstore/Coles-CAS/images/3/6/2/3629152-th.jpg",
    "categories": ["pantry"],
    "tags": ["snacks", "rice-corn-snacks"],
    "locations": {
      "vic": {
        "price": 3,
        "promoText": " ",
        "packageSize": "72g",
        "packagePrice": "$4.17 per 100G"
      }
    }
  },
  {
    "id": "fantastic-grainz-rice-cracker-barbeque",
    "brand": "Fantastic",
    "name": "Grainz Rice Cracker Barbeque",
    "imageUrl": "https://shop.coles.com.au/wcsstore/Coles-CAS/images/3/7/6/3762866-th.jpg",
    "categories": ["pantry"],
    "tags": ["snacks", "rice-corn-snacks"],
    "locations": {
      "vic": {
        "price": 2.5,
        "promoText": "$0.50 ",
        "packageSize": "100g",
        "packagePrice": "$2.50 per 100G"
      }
    }
  },
  {
    "id": "jumpys-potato-chips-multipack",
    "brand": "Jumpy's",
    "name": "Crunchy Potato Chips 10 Pack",
    "imageUrl": "https://shop.coles.com.au/wcsstore/Coles-CAS/images/3/5/7/3574061-th.jpg",
    "categories": ["pantry"],
    "tags": ["snacks", "rice-corn-snacks"],
    "locations": {
      "vic": {
        "price": 5.2,
        "promoText": " ",
        "packageSize": "180g",
        "packagePrice": "$2.89 per 100G"
      }
    }
  },
  {
    "id": "sakata-rice-crackers-extra-tasty-cheddar-cheese",
    "brand": "Sakata",
    "name": "Extra Tasty Cheddar Cheese Rice Crackers",
    "imageUrl": "https://shop.coles.com.au/wcsstore/Coles-CAS/images/9/6/1/9610408-th.jpg",
    "categories": ["pantry"],
    "tags": ["snacks", "rice-corn-snacks"],
    "locations": {
      "vic": {
        "price": 1.6,
        "promoText": "$0.40 ",
        "packageSize": "100g",
        "packagePrice": "$1.60 per 100G"
      }
    }
  },
  {
    "id": "sakata-rice-puffs-crackers-swet-salty",
    "brand": "Sakata",
    "name": "Sweet & Salty Rice Puffs Crackers",
    "imageUrl": "https://shop.coles.com.au/wcsstore/Coles-CAS/images/3/6/2/3629130-th.jpg",
    "categories": ["pantry"],
    "tags": ["snacks", "rice-corn-snacks"],
    "locations": {
      "vic": {
        "price": 3,
        "promoText": " ",
        "packageSize": "72g",
        "packagePrice": "$4.17 per 100G"
      }
    }
  },
  {
    "id": "fantastic-grainz-rice-cracker-lightly-salted",
    "brand": "Fantastic",
    "name": "Grainz Rice Cracker Lightly Salted",
    "imageUrl": "https://shop.coles.com.au/wcsstore/Coles-CAS/images/3/7/6/3762844-th.jpg",
    "categories": ["pantry"],
    "tags": ["snacks", "rice-corn-snacks"],
    "locations": {
      "vic": {
        "price": 2.5,
        "promoText": "$0.50 ",
        "packageSize": "100g",
        "packagePrice": "$2.50 per 100G"
      }
    }
  },
  {
    "id": "peckish-puff-bites-rice-snacks-soy-chicken",
    "brand": "Peckish",
    "name": "Gluten Free Puff Bites Rice Snacks Soy Chicken",
    "imageUrl": "https://shop.coles.com.au/wcsstore/Coles-CAS/images/3/4/6/3468585-th.jpg",
    "categories": ["pantry"],
    "tags": ["snacks", "rice-corn-snacks"],
    "locations": {
      "vic": {
        "price": 2.5,
        "promoText": "Any 2 $4",
        "packageSize": "80g",
        "packagePrice": "$3.13 per 100G"
      }
    }
  },
  {
    "id": "sakata-rice-puffs-crackers-teriyaki",
    "brand": "Sakata",
    "name": "Teriyaki Rice Puffs Crackers",
    "imageUrl": "https://shop.coles.com.au/wcsstore/Coles-CAS/images/3/6/2/3629141-th.jpg",
    "categories": ["pantry"],
    "tags": ["snacks", "rice-corn-snacks"],
    "locations": {
      "vic": {
        "price": 3,
        "promoText": " ",
        "packageSize": "72g",
        "packagePrice": "$4.17 per 100G"
      }
    }
  },
  {
    "id": "table-of-plenty-single-rice-cakes-milk-chocolate",
    "brand": "Table Of Plenty",
    "name": "Single Rice Cakes Milk Chocolate",
    "imageUrl": "https://shop.coles.com.au/wcsstore/Coles-CAS/images/3/7/6/3763348-th.jpg",
    "categories": ["pantry"],
    "tags": ["snacks", "rice-corn-snacks"],
    "locations": {
      "vic": {
        "price": 1.95,
        "promoText": " ",
        "packageSize": "30g",
        "packagePrice": "$6.50 per 100G"
      }
    }
  },
  {
    "id": "coles-bites-rice-cake-milk-chocolate",
    "brand": "Coles",
    "name": "Milk Chocolate Rice Cake Bites",
    "imageUrl": "https://shop.coles.com.au/wcsstore/Coles-CAS/images/3/4/6/3468600-th.jpg",
    "categories": ["pantry"],
    "tags": ["snacks", "rice-corn-snacks"],
    "locations": {
      "vic": {
        "price": 2,
        "promoText": " ",
        "packageSize": "70g",
        "packagePrice": "$2.86 per 100G"
      }
    }
  },
  {
    "id": "eatrite-brown-rice-crackers-chia-quinoa",
    "brand": "Eatrite",
    "name": "Chia & Quinoa Brown Rice Crackers",
    "imageUrl": "https://shop.coles.com.au/wcsstore/Coles-CAS/images/3/7/6/3763315-th.jpg",
    "categories": ["pantry"],
    "tags": ["snacks", "rice-corn-snacks"],
    "locations": {
      "vic": {
        "price": 2.75,
        "promoText": "$0.95 ",
        "packageSize": "100g",
        "packagePrice": "$2.75 per 100G"
      }
    }
  },
  {
    "id": "fantastic-grainz-rice-cracker-parmesan-herb",
    "brand": "Fantastic",
    "name": "Grainz Rice Cracker Parmesan Herb",
    "imageUrl": "https://shop.coles.com.au/wcsstore/Coles-CAS/images/3/7/6/3762877-th.jpg",
    "categories": ["pantry"],
    "tags": ["snacks", "rice-corn-snacks"],
    "locations": {
      "vic": {
        "price": 2.5,
        "promoText": "$0.50 ",
        "packageSize": "100g",
        "packagePrice": "$2.50 per 100G"
      }
    }
  },
  {
    "id": "table-of-plenty-single-rice-cake-dark-choc-conut",
    "brand": "Table Of Plenty",
    "name": "Single Rice Cakes Dark Chocolate",
    "imageUrl": "https://shop.coles.com.au/wcsstore/Coles-CAS/images/3/7/6/3763360-th.jpg",
    "categories": ["pantry"],
    "tags": ["snacks", "rice-corn-snacks"],
    "locations": {
      "vic": {
        "price": 1.95,
        "promoText": " ",
        "packageSize": "30g",
        "packagePrice": "$6.50 per 100G"
      }
    }
  },
  {
    "id": "table-of-plenty-single-rice-cake-passion-yoghurt",
    "brand": "Table Of Plenty",
    "name": "Single Rice Cakes Passionfruit",
    "imageUrl": "https://shop.coles.com.au/wcsstore/Coles-CAS/images/3/7/6/3763370-th.jpg",
    "categories": ["pantry"],
    "tags": ["snacks", "rice-corn-snacks"],
    "locations": {
      "vic": {
        "price": 1.95,
        "promoText": " ",
        "packageSize": "30g",
        "packagePrice": "$6.50 per 100G"
      }
    }
  },
  {
    "id": "table-of-plenty-single-rice-cakes-salt-caramel",
    "brand": "Table Of Plenty",
    "name": "Single Rice Cakes Salted Caramel",
    "imageUrl": "https://shop.coles.com.au/wcsstore/Coles-CAS/images/3/7/6/3763359-th.jpg",
    "categories": ["pantry"],
    "tags": ["snacks", "rice-corn-snacks"],
    "locations": {
      "vic": {
        "price": 1.95,
        "promoText": " ",
        "packageSize": "30g",
        "packagePrice": "$6.50 per 100G"
      }
    }
  },
  {
    "id": "nabisco-water-crackers-captains-table",
    "brand": "Captain's Table",
    "name": "Classic Water Crackers",
    "imageUrl": "https://shop.coles.com.au/wcsstore/Coles-CAS/images/8/8/4/8842022-th.jpg",
    "categories": ["pantry"],
    "tags": ["snacks", "crackers-crispbreads"],
    "locations": {
      "vic": {
        "price": 1.8,
        "promoText": " ",
        "packageSize": "125g",
        "packagePrice": "$1.44 per 100G"
      }
    }
  },
  {
    "id": "arnotts-crispbread-salada-original",
    "brand": "Arnott's",
    "name": "Original Salada",
    "imageUrl": "https://shop.coles.com.au/wcsstore/Coles-CAS/images/3/2/9/329800-th.jpg",
    "categories": ["pantry"],
    "tags": ["snacks", "crackers-crispbreads"],
    "locations": {
      "vic": {
        "price": 3.2,
        "promoText": " ",
        "packageSize": "250g",
        "packagePrice": "$1.28 per 100G"
      }
    }
  },
  {
    "id": "arnotts-crispbread-cruskits-original",
    "brand": "Arnott's",
    "name": "Original Cruskits",
    "imageUrl": "https://shop.coles.com.au/wcsstore/Coles-CAS/images/3/5/8/358682-th.jpg",
    "categories": ["pantry"],
    "tags": ["snacks", "crackers-crispbreads"],
    "locations": {
      "vic": {
        "price": 1.75,
        "promoText": " ",
        "packageSize": "125g",
        "packagePrice": "$1.40 per 100G"
      }
    }
  },
  {
    "id": "arnotts-crackers-cheds",
    "brand": "Arnott's",
    "name": "Cheds Crackers",
    "imageUrl": "https://shop.coles.com.au/wcsstore/Coles-CAS/images/3/2/9/329888-th.jpg",
    "categories": ["pantry"],
    "tags": ["snacks", "crackers-crispbreads"],
    "locations": {
      "vic": {
        "price": 4,
        "promoText": " ",
        "packageSize": "250g",
        "packagePrice": "$1.60 per 100G"
      }
    }
  },
  {
    "id": "arnotts-crackers-savoy-original",
    "brand": "Arnott's",
    "name": "Original Savoy Crackers",
    "imageUrl": "https://shop.coles.com.au/wcsstore/Coles-CAS/images/8/6/3/8638456-th.jpg",
    "categories": ["pantry"],
    "tags": ["snacks", "crackers-crispbreads"],
    "locations": {
      "vic": {
        "price": 3.2,
        "promoText": " ",
        "packageSize": "225g",
        "packagePrice": "$1.42 per 100G"
      }
    }
  },
  {
    "id": "arnotts-crispbread-vita-weat-9-grains",
    "brand": "Arnott's",
    "name": "9 Grains Vita-Weat",
    "imageUrl": "https://shop.coles.com.au/wcsstore/Coles-CAS/images/7/4/3/7439782-th.jpg",
    "categories": ["pantry"],
    "tags": ["snacks", "crackers-crispbreads"],
    "locations": {
      "vic": {
        "price": 3.3,
        "promoText": " ",
        "packageSize": "250g",
        "packagePrice": "$1.32 per 100G"
      }
    }
  },
  {
    "id": "arnotts-crispbread-vita-weat-original",
    "brand": "Arnott's",
    "name": "Original Vita-Weat",
    "imageUrl": "https://shop.coles.com.au/wcsstore/Coles-CAS/images/1/1/7/117256-th.jpg",
    "categories": ["pantry"],
    "tags": ["snacks", "crackers-crispbreads"],
    "locations": {
      "vic": {
        "price": 3.3,
        "promoText": " ",
        "packageSize": "250g",
        "packagePrice": "$1.32 per 100G"
      }
    }
  },
  {
    "id": "arnotts-crispbread-cruskits-light",
    "brand": "Arnott's",
    "name": "Light Cruskits",
    "imageUrl": "https://shop.coles.com.au/wcsstore/Coles-CAS/images/9/6/1/9611783-th.jpg",
    "categories": ["pantry"],
    "tags": ["snacks", "crackers-crispbreads"],
    "locations": {
      "vic": {
        "price": 1.75,
        "promoText": " ",
        "packageSize": "125g",
        "packagePrice": "$1.40 per 100G"
      }
    }
  },
  {
    "id": "arnotts-crispbread-salada-wholemeal",
    "brand": "Arnott's",
    "name": "Wholemeal Salada",
    "imageUrl": "https://shop.coles.com.au/wcsstore/Coles-CAS/images/3/2/9/329844-th.jpg",
    "categories": ["pantry"],
    "tags": ["snacks", "crackers-crispbreads"],
    "locations": {
      "vic": {
        "price": 3.2,
        "promoText": " ",
        "packageSize": "250g",
        "packagePrice": "$1.28 per 100G"
      }
    }
  },
  {
    "id": "arnotts-crispbread-cruskits-rye",
    "brand": "Arnott's",
    "name": "Rye Cruskits",
    "imageUrl": "https://shop.coles.com.au/wcsstore/Coles-CAS/images/9/6/1/9611772-th.jpg",
    "categories": ["pantry"],
    "tags": ["snacks", "crackers-crispbreads"],
    "locations": {
      "vic": {
        "price": 1.75,
        "promoText": " ",
        "packageSize": "125g",
        "packagePrice": "$1.40 per 100G"
      }
    }
  },
  {
    "id": "arnotts-crackers-vita-weat-multigrain",
    "brand": "Arnott's",
    "name": "Multigrain Vita-Weat Crackers",
    "imageUrl": "https://shop.coles.com.au/wcsstore/Coles-CAS/images/7/4/4/7449946-th.jpg",
    "categories": ["pantry"],
    "tags": ["snacks", "crackers-crispbreads"],
    "locations": {
      "vic": {
        "price": 1.5,
        "promoText": "$0.50 ",
        "packageSize": "140g",
        "packagePrice": "$1.07 per 100G"
      }
    }
  },
  {
    "id": "arnotts-crackers-country-cheese",
    "brand": "Arnott's",
    "name": "Country Cheese Crackers",
    "imageUrl": "https://shop.coles.com.au/wcsstore/Coles-CAS/images/3/8/6/386393-th.jpg",
    "categories": ["pantry"],
    "tags": ["snacks", "crackers-crispbreads"],
    "locations": {
      "vic": {
        "price": 4,
        "promoText": " ",
        "packageSize": "250g",
        "packagePrice": "$1.60 per 100G"
      }
    }
  },
  {
    "id": "arnotts-crackers-sesame-wheat",
    "brand": "Arnott's",
    "name": "Sesame Wheat Crackers",
    "imageUrl": "https://shop.coles.com.au/wcsstore/Coles-CAS/images/3/2/9/329185-th.jpg",
    "categories": ["pantry"],
    "tags": ["snacks", "crackers-crispbreads"],
    "locations": {
      "vic": {
        "price": 4,
        "promoText": " ",
        "packageSize": "250g",
        "packagePrice": "$1.60 per 100G"
      }
    }
  },
  {
    "id": "ryvita-crispbread-original",
    "brand": "Ryvita",
    "name": "Original Crispbread",
    "imageUrl": "https://shop.coles.com.au/wcsstore/Coles-CAS/images/9/7/0/9702459-th.jpg",
    "categories": ["pantry"],
    "tags": ["snacks", "crackers-crispbreads"],
    "locations": {
      "vic": {
        "price": 2.85,
        "promoText": " ",
        "packageSize": "250g",
        "packagePrice": "$1.14 per 100G"
      }
    }
  },
  {
    "id": "avocado-hass",
    "brand": "Coles",
    "name": "Hass Avocados",
    "imageUrl": "https://shop.coles.com.au/wcsstore/Coles-CAS/images/5/9/0/5900530-th.jpg",
    "categories": ["pantry"],
    "tags": ["snacks", "crackers-crispbreads"],
    "locations": {
      "vic": {
        "price": 2.5,
        "promoText": " ",
        "packageSize": "",
        "packagePrice": "$2.50 per 1Ea"
      }
    }
  },
  {
    "id": "arnotts-crackers-savoy-light",
    "brand": "Arnott's",
    "name": "Original Savoy Crackers 97% Fat Free",
    "imageUrl": "https://shop.coles.com.au/wcsstore/Coles-CAS/images/9/7/3/9739641-th.jpg",
    "categories": ["pantry"],
    "tags": ["snacks", "crackers-crispbreads"],
    "locations": {
      "vic": {
        "price": 3.2,
        "promoText": " ",
        "packageSize": "180g",
        "packagePrice": "$1.78 per 100G"
      }
    }
  },
  {
    "id": "arnotts-crackers-savoy-cracked-pepper",
    "brand": "Arnott's",
    "name": "Cracked Pepper Savoy Crackers",
    "imageUrl": "https://shop.coles.com.au/wcsstore/Coles-CAS/images/8/6/3/8638467-th.jpg",
    "categories": ["pantry"],
    "tags": ["snacks", "crackers-crispbreads"],
    "locations": {
      "vic": {
        "price": 3.2,
        "promoText": " ",
        "packageSize": "225g",
        "packagePrice": "$1.42 per 100G"
      }
    }
  },
  {
    "id": "arnotts-crispbread-vita-weat-sesame",
    "brand": "Arnott's",
    "name": "Sesame Vita-Weat",
    "imageUrl": "https://shop.coles.com.au/wcsstore/Coles-CAS/images/3/5/8/358897-th.jpg",
    "categories": ["pantry"],
    "tags": ["snacks", "crackers-crispbreads"],
    "locations": {
      "vic": {
        "price": 3.3,
        "promoText": " ",
        "packageSize": "250g",
        "packagePrice": "$1.32 per 100G"
      }
    }
  },
  {
    "id": "coles-crackers-water-cracked-pepper",
    "brand": "Coles",
    "name": "Cracked Pepper Water Crackers",
    "imageUrl": "https://shop.coles.com.au/wcsstore/Coles-CAS/images/5/3/8/5389898-th.jpg",
    "categories": ["pantry"],
    "tags": ["snacks", "crackers-crispbreads"],
    "locations": {
      "vic": {
        "price": 0.95,
        "promoText": " ",
        "packageSize": "125g",
        "packagePrice": "$0.76 per 100G"
      }
    }
  },
  {
    "id": "coles-crackers-rosemary",
    "brand": "Coles",
    "name": "Rosemary Crackers",
    "imageUrl": "https://shop.coles.com.au/wcsstore/Coles-CAS/images/1/2/7/1275707-th.jpg",
    "categories": ["pantry"],
    "tags": ["snacks", "crackers-crispbreads"],
    "locations": {
      "vic": {
        "price": 1.8,
        "promoText": " ",
        "packageSize": "170g",
        "packagePrice": "$1.06 per 100G"
      }
    }
  },
  {
    "id": "coles-wafer-crackers",
    "brand": "Coles",
    "name": "Wafer Thin Original Crackers",
    "imageUrl": "https://shop.coles.com.au/wcsstore/Coles-CAS/images/2/3/3/2335848-th.jpg",
    "categories": ["pantry"],
    "tags": ["snacks", "crackers-crispbreads"],
    "locations": {
      "vic": {
        "price": 2,
        "promoText": " ",
        "packageSize": "100g",
        "packagePrice": "$2.00 per 100G"
      }
    }
  },
  {
    "id": "coles-breadsticks-crackers-sesame-seeds",
    "brand": "Coles",
    "name": "Sesame Breadsticks",
    "imageUrl": "https://shop.coles.com.au/wcsstore/Coles-CAS/images/3/2/8/3288878-th.jpg",
    "categories": ["pantry"],
    "tags": ["snacks", "crackers-crispbreads"],
    "locations": {
      "vic": {
        "price": 2.5,
        "promoText": " ",
        "packageSize": "125g",
        "packagePrice": "$2.00 per 100G"
      }
    }
  },
  {
    "id": "always-fresh-grissini-bread-sticks-rosemary-sea-salt",
    "brand": "Always Fresh",
    "name": "Grissini Rosemary & Sea Salt Italian Bread Sticks",
    "imageUrl": "https://shop.coles.com.au/wcsstore/Coles-CAS/images/5/0/8/5085827-th.jpg",
    "categories": ["pantry"],
    "tags": ["snacks", "crackers-crispbreads"],
    "locations": {
      "vic": {
        "price": 3.45,
        "promoText": " ",
        "packageSize": "125g",
        "packagePrice": "$2.76 per 100G"
      }
    }
  },
  {
    "id": "arnotts-crispbread-cruskits-corn",
    "brand": "Arnott's",
    "name": "Corn Cruskits",
    "imageUrl": "https://shop.coles.com.au/wcsstore/Coles-CAS/images/9/0/7/9079462-th.jpg",
    "categories": ["pantry"],
    "tags": ["snacks", "crackers-crispbreads"],
    "locations": {
      "vic": {
        "price": 1.75,
        "promoText": " ",
        "packageSize": "125g",
        "packagePrice": "$1.40 per 100G"
      }
    }
  },
  {
    "id": "kurrajong-kitchen-crispbread-lavosh-original",
    "brand": "Kurrajong Kitchen",
    "name": "Lavosh Original",
    "imageUrl": "https://shop.coles.com.au/wcsstore/Coles-CAS/images/1/0/2/1024401-th.jpg",
    "categories": ["pantry"],
    "tags": ["snacks", "crackers-crispbreads"],
    "locations": {
      "vic": {
        "price": 3.9,
        "promoText": " ",
        "packageSize": "145g",
        "packagePrice": "$2.69 per 100G"
      }
    }
  },
  {
    "id": "sunbites-cheddar-chives-crackers-snack",
    "brand": "Sunbites",
    "name": "Cheddar & Chives Snack Crackers With Quinoa",
    "imageUrl": "https://shop.coles.com.au/wcsstore/Coles-CAS/images/2/9/7/2976831-th.jpg",
    "categories": ["pantry"],
    "tags": ["snacks", "crackers-crispbreads"],
    "locations": {
      "vic": {
        "price": 3,
        "promoText": " ",
        "packageSize": "110g",
        "packagePrice": "$2.73 per 100G"
      }
    }
  },
  {
    "id": "arnotts-crackers-clix",
    "brand": "Arnott's",
    "name": "Clix Crackers",
    "imageUrl": "https://shop.coles.com.au/wcsstore/Coles-CAS/images/3/2/9/329833-th.jpg",
    "categories": ["pantry"],
    "tags": ["snacks", "crackers-crispbreads"],
    "locations": {
      "vic": {
        "price": 3.2,
        "promoText": " ",
        "packageSize": "250g",
        "packagePrice": "$1.28 per 100G"
      }
    }
  },
  {
    "id": "coles-crackers-water-original",
    "brand": "Coles",
    "name": "Original Water Crackers",
    "imageUrl": "https://shop.coles.com.au/wcsstore/Coles-CAS/images/5/3/8/5389901-th.jpg",
    "categories": ["pantry"],
    "tags": ["snacks", "crackers-crispbreads"],
    "locations": {
      "vic": {
        "price": 0.95,
        "promoText": " ",
        "packageSize": "125g",
        "packagePrice": "$0.76 per 100G"
      }
    }
  },
  {
    "id": "kettle-flat-bread-crackers-sea-salt",
    "brand": "Kettle",
    "name": "Sea Salt Flat Bread Crackers",
    "imageUrl": "https://shop.coles.com.au/wcsstore/Coles-CAS/images/3/4/9/3496445-th.jpg",
    "categories": ["pantry"],
    "tags": ["snacks", "crackers-crispbreads"],
    "locations": {
      "vic": {
        "price": 3.5,
        "promoText": "$1.00 ",
        "packageSize": "150g",
        "packagePrice": "$2.33 per 100G"
      }
    }
  },
  {
    "id": "arnotts-crackers-vita-weat-sesame-poppy",
    "brand": "Arnott's",
    "name": "Sesame & Poppy Seed Vita-Weat Crackers",
    "imageUrl": "https://shop.coles.com.au/wcsstore/Coles-CAS/images/7/4/5/7450005-th.jpg",
    "categories": ["pantry"],
    "tags": ["snacks", "crackers-crispbreads"],
    "locations": {
      "vic": {
        "price": 1.5,
        "promoText": "$0.50 ",
        "packageSize": "130g",
        "packagePrice": "$1.15 per 100G"
      }
    }
  },
  {
    "id": "ryvita-crispbread-multi-grain",
    "brand": "Ryvita",
    "name": "Multigrain Rye Crispbread",
    "imageUrl": "https://shop.coles.com.au/wcsstore/Coles-CAS/images/9/7/0/9702619-th.jpg",
    "categories": ["pantry"],
    "tags": ["snacks", "crackers-crispbreads"],
    "locations": {
      "vic": {
        "price": 2.85,
        "promoText": " ",
        "packageSize": "250g",
        "packagePrice": "$1.14 per 100G"
      }
    }
  },
  {
    "id": "water-thins-crispbread-natural-mini",
    "brand": "Waterthins",
    "name": "Natural Fine Wafer Crackers",
    "imageUrl": "https://shop.coles.com.au/wcsstore/Coles-CAS/images/9/2/0/9207267-th.jpg",
    "categories": ["pantry"],
    "tags": ["snacks", "crackers-crispbreads"],
    "locations": {
      "vic": {
        "price": 3.2,
        "promoText": " ",
        "packageSize": "150g",
        "packagePrice": "$2.13 per 100G"
      }
    }
  },
  {
    "id": "arnotts-crispbread-salada-light-original",
    "brand": "Arnott's",
    "name": "Light Original Salada",
    "imageUrl": "https://shop.coles.com.au/wcsstore/Coles-CAS/images/7/4/1/7411932-th.jpg",
    "categories": ["pantry"],
    "tags": ["snacks", "crackers-crispbreads"],
    "locations": {
      "vic": {
        "price": 3.2,
        "promoText": " ",
        "packageSize": "250g",
        "packagePrice": "$1.28 per 100G"
      }
    }
  },
  {
    "id": "arnotts-crackers-sao",
    "brand": "Arnott's",
    "name": "Sao Crackers",
    "imageUrl": "https://shop.coles.com.au/wcsstore/Coles-CAS/images/3/2/9/329152-th.jpg",
    "categories": ["pantry"],
    "tags": ["snacks", "crackers-crispbreads"],
    "locations": {
      "vic": {
        "price": 3.2,
        "promoText": " ",
        "packageSize": "250g",
        "packagePrice": "$1.28 per 100G"
      }
    }
  },
  {
    "id": "nabisco-water-crackers-captains-table-cracked-pepper",
    "brand": "Captain's Table",
    "name": "Cracked Pepper Water Crackers",
    "imageUrl": "https://shop.coles.com.au/wcsstore/Coles-CAS/images/8/8/4/8841405-th.jpg",
    "categories": ["pantry"],
    "tags": ["snacks", "crackers-crispbreads"],
    "locations": {
      "vic": {
        "price": 1.8,
        "promoText": " ",
        "packageSize": "125g",
        "packagePrice": "$1.44 per 100G"
      }
    }
  },
  {
    "id": "ob-finest-crackers-150g-fig-almond",
    "brand": "OB Finest",
    "name": "Fig & Almond Crackers",
    "imageUrl": "https://shop.coles.com.au/wcsstore/Coles-CAS/images/3/0/5/3053058-th.jpg",
    "categories": ["pantry"],
    "tags": ["snacks", "crackers-crispbreads"],
    "locations": {
      "vic": {
        "price": 6,
        "promoText": "Was $6.50 on Jul 2018 ",
        "packageSize": "150g",
        "packagePrice": "$4.00 per 100G"
      }
    }
  },
  {
    "id": "olinas-artisan-crackers-fig-olive",
    "brand": "Olina's",
    "name": "Fig & Black Olive Artisan Crackers",
    "imageUrl": "https://shop.coles.com.au/wcsstore/Coles-CAS/images/3/4/9/3491099-th.jpg",
    "categories": ["pantry"],
    "tags": ["snacks", "crackers-crispbreads"],
    "locations": {
      "vic": {
        "price": 4,
        "promoText": " ",
        "packageSize": "100g",
        "packagePrice": "$4.00 per 100G"
      }
    }
  },
  {
    "id": "olinas-artisan-crackers-date-apricot",
    "brand": "Olina's",
    "name": "Date & Apricot Artisan Crackers",
    "imageUrl": "https://shop.coles.com.au/wcsstore/Coles-CAS/images/3/4/9/3491088-th.jpg",
    "categories": ["pantry"],
    "tags": ["snacks", "crackers-crispbreads"],
    "locations": {
      "vic": {
        "price": 4,
        "promoText": " ",
        "packageSize": "100g",
        "packagePrice": "$4.00 per 100G"
      }
    }
  },
  {
    "id": "pureharvest--rice-cakes-organic",
    "brand": "Pureharvest",
    "name": "Organic Rice Cakes",
    "imageUrl": "https://shop.coles.com.au/wcsstore/Coles-CAS/images/5/7/4/5748403-th.jpg",
    "categories": ["pantry"],
    "tags": ["snacks", "crackers-crispbreads"],
    "locations": {
      "vic": {
        "price": 1.7,
        "promoText": " ",
        "packageSize": "150g",
        "packagePrice": "$1.13 per 100G"
      }
    }
  },
  {
    "id": "the-natural-cracker-co-cracker-farmhouse-cheddar",
    "brand": "The Natural Cracker Co.",
    "name": "Farmhouse Cheddar Crispy Crackers",
    "imageUrl": "https://shop.coles.com.au/wcsstore/Coles-CAS/images/3/4/4/3449853-th.jpg",
    "categories": ["pantry"],
    "tags": ["snacks", "crackers-crispbreads"],
    "locations": {
      "vic": {
        "price": 3.5,
        "promoText": " ",
        "packageSize": "160g",
        "packagePrice": "$2.19 per 100G"
      }
    }
  },
  {
    "id": "always-fresh-grissini-bread-sticks-sesame-sea-salt",
    "brand": "Always Fresh",
    "name": "Grissini Sesame Sea Salt",
    "imageUrl": "https://shop.coles.com.au/wcsstore/Coles-CAS/images/5/0/8/5085805-th.jpg",
    "categories": ["pantry"],
    "tags": ["snacks", "crackers-crispbreads"],
    "locations": {
      "vic": {
        "price": 3.45,
        "promoText": " ",
        "packageSize": "125g",
        "packagePrice": "$2.76 per 100G"
      }
    }
  },
  {
    "id": "coles-finest-artisan-crispbread-kale-car-onion",
    "brand": "Coles",
    "name": "Finest Artisan Kale & Caramelised Onion Crispbread",
    "imageUrl": "https://shop.coles.com.au/wcsstore/Coles-CAS/images/3/7/3/3732480-th.jpg",
    "categories": ["pantry"],
    "tags": ["snacks", "crackers-crispbreads"],
    "locations": {
      "vic": {
        "price": 3.5,
        "promoText": " ",
        "packageSize": "130g",
        "packagePrice": "$2.69 per 100G"
      }
    }
  },
  {
    "id": "kettle-flat-bread-crackers-burnt-fig",
    "brand": "Kettle",
    "name": "Burnt Fig Flat Bread Crackers",
    "imageUrl": "https://shop.coles.com.au/wcsstore/Coles-CAS/images/3/4/9/3496467-th.jpg",
    "categories": ["pantry"],
    "tags": ["snacks", "crackers-crispbreads"],
    "locations": {
      "vic": {
        "price": 3.5,
        "promoText": "$1.00 ",
        "packageSize": "150g",
        "packagePrice": "$2.33 per 100G"
      }
    }
  },
  {
    "id": "ob-finest-cranberry-pumpkin-crackers",
    "brand": "OB Finest",
    "name": "Cranberry & Pumpkin Seed Crackers",
    "imageUrl": "https://shop.coles.com.au/wcsstore/Coles-CAS/images/2/7/9/2792395-th.jpg",
    "categories": ["pantry"],
    "tags": ["snacks", "crackers-crispbreads"],
    "locations": {
      "vic": {
        "price": 6,
        "promoText": "Was $6.50 on Jul 2018 ",
        "packageSize": "150g",
        "packagePrice": "$4.00 per 100G"
      }
    }
  },
  {
    "id": "ob-finest-gluten-free-wafer-crackers",
    "brand": "OB Finest",
    "name": "Gluten Free Wafer Crackers",
    "imageUrl": "https://shop.coles.com.au/wcsstore/Coles-CAS/images/3/0/5/3053080-th.jpg",
    "categories": ["pantry"],
    "tags": ["snacks", "crackers-crispbreads"],
    "locations": {
      "vic": {
        "price": 2.7,
        "promoText": "$0.30 ",
        "packageSize": "100g",
        "packagePrice": "$2.70 per 100G"
      }
    }
  },
  {
    "id": "olina-s-artisan-cracker-cranberry-sunflwr",
    "brand": "Olina's",
    "name": "Artisan Cracker Cranberry & Sunflower Seed",
    "imageUrl": "https://shop.coles.com.au/wcsstore/Coles-CAS/images/3/7/6/3762276-th.jpg",
    "categories": ["pantry"],
    "tags": ["snacks", "crackers-crispbreads"],
    "locations": {
      "vic": {
        "price": 4,
        "promoText": " ",
        "packageSize": "100g",
        "packagePrice": "$4.00 per 100G"
      }
    }
  },
  {
    "id": "the-natural-cracker-co-crackers-sour-cream-chive",
    "brand": "The Natural Cracker Co",
    "name": "Sour Cream & Chive Crispy Crackers",
    "imageUrl": "https://shop.coles.com.au/wcsstore/Coles-CAS/images/3/4/4/3449810-th.jpg",
    "categories": ["pantry"],
    "tags": ["snacks", "crackers-crispbreads"],
    "locations": {
      "vic": {
        "price": 3.5,
        "promoText": " ",
        "packageSize": "160g",
        "packagePrice": "$2.19 per 100G"
      }
    }
  },
  {
    "id": "coles-simply-less-crispbread",
    "brand": "Coles",
    "name": "Crispbread Original",
    "imageUrl": "https://shop.coles.com.au/wcsstore/Coles-CAS/images/9/8/8/9889495-th.jpg",
    "categories": ["pantry"],
    "tags": ["snacks", "crackers-crispbreads"],
    "locations": {
      "vic": {
        "price": 2,
        "promoText": " ",
        "packageSize": "125g",
        "packagePrice": "$1.60 per 100G"
      }
    }
  },
  {
    "id": "coles-crackers-garlic",
    "brand": "Coles",
    "name": "Garlic Crackers",
    "imageUrl": "https://shop.coles.com.au/wcsstore/Coles-CAS/images/1/2/7/1275671-th.jpg",
    "categories": ["pantry"],
    "tags": ["snacks", "crackers-crispbreads"],
    "locations": {
      "vic": {
        "price": 1.8,
        "promoText": " ",
        "packageSize": "200g",
        "packagePrice": "$0.90 per 100G"
      }
    }
  },
  {
    "id": "coles-finest-artisan-crispbread-betrot",
    "brand": "Coles",
    "name": "Finest Artisan Beetroot Crispbread",
    "imageUrl": "https://shop.coles.com.au/wcsstore/Coles-CAS/images/3/7/3/3732479-th.jpg",
    "categories": ["pantry"],
    "tags": ["snacks", "crackers-crispbreads"],
    "locations": {
      "vic": {
        "price": 3.5,
        "promoText": " ",
        "packageSize": "130g",
        "packagePrice": "$2.69 per 100G"
      }
    }
  },
  {
    "id": "kettle-flat-bread-crackers-chilli-jam",
    "brand": "Kettle",
    "name": "Chilli Jam Flat Bread Crackers",
    "imageUrl": "https://shop.coles.com.au/wcsstore/Coles-CAS/images/3/4/9/3496456-th.jpg",
    "categories": ["pantry"],
    "tags": ["snacks", "crackers-crispbreads"],
    "locations": {
      "vic": {
        "price": 3.5,
        "promoText": "$1.00 ",
        "packageSize": "150g",
        "packagePrice": "$2.33 per 100G"
      }
    }
  },
  {
    "id": "fine-food-natural-wafer-crackers",
    "brand": "Natural",
    "name": "Wafer Crackers",
    "imageUrl": "https://shop.coles.com.au/wcsstore/Coles-CAS/images/2/4/4/2449676-th.jpg",
    "categories": ["pantry"],
    "tags": ["snacks", "crackers-crispbreads"],
    "locations": {
      "vic": {
        "price": 2.7,
        "promoText": "$0.30 ",
        "packageSize": "100g",
        "packagePrice": "$2.70 per 100G"
      }
    }
  },
  {
    "id": "ob-finest-quince-fruit-paste",
    "brand": "OB Finest",
    "name": "Quince Fruit Paste",
    "imageUrl": "https://shop.coles.com.au/wcsstore/Coles-CAS/images/2/7/9/2792431-th.jpg",
    "categories": ["pantry"],
    "tags": ["snacks", "crackers-crispbreads"],
    "locations": {
      "vic": {
        "price": 4.5,
        "promoText": "$0.50 ",
        "packageSize": "100g",
        "packagePrice": "$4.50 per 100G"
      }
    }
  },
  {
    "id": "the-natural-cracker-co-cracker-honey-soy-chicken",
    "brand": "The Natural Cracker Co.",
    "name": "Honey Soy Chicken Crispy Crackers",
    "imageUrl": "https://shop.coles.com.au/wcsstore/Coles-CAS/images/3/4/4/3449831-th.jpg",
    "categories": ["pantry"],
    "tags": ["snacks", "crackers-crispbreads"],
    "locations": {
      "vic": {
        "price": 3.5,
        "promoText": " ",
        "packageSize": "160g",
        "packagePrice": "$2.19 per 100G"
      }
    }
  },
  {
    "id": "abes-bagel-crisps-crackers-sea-salt",
    "brand": "Abe's Bagels",
    "name": "Marlborough Sea Salt Baked Bagel Crisps",
    "imageUrl": "https://shop.coles.com.au/wcsstore/Coles-CAS/images/7/5/9/7593239-th.jpg",
    "categories": ["pantry"],
    "tags": ["snacks", "crackers-crispbreads"],
    "locations": {
      "vic": {
        "price": 3.2,
        "promoText": " ",
        "packageSize": "150g",
        "packagePrice": "$2.13 per 100G"
      }
    }
  },
  {
    "id": "always-fresh-mini-toasts-value-pack",
    "brand": "Always Fresh",
    "name": "Mini Toasts Value Pack",
    "imageUrl": "https://shop.coles.com.au/wcsstore/Coles-CAS/images/2/4/6/2469695-th.jpg",
    "categories": ["pantry"],
    "tags": ["snacks", "crackers-crispbreads"],
    "locations": {
      "vic": {
        "price": 2,
        "promoText": " ",
        "packageSize": "90g",
        "packagePrice": "$2.22 per 100G"
      }
    }
  },
  {
    "id": "always-fresh-mini-baguett-crackers-garlic-parsley",
    "brand": "Always Fresh",
    "name": "Garlic &  Parsley Mini Baguetts",
    "imageUrl": "https://shop.coles.com.au/wcsstore/Coles-CAS/images/3/4/9/3491168-th.jpg",
    "categories": ["pantry"],
    "tags": ["snacks", "crackers-crispbreads"],
    "locations": {
      "vic": {
        "price": 2.75,
        "promoText": "$0.70 ",
        "packageSize": "100g",
        "packagePrice": "$2.75 per 100G"
      }
    }
  },
  {
    "id": "captains-table-pita-crackers-herb",
    "brand": "Captains Table",
    "name": "Pita Crackers Herb",
    "imageUrl": "https://shop.coles.com.au/wcsstore/Coles-CAS/images/3/7/5/3752148-th.jpg",
    "categories": ["pantry"],
    "tags": ["snacks", "crackers-crispbreads"],
    "locations": {
      "vic": {
        "price": 3.5,
        "promoText": " ",
        "packageSize": "100g",
        "packagePrice": "$3.50 per 100G"
      }
    }
  },
  {
    "id": "captains-table-pita-crackers-classic-salt",
    "brand": "Captains Table",
    "name": "Pita Crackers Classic Salt",
    "imageUrl": "https://shop.coles.com.au/wcsstore/Coles-CAS/images/3/7/5/3752126-th.jpg",
    "categories": ["pantry"],
    "tags": ["snacks", "crackers-crispbreads"],
    "locations": {
      "vic": {
        "price": 3.5,
        "promoText": " ",
        "packageSize": "100g",
        "packagePrice": "$3.50 per 100G"
      }
    }
  },
  {
    "id": "coles-cracker-squares",
    "brand": "Coles",
    "name": "Cracker Squares",
    "imageUrl": "https://shop.coles.com.au/wcsstore/Coles-CAS/images/2/4/7/2471835-th.jpg",
    "categories": ["pantry"],
    "tags": ["snacks", "crackers-crispbreads"],
    "locations": {
      "vic": {
        "price": 0.95,
        "promoText": " ",
        "packageSize": "250g",
        "packagePrice": "$0.38 per 100G"
      }
    }
  },
  {
    "id": "coles-assorted-crackers-selection",
    "brand": "Coles",
    "name": "Assorted Crackers",
    "imageUrl": "https://shop.coles.com.au/wcsstore/Coles-CAS/images/3/4/6/3468337-th.jpg",
    "categories": ["pantry"],
    "tags": ["snacks", "crackers-crispbreads"],
    "locations": {
      "vic": {
        "price": 4,
        "promoText": " ",
        "packageSize": "250g",
        "packagePrice": "$1.60 per 100G"
      }
    }
  },
  {
    "id": "fine-foods-3-seed-pepita-crisps",
    "brand": "OB Finest",
    "name": "3 Seed Pepita Crisps",
    "imageUrl": "https://shop.coles.com.au/wcsstore/Coles-CAS/images/3/5/2/3524347-th.jpg",
    "categories": ["pantry"],
    "tags": ["snacks", "crackers-crispbreads"],
    "locations": {
      "vic": {
        "price": 6.5,
        "promoText": " ",
        "packageSize": "110g",
        "packagePrice": "$5.91 per 100G"
      }
    }
  },
  {
    "id": "olinas-artisan-crackers-raisin-pumpkin",
    "brand": "Olina's",
    "name": "Raisin & Pumpkin Seed Artisan Crackers",
    "imageUrl": "https://shop.coles.com.au/wcsstore/Coles-CAS/images/3/5/0/3508817-th.jpg",
    "categories": ["pantry"],
    "tags": ["snacks", "crackers-crispbreads"],
    "locations": {
      "vic": {
        "price": 4,
        "promoText": " ",
        "packageSize": "100g",
        "packagePrice": "$4.00 per 100G"
      }
    }
  },
  {
    "id": "premium-original-crispbread",
    "brand": "Premium",
    "name": "Original Crispbread",
    "imageUrl": "https://shop.coles.com.au/wcsstore/Coles-CAS/images/2/9/9/2994390-th.jpg",
    "categories": ["pantry"],
    "tags": ["snacks", "crackers-crispbreads"],
    "locations": {
      "vic": {
        "price": 1.5,
        "promoText": " ",
        "packageSize": "100g",
        "packagePrice": "$1.50 per 100G"
      }
    }
  },
  {
    "id": "ritz-breakz-crackers-classic",
    "brand": "Ritz Breakz",
    "name": "Classic Crackers",
    "imageUrl": "https://shop.coles.com.au/wcsstore/Coles-CAS/images/3/6/2/3620169-th.jpg",
    "categories": ["pantry"],
    "tags": ["snacks", "crackers-crispbreads"],
    "locations": {
      "vic": {
        "price": 3,
        "promoText": "$0.80 ",
        "packageSize": "250g",
        "packagePrice": "$1.20 per 100G"
      }
    }
  },
  {
    "id": "stacy-s-pita-chip-cracker-sea-salt",
    "brand": "Stacy's",
    "name": "Pita Chip Cracker Sea Salt",
    "imageUrl": "https://shop.coles.com.au/wcsstore/Coles-CAS/images/3/7/0/3706016-th.jpg",
    "categories": ["pantry"],
    "tags": ["snacks", "crackers-crispbreads"],
    "locations": {
      "vic": {
        "price": 3,
        "promoText": "$1.50 ",
        "packageSize": "170g",
        "packagePrice": "$1.76 per 100G"
      }
    }
  },
  {
    "id": "waterthins-cheese-twists-classic-cheddar",
    "brand": "Waterthins",
    "name": "Classic Cheddar Cheese Twists  Biscuits",
    "imageUrl": "https://shop.coles.com.au/wcsstore/Coles-CAS/images/9/4/8/9482330-th.jpg",
    "categories": ["pantry"],
    "tags": ["snacks", "crackers-crispbreads"],
    "locations": {
      "vic": {
        "price": 4,
        "promoText": " ",
        "packageSize": "110g",
        "packagePrice": "$3.64 per 100G"
      }
    }
  },
  {
    "id": "arnotts-vitaweat-crips-5-super-seeds",
    "brand": "Arnott's",
    "name": "Vitaweat Crisp 5 Super Seeds",
    "imageUrl": "https://shop.coles.com.au/wcsstore/Coles-CAS/images/2/3/6/2364675-th.jpg",
    "categories": ["pantry"],
    "tags": ["snacks", "crackers-crispbreads"],
    "locations": {
      "vic": {
        "price": 3.3,
        "promoText": " ",
        "packageSize": "250g",
        "packagePrice": "$1.32 per 100G"
      }
    }
  },
  {
    "id": "captains-table-pita-crackers-gran-pada-chese",
    "brand": "Captains Table",
    "name": "Pita Crackers Gran Pada Cheese",
    "imageUrl": "https://shop.coles.com.au/wcsstore/Coles-CAS/images/3/7/5/3752137-th.jpg",
    "categories": ["pantry"],
    "tags": ["snacks", "crackers-crispbreads"],
    "locations": {
      "vic": {
        "price": 3.5,
        "promoText": " ",
        "packageSize": "100g",
        "packagePrice": "$3.50 per 100G"
      }
    }
  },
  {
    "id": "coles-finest-artisan-crispbread-sesame-linsed",
    "brand": "Coles",
    "name": "Finest Artisan Sesame & Linseed Crispbread",
    "imageUrl": "https://shop.coles.com.au/wcsstore/Coles-CAS/images/3/7/3/3732468-th.jpg",
    "categories": ["pantry"],
    "tags": ["snacks", "crackers-crispbreads"],
    "locations": {
      "vic": {
        "price": 3.5,
        "promoText": " ",
        "packageSize": "130g",
        "packagePrice": "$2.69 per 100G"
      }
    }
  },
  {
    "id": "ob-finest-cashew-rosemary-crackers",
    "brand": "OB Finest",
    "name": "Cashew & Rosemary Crackers",
    "imageUrl": "https://shop.coles.com.au/wcsstore/Coles-CAS/images/2/7/9/2792420-th.jpg",
    "categories": ["pantry"],
    "tags": ["snacks", "crackers-crispbreads"],
    "locations": {
      "vic": {
        "price": 6,
        "promoText": "Was $6.50 on Jul 2018 ",
        "packageSize": "150g",
        "packagePrice": "$4.00 per 100G"
      }
    }
  },
  {
    "id": "ob-finest-fig-fruit-paste",
    "brand": "OB Finest",
    "name": "Fig Fruit Paste",
    "imageUrl": "https://shop.coles.com.au/wcsstore/Coles-CAS/images/3/0/5/3053091-th.jpg",
    "categories": ["pantry"],
    "tags": ["snacks", "crackers-crispbreads"],
    "locations": {
      "vic": {
        "price": 4.5,
        "promoText": "$0.50 ",
        "packageSize": "100g",
        "packagePrice": "$4.50 per 100G"
      }
    }
  },
  {
    "id": "the-natural-cracker-co-crackers-seasalt-vinegar",
    "brand": "The Natural Cracker Co",
    "name": "Sea salt & Vinegar Crispy Crackers",
    "imageUrl": "https://shop.coles.com.au/wcsstore/Coles-CAS/images/3/4/4/3449842-th.jpg",
    "categories": ["pantry"],
    "tags": ["snacks", "crackers-crispbreads"],
    "locations": {
      "vic": {
        "price": 3.5,
        "promoText": " ",
        "packageSize": "160g",
        "packagePrice": "$2.19 per 100G"
      }
    }
  },
  {
    "id": "water-thins-crispbread-pepper-chives",
    "brand": "Waterthins",
    "name": "Pepper & Chives Fine Wafer Cracker",
    "imageUrl": "https://shop.coles.com.au/wcsstore/Coles-CAS/images/9/2/0/9207289-th.jpg",
    "categories": ["pantry"],
    "tags": ["snacks", "crackers-crispbreads"],
    "locations": {
      "vic": {
        "price": 3.2,
        "promoText": " ",
        "packageSize": "150g",
        "packagePrice": "$2.13 per 100G"
      }
    }
  },
  {
    "id": "abes-vegemite-bagel-crisps",
    "brand": "Abe's Bagels",
    "name": "Vegemite Baked Bagel Crisps",
    "imageUrl": "https://shop.coles.com.au/wcsstore/Coles-CAS/images/2/5/2/2528681-th.jpg",
    "categories": ["pantry"],
    "tags": ["snacks", "crackers-crispbreads"],
    "locations": {
      "vic": {
        "price": 3.2,
        "promoText": " ",
        "packageSize": "150g",
        "packagePrice": "$2.13 per 100G"
      }
    }
  },
  {
    "id": "always-fresh-crackers-crustini-bruschetta-toasts-olive-oil-sea-salt",
    "brand": "Always Fresh",
    "name": "Olive Oil & Sea Salt Crustini Bruschetta Toasts",
    "imageUrl": "https://shop.coles.com.au/wcsstore/Coles-CAS/images/5/8/3/5839994-th.jpg",
    "categories": ["pantry"],
    "tags": ["snacks", "crackers-crispbreads"],
    "locations": {
      "vic": {
        "price": 3.45,
        "promoText": " ",
        "packageSize": "120g",
        "packagePrice": "$2.88 per 100G"
      }
    }
  },
  {
    "id": "carrs-crackers-cheese-melts",
    "brand": "Carr's",
    "name": "Cheese Melts Crackers",
    "imageUrl": "https://shop.coles.com.au/wcsstore/Coles-CAS/images/1/2/6/1260823-th.jpg",
    "categories": ["pantry"],
    "tags": ["snacks", "crackers-crispbreads"],
    "locations": {
      "vic": {
        "price": 3.3,
        "promoText": " ",
        "packageSize": "150g",
        "packagePrice": "$2.20 per 100G"
      }
    }
  },
  {
    "id": "coles-crackers-checkers",
    "brand": "Coles",
    "name": "Checkers Crackers",
    "imageUrl": "https://shop.coles.com.au/wcsstore/Coles-CAS/images/7/4/6/7468929-th.jpg",
    "categories": ["pantry"],
    "tags": ["snacks", "crackers-crispbreads"],
    "locations": {
      "vic": {
        "price": 1.5,
        "promoText": " ",
        "packageSize": "250g",
        "packagePrice": "$0.60 per 100G"
      }
    }
  },
  {
    "id": "maggie-beer-plum-and-shiraz-paste",
    "brand": "Maggie Beer",
    "name": "Plum And Shiraz Paste",
    "imageUrl": "https://shop.coles.com.au/wcsstore/Coles-CAS/images/3/6/3/3633626-th.jpg",
    "categories": ["pantry"],
    "tags": ["snacks", "crackers-crispbreads"],
    "locations": {
      "vic": {
        "price": 6,
        "promoText": " ",
        "packageSize": "100g",
        "packagePrice": "$6.00 per 100G"
      }
    }
  },
  {
    "id": "ob-finest-crackers-apricot-hazelnut",
    "brand": "OB Finest",
    "name": "Apricot & Hazelnut Crackers",
    "imageUrl": "https://shop.coles.com.au/wcsstore/Coles-CAS/images/3/0/5/3053070-th.jpg",
    "categories": ["pantry"],
    "tags": ["snacks", "crackers-crispbreads"],
    "locations": {
      "vic": {
        "price": 6,
        "promoText": "Was $6.50 on Jul 2018 ",
        "packageSize": "150g",
        "packagePrice": "$4.00 per 100G"
      }
    }
  },
  {
    "id": "fine-food-parmesan-crisps-sesame",
    "brand": "OB Finest",
    "name": "Parmesan Crisps With Black Sesame",
    "imageUrl": "https://shop.coles.com.au/wcsstore/Coles-CAS/images/3/5/2/3524540-th.jpg",
    "categories": ["pantry"],
    "tags": ["snacks", "crackers-crispbreads"],
    "locations": {
      "vic": {
        "price": 10.5,
        "promoText": " ",
        "packageSize": "85g",
        "packagePrice": "$12.35 per 100G"
      }
    }
  },
  {
    "id": "ob-finest-specialty-crackers-fig-pistachio",
    "brand": "OB Finest",
    "name": "Gluten Free Pistachio & Fig Speciality Crackers",
    "imageUrl": "https://shop.coles.com.au/wcsstore/Coles-CAS/images/3/6/3/3635199-th.jpg",
    "categories": ["pantry"],
    "tags": ["snacks", "crackers-crispbreads"],
    "locations": {
      "vic": {
        "price": 6,
        "promoText": " ",
        "packageSize": "130g",
        "packagePrice": "$4.62 per 100G"
      }
    }
  },
  {
    "id": "olinas-selection-pack-crackers",
    "brand": "Olinas",
    "name": "Selection Pack Crackers",
    "imageUrl": "https://shop.coles.com.au/wcsstore/Coles-CAS/images/3/8/1/3815521-th.jpg",
    "categories": ["pantry"],
    "tags": ["snacks", "crackers-crispbreads"],
    "locations": {
      "vic": {
        "price": 12,
        "promoText": " ",
        "packageSize": "290g",
        "packagePrice": "$4.14 per 100G"
      }
    }
  },
  {
    "id": "olinas-seded-crackers-morocan-dukkah",
    "brand": "Olinas",
    "name": "Seeded Crackers Moroccan Dukka",
    "imageUrl": "https://shop.coles.com.au/wcsstore/Coles-CAS/images/3/8/1/3815394-th.jpg",
    "categories": ["pantry"],
    "tags": ["snacks", "crackers-crispbreads"],
    "locations": {
      "vic": {
        "price": 4,
        "promoText": " ",
        "packageSize": "80g",
        "packagePrice": "$5.00 per 100G"
      }
    }
  },
  {
    "id": "olinas-lavosh-crackers-rosemary-salt",
    "brand": "Olinas",
    "name": "Lavosh Crackers Rosemary & Sea Salt",
    "imageUrl": "https://shop.coles.com.au/wcsstore/Coles-CAS/images/3/8/1/3815328-th.jpg",
    "categories": ["pantry"],
    "tags": ["snacks", "crackers-crispbreads"],
    "locations": {
      "vic": {
        "price": 4,
        "promoText": " ",
        "packageSize": "100g",
        "packagePrice": "$4.00 per 100G"
      }
    }
  },
  {
    "id": "olinas-mediterranean-crackers-sun-tomato-basil",
    "brand": "Olinas",
    "name": "Mediterranean Crackers Sundried Tomato & Basil",
    "imageUrl": "https://shop.coles.com.au/wcsstore/Coles-CAS/images/3/8/1/3815270-th.jpg",
    "categories": ["pantry"],
    "tags": ["snacks", "crackers-crispbreads"],
    "locations": {
      "vic": {
        "price": 4,
        "promoText": " ",
        "packageSize": "90g",
        "packagePrice": "$4.44 per 100G"
      }
    }
  },
  {
    "id": "olinas-lavosh-crackers-pecorino-pepper",
    "brand": "Olinas",
    "name": "Lavosh Crackers Pecorino & Cracked",
    "imageUrl": "https://shop.coles.com.au/wcsstore/Coles-CAS/images/3/8/1/3815339-th.jpg",
    "categories": ["pantry"],
    "tags": ["snacks", "crackers-crispbreads"],
    "locations": {
      "vic": {
        "price": 4,
        "promoText": " ",
        "packageSize": "100g",
        "packagePrice": "$4.00 per 100G"
      }
    }
  },
  {
    "id": "olinas-lavosh-crackers-natural",
    "brand": "Olinas",
    "name": "Lavosh Crackers Natural",
    "imageUrl": "https://shop.coles.com.au/wcsstore/Coles-CAS/images/3/8/1/3815317-th.jpg",
    "categories": ["pantry"],
    "tags": ["snacks", "crackers-crispbreads"],
    "locations": {
      "vic": {
        "price": 4,
        "promoText": " ",
        "packageSize": "100g",
        "packagePrice": "$4.00 per 100G"
      }
    }
  },
  {
    "id": "olinas-mediterranean-crackers-parmesan-onion",
    "brand": "Olinas",
    "name": "Mediterranean Crackers Parmesan & Onion",
    "imageUrl": "https://shop.coles.com.au/wcsstore/Coles-CAS/images/3/8/1/3815281-th.jpg",
    "categories": ["pantry"],
    "tags": ["snacks", "crackers-crispbreads"],
    "locations": {
      "vic": {
        "price": 4,
        "promoText": " ",
        "packageSize": "90g",
        "packagePrice": "$4.44 per 100G"
      }
    }
  },
  {
    "id": "ritz-mediterranean-herb-breakz-crackers",
    "brand": "Ritz",
    "name": "Mediterranean Herb Breakz Crackers",
    "imageUrl": "https://shop.coles.com.au/wcsstore/Coles-CAS/images/3/8/1/3815780-th.jpg",
    "categories": ["pantry"],
    "tags": ["snacks", "crackers-crispbreads"],
    "locations": {
      "vic": {
        "price": 3.8,
        "promoText": " ",
        "packageSize": "250g",
        "packagePrice": "$1.52 per 100G"
      }
    }
  },
  {
    "id": "cadbury-milk-chocolate-block-dairy-milk",
    "brand": "Cadbury",
    "name": "Dairy Milk Chocolate Large Block",
    "imageUrl": "https://shop.coles.com.au/wcsstore/Coles-CAS/images/7/7/7/7778609-th.jpg",
    "categories": ["pantry"],
    "tags": ["confectionery", "chocolate-blocks"],
    "locations": {
      "vic": {
        "price": 5,
        "promoText": "Was $6.30 on Jun 2017 ",
        "packageSize": "350g",
        "packagePrice": "$1.43 per 100G"
      }
    }
  },
  {
    "id": "cadbury-family-block-chocolate-hazelnut",
    "brand": "Cadbury",
    "name": "Dairy Milk Hazelnut Chocolate Family Block",
    "imageUrl": "https://shop.coles.com.au/wcsstore/Coles-CAS/images/2/3/5/2351720-th.jpg",
    "categories": ["pantry"],
    "tags": ["confectionery", "chocolate-blocks"],
    "locations": {
      "vic": {
        "price": 5,
        "promoText": "Any 2 $7",
        "packageSize": "180g",
        "packagePrice": "$2.78 per 100G"
      }
    }
  },
  {
    "id": "nestle-chocolate-block-kit-kat-milk",
    "brand": "Nestle",
    "name": "KitKat Milk Chocolate Block",
    "imageUrl": "https://shop.coles.com.au/wcsstore/Coles-CAS/images/5/8/7/5872479-th.jpg",
    "categories": ["pantry"],
    "tags": ["confectionery", "chocolate-blocks"],
    "locations": {
      "vic": {
        "price": 3,
        "promoText": "$1.50 ",
        "packageSize": "170g",
        "packagePrice": "$1.76 per 100G"
      }
    }
  },
  {
    "id": "nestle-milkybar-block-chocolate",
    "brand": "Nestle",
    "name": "Milkybar White Chocolate Block",
    "imageUrl": "https://shop.coles.com.au/wcsstore/Coles-CAS/images/7/7/6/7767770-th.jpg",
    "categories": ["pantry"],
    "tags": ["confectionery", "chocolate-blocks"],
    "locations": {
      "vic": {
        "price": 3,
        "promoText": "$1.50 ",
        "packageSize": "180g",
        "packagePrice": "$1.67 per 100G"
      }
    }
  },
  {
    "id": "cadbury-family-block-chocolate-dairy-milk",
    "brand": "Cadbury",
    "name": "Dairy Milk Chocolate Block",
    "imageUrl": "https://shop.coles.com.au/wcsstore/Coles-CAS/images/2/3/5/2351709-th.jpg",
    "categories": ["pantry"],
    "tags": ["confectionery", "chocolate-blocks"],
    "locations": {
      "vic": {
        "price": 5,
        "promoText": "Any 2 $7",
        "packageSize": "180g",
        "packagePrice": "$2.78 per 100G"
      }
    }
  },
  {
    "id": "cadbury-family-block-marble",
    "brand": "Cadbury",
    "name": "Family Block Chocolate Marble",
    "imageUrl": "https://shop.coles.com.au/wcsstore/Coles-CAS/images/3/7/6/3761171-th.jpg",
    "categories": ["pantry"],
    "tags": ["confectionery", "chocolate-blocks"],
    "locations": {
      "vic": {
        "price": 5,
        "promoText": "Any 2 $7",
        "packageSize": "173g",
        "packagePrice": "$2.89 per 100G"
      }
    }
  },
  {
    "id": "cadbury-family-block-chocolate-top-deck",
    "brand": "Cadbury",
    "name": "Dairy Milk Top Deck Chocolate Block",
    "imageUrl": "https://shop.coles.com.au/wcsstore/Coles-CAS/images/2/3/5/2351607-th.jpg",
    "categories": ["pantry"],
    "tags": ["confectionery", "chocolate-blocks"],
    "locations": {
      "vic": {
        "price": 5,
        "promoText": "Any 2 $7",
        "packageSize": "180g",
        "packagePrice": "$2.78 per 100G"
      }
    }
  },
  {
    "id": "cadbury-family-block-chocolate-crunchie",
    "brand": "Cadbury",
    "name": "Dairy Milk Crunchie Chocolate Block",
    "imageUrl": "https://shop.coles.com.au/wcsstore/Coles-CAS/images/2/3/5/2351710-th.jpg",
    "categories": ["pantry"],
    "tags": ["confectionery", "chocolate-blocks"],
    "locations": {
      "vic": {
        "price": 5,
        "promoText": "Any 2 $7",
        "packageSize": "180g",
        "packagePrice": "$2.78 per 100G"
      }
    }
  },
  {
    "id": "cadbury-family-block-chocolate-fruit-nut",
    "brand": "Cadbury",
    "name": "Dairy Milk Fruit and Nut Chocolate Block",
    "imageUrl": "https://shop.coles.com.au/wcsstore/Coles-CAS/images/2/3/5/2351651-th.jpg",
    "categories": ["pantry"],
    "tags": ["confectionery", "chocolate-blocks"],
    "locations": {
      "vic": {
        "price": 5,
        "promoText": "Any 2 $7",
        "packageSize": "180g",
        "packagePrice": "$2.78 per 100G"
      }
    }
  },
  {
    "id": "lindt-excellence-chocolate-mint-intense",
    "brand": "Lindt",
    "name": "Excellence Mint Intense Chocolate Block",
    "imageUrl": "https://shop.coles.com.au/wcsstore/Coles-CAS/images/5/4/6/5460267-th.jpg",
    "categories": ["pantry"],
    "tags": ["confectionery", "chocolate-blocks"],
    "locations": {
      "vic": {
        "price": 4.5,
        "promoText": "Any 2 $7",
        "packageSize": "100g",
        "packagePrice": "$4.50 per 100G"
      }
    }
  },
  {
    "id": "lindt-excellence--chocolate-roasted-almond",
    "brand": "Lindt",
    "name": "Excellence Roasted Almond Dark Chocolate Block",
    "imageUrl": "https://shop.coles.com.au/wcsstore/Coles-CAS/images/6/9/2/6922073-th.jpg",
    "categories": ["pantry"],
    "tags": ["confectionery", "chocolate-blocks"],
    "locations": {
      "vic": {
        "price": 4.5,
        "promoText": "Any 2 $7",
        "packageSize": "100g",
        "packagePrice": "$4.50 per 100G"
      }
    }
  },
  {
    "id": "lindt-excellence-dark-hazelnut-chocolate-block",
    "brand": "Lindt",
    "name": "Excellence Dark Hazelnut Chocolate Block",
    "imageUrl": "https://shop.coles.com.au/wcsstore/Coles-CAS/images/2/6/5/2652160-th.jpg",
    "categories": ["pantry"],
    "tags": ["confectionery", "chocolate-blocks"],
    "locations": {
      "vic": {
        "price": 4.5,
        "promoText": "Any 2 $7",
        "packageSize": "100g",
        "packagePrice": "$4.50 per 100G"
      }
    }
  },
  {
    "id": "cadbury-family-block-chocolate-snack",
    "brand": "Cadbury",
    "name": "Dairy Milk Snack Chocolate Block",
    "imageUrl": "https://shop.coles.com.au/wcsstore/Coles-CAS/images/2/3/5/2351618-th.jpg",
    "categories": ["pantry"],
    "tags": ["confectionery", "chocolate-blocks"],
    "locations": {
      "vic": {
        "price": 5,
        "promoText": "Any 2 $7",
        "packageSize": "180g",
        "packagePrice": "$2.78 per 100G"
      }
    }
  },
  {
    "id": "lindt-90%25-cocoa-excellence-supreme-dark-chocolate",
    "brand": "Lindt",
    "name": "90% Cocoa Excellence Supreme Dark Chocolate",
    "imageUrl": "https://shop.coles.com.au/wcsstore/Coles-CAS/images/1/7/3/1735589-th.jpg",
    "categories": ["pantry"],
    "tags": ["confectionery", "chocolate-blocks"],
    "locations": {
      "vic": {
        "price": 4.5,
        "promoText": "Any 2 $7",
        "packageSize": "100g",
        "packagePrice": "$4.50 per 100G"
      }
    }
  },
  {
    "id": "green-blacks-velvet-block-dark",
    "brand": "Green & Black's",
    "name": "Cocoa Smooth Dark Chocolate",
    "imageUrl": "https://shop.coles.com.au/wcsstore/Coles-CAS/images/3/4/6/3466207-th.jpg",
    "categories": ["pantry"],
    "tags": ["confectionery", "chocolate-blocks"],
    "locations": {
      "vic": {
        "price": 2.12,
        "promoText": "$2.13 ",
        "packageSize": "90g",
        "packagePrice": "$2.36 per 100G"
      }
    }
  },
  {
    "id": "lindt-excellence-chocolate-orange",
    "brand": "Lindt",
    "name": "Excellence Orange Dark Chocolate Block",
    "imageUrl": "https://shop.coles.com.au/wcsstore/Coles-CAS/images/4/1/9/4194827-th.jpg",
    "categories": ["pantry"],
    "tags": ["confectionery", "chocolate-blocks"],
    "locations": {
      "vic": {
        "price": 4.5,
        "promoText": "Any 2 $7",
        "packageSize": "100g",
        "packagePrice": "$4.50 per 100G"
      }
    }
  },
  {
    "id": "cadbury-bubbly-mint-block",
    "brand": "Cadbury",
    "name": "Dairy Milk Bubbly Mint Block",
    "imageUrl": "https://shop.coles.com.au/wcsstore/Coles-CAS/images/9/9/0/9901058-th.jpg",
    "categories": ["pantry"],
    "tags": ["confectionery", "chocolate-blocks"],
    "locations": {
      "vic": {
        "price": 5,
        "promoText": "Any 2 $7",
        "packageSize": "160g",
        "packagePrice": "$3.13 per 100G"
      }
    }
  },
  {
    "id": "lindt-excellence-chocolate-raspberry-intense",
    "brand": "Lindt",
    "name": "Excellence Chocolate Raspberry Intense",
    "imageUrl": "https://shop.coles.com.au/wcsstore/Coles-CAS/images/2/2/2/2221383-th.jpg",
    "categories": ["pantry"],
    "tags": ["confectionery", "chocolate-blocks"],
    "locations": {
      "vic": {
        "price": 4.5,
        "promoText": "Any 2 $7",
        "packageSize": "100g",
        "packagePrice": "$4.50 per 100G"
      }
    }
  },
  {
    "id": "lindt--excellence-chocolate-78-cocoa",
    "brand": "Lindt",
    "name": "Excellence 78% Cocoa Dark Chocolate Bar",
    "imageUrl": "https://shop.coles.com.au/wcsstore/Coles-CAS/images/2/8/7/2876349-th.jpg",
    "categories": ["pantry"],
    "tags": ["confectionery", "chocolate-blocks"],
    "locations": {
      "vic": {
        "price": 4.5,
        "promoText": "Any 2 $7",
        "packageSize": "100g",
        "packagePrice": "$4.50 per 100G"
      }
    }
  },
  {
    "id": "cadbury-old-gold-roast-almond-chocolate-block",
    "brand": "Cadbury",
    "name": "Old Gold Roast Almond Dark Chocolate Block",
    "imageUrl": "https://shop.coles.com.au/wcsstore/Coles-CAS/images/2/3/5/2350535-th.jpg",
    "categories": ["pantry"],
    "tags": ["confectionery", "chocolate-blocks"],
    "locations": {
      "vic": {
        "price": 3.5,
        "promoText": "$1.50 ",
        "packageSize": "180g",
        "packagePrice": "$1.94 per 100G"
      }
    }
  },
  {
    "id": "lindt-excellence--chocolate-dark-extra-fine-70%25-cocoa",
    "brand": "Lindt",
    "name": "Excellence Extra Fine 70% Cocoa Dark Chocolate Block",
    "imageUrl": "https://shop.coles.com.au/wcsstore/Coles-CAS/images/7/1/5/7152550-th.jpg",
    "categories": ["pantry"],
    "tags": ["confectionery", "chocolate-blocks"],
    "locations": {
      "vic": {
        "price": 4.5,
        "promoText": "Any 2 $7",
        "packageSize": "100g",
        "packagePrice": "$4.50 per 100G"
      }
    }
  },
  {
    "id": "cadbury-family-block-chocolate-dream",
    "brand": "Cadbury",
    "name": "Dream White Chocolate Block",
    "imageUrl": "https://shop.coles.com.au/wcsstore/Coles-CAS/images/2/3/5/2351684-th.jpg",
    "categories": ["pantry"],
    "tags": ["confectionery", "chocolate-blocks"],
    "locations": {
      "vic": {
        "price": 5,
        "promoText": "Any 2 $7",
        "packageSize": "180g",
        "packagePrice": "$2.78 per 100G"
      }
    }
  },
  {
    "id": "cadbury-old-gold-70%25-cocoa-chocolate-block",
    "brand": "Cadbury",
    "name": "Old Gold 70% Cocoa Dark Chocolate Block",
    "imageUrl": "https://shop.coles.com.au/wcsstore/Coles-CAS/images/2/3/5/2350579-th.jpg",
    "categories": ["pantry"],
    "tags": ["confectionery", "chocolate-blocks"],
    "locations": {
      "vic": {
        "price": 3.5,
        "promoText": "$1.50 ",
        "packageSize": "180g",
        "packagePrice": "$1.94 per 100G"
      }
    }
  },
  {
    "id": "lindt-sea-salt-caramel-excellence-dark-chocolate-block",
    "brand": "Lindt",
    "name": "Excellence Sea Salt Caramel Dark Chocolate Block",
    "imageUrl": "https://shop.coles.com.au/wcsstore/Coles-CAS/images/2/0/2/2024495-th.jpg",
    "categories": ["pantry"],
    "tags": ["confectionery", "chocolate-blocks"],
    "locations": {
      "vic": {
        "price": 4.5,
        "promoText": "Any 2 $7",
        "packageSize": "100g",
        "packagePrice": "$4.50 per 100G"
      }
    }
  },
  {
    "id": "cadbury-old-gold-block-cherry-ripe",
    "brand": "Cadbury",
    "name": "Old Gold Block Cherry Ripe",
    "imageUrl": "https://shop.coles.com.au/wcsstore/Coles-CAS/images/3/7/6/3761182-th.jpg",
    "categories": ["pantry"],
    "tags": ["confectionery", "chocolate-blocks"],
    "locations": {
      "vic": {
        "price": 3.5,
        "promoText": "$1.50 ",
        "packageSize": "180g",
        "packagePrice": "$1.94 per 100G"
      }
    }
  },
  {
    "id": "lindt-excellence-choc-honeycomb",
    "brand": "Lindt",
    "name": "Excellence Honeycomb Dark Chocolate Block",
    "imageUrl": "https://shop.coles.com.au/wcsstore/Coles-CAS/images/3/6/1/3614585-th.jpg",
    "categories": ["pantry"],
    "tags": ["confectionery", "chocolate-blocks"],
    "locations": {
      "vic": {
        "price": 4.5,
        "promoText": "Any 2 $7",
        "packageSize": "100g",
        "packagePrice": "$4.50 per 100G"
      }
    }
  },
  {
    "id": "cadbury-old-gold-jamaican-rum-raisin-chocolate-block",
    "brand": "Cadbury",
    "name": "Old Gold Jamaican Rum and Raisin Dark Chocolate Block",
    "imageUrl": "https://shop.coles.com.au/wcsstore/Coles-CAS/images/2/3/5/2350557-th.jpg",
    "categories": ["pantry"],
    "tags": ["confectionery", "chocolate-blocks"],
    "locations": {
      "vic": {
        "price": 3.5,
        "promoText": "$1.50 ",
        "packageSize": "180g",
        "packagePrice": "$1.94 per 100G"
      }
    }
  },
  {
    "id": "cadbury-family-block-chocolate-black-forest",
    "brand": "Cadbury",
    "name": "Dairy Milk Black Forest Chocolate Block",
    "imageUrl": "https://shop.coles.com.au/wcsstore/Coles-CAS/images/2/3/5/2351673-th.jpg",
    "categories": ["pantry"],
    "tags": ["confectionery", "chocolate-blocks"],
    "locations": {
      "vic": {
        "price": 5,
        "promoText": "Any 2 $7",
        "packageSize": "180g",
        "packagePrice": "$2.78 per 100G"
      }
    }
  },
  {
    "id": "cadbury-old-gold-block-caramel",
    "brand": "Cadbury",
    "name": "Old Gold Block Caramel Chocolate",
    "imageUrl": "https://shop.coles.com.au/wcsstore/Coles-CAS/images/3/7/6/3761193-th.jpg",
    "categories": ["pantry"],
    "tags": ["confectionery", "chocolate-blocks"],
    "locations": {
      "vic": {
        "price": 3.5,
        "promoText": "$1.50 ",
        "packageSize": "180g",
        "packagePrice": "$1.94 per 100G"
      }
    }
  },
  {
    "id": "green-blacks-block-choc-organic-milk",
    "brand": "Green & Blacks",
    "name": "Organic Milk Chocolate",
    "imageUrl": "https://shop.coles.com.au/wcsstore/Coles-CAS/images/3/5/0/3506786-th.jpg",
    "categories": ["pantry"],
    "tags": ["confectionery", "chocolate-blocks"],
    "locations": {
      "vic": {
        "price": 2.12,
        "promoText": "$2.13 ",
        "packageSize": "90g",
        "packagePrice": "$2.36 per 100G"
      }
    }
  },
  {
    "id": "lindt-excellence-chocolate-chilli",
    "brand": "Lindt",
    "name": "Excellence Chilli Chocolate Block",
    "imageUrl": "https://shop.coles.com.au/wcsstore/Coles-CAS/images/6/0/3/6032564-th.jpg",
    "categories": ["pantry"],
    "tags": ["confectionery", "chocolate-blocks"],
    "locations": {
      "vic": {
        "price": 4.5,
        "promoText": "Any 2 $7",
        "packageSize": "100g",
        "packagePrice": "$4.50 per 100G"
      }
    }
  },
  {
    "id": "lindt-chocolate-excellence-a-touch-of-sea-salt",
    "brand": "Lindt",
    "name": "Excellence Sea Salt  Dark Chocolate Block",
    "imageUrl": "https://shop.coles.com.au/wcsstore/Coles-CAS/images/7/5/8/7581841-th.jpg",
    "categories": ["pantry"],
    "tags": ["confectionery", "chocolate-blocks"],
    "locations": {
      "vic": {
        "price": 4.5,
        "promoText": "Any 2 $7",
        "packageSize": "100g",
        "packagePrice": "$4.50 per 100G"
      }
    }
  },
  {
    "id": "lindt-les-grandes-dark-choc-hazelnut",
    "brand": "Lindt",
    "name": "Les Grandes Dark Choc & Hazelnut",
    "imageUrl": "https://shop.coles.com.au/wcsstore/Coles-CAS/images/3/7/5/3759260-th.jpg",
    "categories": ["pantry"],
    "tags": ["confectionery", "chocolate-blocks"],
    "locations": {
      "vic": {
        "price": 4.8,
        "promoText": "$1.20 ",
        "packageSize": "150g",
        "packagePrice": "$3.20 per 100G"
      }
    }
  },
  {
    "id": "nestle-kit-kat-block-gold",
    "brand": "Nestle",
    "name": "KitKat Gold White Chocolate with Caramelised Break",
    "imageUrl": "https://shop.coles.com.au/wcsstore/Coles-CAS/images/3/2/9/3299976-th.jpg",
    "categories": ["pantry"],
    "tags": ["confectionery", "chocolate-blocks"],
    "locations": {
      "vic": {
        "price": 3,
        "promoText": "$1.50 ",
        "packageSize": "170g",
        "packagePrice": "$1.76 per 100G"
      }
    }
  },
  {
    "id": "cadbury-block-marvellous-creations-jelly-pop-candy",
    "brand": "Cadbury",
    "name": "Marvellous Creations Jelly Popping Candy Beanies Chocolate Block",
    "imageUrl": "https://shop.coles.com.au/wcsstore/Coles-CAS/images/2/8/9/2898997-th.jpg",
    "categories": ["pantry"],
    "tags": ["confectionery", "chocolate-blocks"],
    "locations": {
      "vic": {
        "price": 5,
        "promoText": "Any 2 $7",
        "packageSize": "190g",
        "packagePrice": "$2.63 per 100G"
      }
    }
  },
  {
    "id": "cadbury-family-block-indulge-with-mint-creme",
    "brand": "Cadbury",
    "name": "Dairy Milk Indulge With Crispy Mint Creme Family Block",
    "imageUrl": "https://shop.coles.com.au/wcsstore/Coles-CAS/images/3/4/7/3476619-th.jpg",
    "categories": ["pantry"],
    "tags": ["confectionery", "chocolate-blocks"],
    "locations": {
      "vic": {
        "price": 5,
        "promoText": "Any 2 $7",
        "packageSize": "175g",
        "packagePrice": "$2.86 per 100G"
      }
    }
  },
  {
    "id": "lindt-excellence--chocolate-milk-extra-creamy",
    "brand": "Lindt",
    "name": "Extra Creamy Excellence Milk Chocolate Block",
    "imageUrl": "https://shop.coles.com.au/wcsstore/Coles-CAS/images/7/1/5/7152448-th.jpg",
    "categories": ["pantry"],
    "tags": ["confectionery", "chocolate-blocks"],
    "locations": {
      "vic": {
        "price": 4.5,
        "promoText": "Any 2 $7",
        "packageSize": "100g",
        "packagePrice": "$4.50 per 100G"
      }
    }
  },
  {
    "id": "lindt-excellence-chocolate-dark-extra-fine-85%25-cocoa",
    "brand": "Lindt",
    "name": "Excellence 85% Cocoa Dark Chocolate Block",
    "imageUrl": "https://shop.coles.com.au/wcsstore/Coles-CAS/images/9/5/2/9524521-th.jpg",
    "categories": ["pantry"],
    "tags": ["confectionery", "chocolate-blocks"],
    "locations": {
      "vic": {
        "price": 4.5,
        "promoText": "Any 2 $7",
        "packageSize": "100g",
        "packagePrice": "$4.50 per 100G"
      }
    }
  },
  {
    "id": "cadbury-family-block-chocolate-peppermint",
    "brand": "Cadbury",
    "name": "Dairy Milk Peppermint Milk Chocolate Block",
    "imageUrl": "https://shop.coles.com.au/wcsstore/Coles-CAS/images/2/3/5/2351640-th.jpg",
    "categories": ["pantry"],
    "tags": ["confectionery", "chocolate-blocks"],
    "locations": {
      "vic": {
        "price": 5,
        "promoText": "Any 2 $7",
        "packageSize": "180g",
        "packagePrice": "$2.78 per 100G"
      }
    }
  },
  {
    "id": "cadbury-milk-chocolate-block-fruit-nut",
    "brand": "Cadbury",
    "name": "Dairy Milk Fruit and Nut Chocolate Large Block",
    "imageUrl": "https://shop.coles.com.au/wcsstore/Coles-CAS/images/7/7/7/7778610-th.jpg",
    "categories": ["pantry"],
    "tags": ["confectionery", "chocolate-blocks"],
    "locations": {
      "vic": {
        "price": 5,
        "promoText": "Was $6.30 on Jun 2017 ",
        "packageSize": "350g",
        "packagePrice": "$1.43 per 100G"
      }
    }
  },
  {
    "id": "cadbury-family-block-chocolate-caramello",
    "brand": "Cadbury",
    "name": "Dairy Milk Caramello Chocolate Block",
    "imageUrl": "https://shop.coles.com.au/wcsstore/Coles-CAS/images/2/3/5/2351662-th.jpg",
    "categories": ["pantry"],
    "tags": ["confectionery", "chocolate-blocks"],
    "locations": {
      "vic": {
        "price": 5,
        "promoText": "Any 2 $7",
        "packageSize": "180g",
        "packagePrice": "$2.78 per 100G"
      }
    }
  },
  {
    "id": "cadbury-old-gold-original-chocolate-block",
    "brand": "Cadbury",
    "name": "Old Gold Original Dark Chocolate Block",
    "imageUrl": "https://shop.coles.com.au/wcsstore/Coles-CAS/images/2/3/5/2350568-th.jpg",
    "categories": ["pantry"],
    "tags": ["confectionery", "chocolate-blocks"],
    "locations": {
      "vic": {
        "price": 3.5,
        "promoText": "$1.50 ",
        "packageSize": "180g",
        "packagePrice": "$1.94 per 100G"
      }
    }
  },
  {
    "id": "cadbury-tropical-pineapple-family-chocolate-block",
    "brand": "Cadbury",
    "name": "Dairy Milk Tropical Pineapple Chocolate Block",
    "imageUrl": "https://shop.coles.com.au/wcsstore/Coles-CAS/images/2/7/7/2770235-th.jpg",
    "categories": ["pantry"],
    "tags": ["confectionery", "chocolate-blocks"],
    "locations": {
      "vic": {
        "price": 5,
        "promoText": "Any 2 $7",
        "packageSize": "180g",
        "packagePrice": "$2.78 per 100G"
      }
    }
  },
  {
    "id": "lindt-excellence-coconut",
    "brand": "Lindt",
    "name": "Coconut Excellence Dark Chocolate Block",
    "imageUrl": "https://shop.coles.com.au/wcsstore/Coles-CAS/images/9/1/8/9183599-th.jpg",
    "categories": ["pantry"],
    "tags": ["confectionery", "chocolate-blocks"],
    "locations": {
      "vic": {
        "price": 4.5,
        "promoText": "Any 2 $7",
        "packageSize": "100g",
        "packagePrice": "$4.50 per 100G"
      }
    }
  },
  {
    "id": "lindt-excellence-70-dark-smooth-chocolate-block",
    "brand": "Lindt",
    "name": "Excellence 70% Dark Smooth Chocolate Block",
    "imageUrl": "https://shop.coles.com.au/wcsstore/Coles-CAS/images/2/6/5/2652159-th.jpg",
    "categories": ["pantry"],
    "tags": ["confectionery", "chocolate-blocks"],
    "locations": {
      "vic": {
        "price": 4.5,
        "promoText": "Any 2 $7",
        "packageSize": "100g",
        "packagePrice": "$4.50 per 100G"
      }
    }
  },
  {
    "id": "lindt-excellence-choc-milk-sea-salt-caramel",
    "brand": "Lindt",
    "name": "Excellence Milk Sea Salt Caramel Milk Chocolate Block",
    "imageUrl": "https://shop.coles.com.au/wcsstore/Coles-CAS/images/2/8/7/2876327-th.jpg",
    "categories": ["pantry"],
    "tags": ["confectionery", "chocolate-blocks"],
    "locations": {
      "vic": {
        "price": 4.5,
        "promoText": "Any 2 $7",
        "packageSize": "100g",
        "packagePrice": "$4.50 per 100G"
      }
    }
  },
  {
    "id": "nestle-kit-kat-dark-origins-chocolate-block",
    "brand": "Nestle",
    "name": "KitKat Dark Chocolate Block",
    "imageUrl": "https://shop.coles.com.au/wcsstore/Coles-CAS/images/2/7/9/2799259-th.jpg",
    "categories": ["pantry"],
    "tags": ["confectionery", "chocolate-blocks"],
    "locations": {
      "vic": {
        "price": 3,
        "promoText": "$1.50 ",
        "packageSize": "170g",
        "packagePrice": "$1.76 per 100G"
      }
    }
  },
  {
    "id": "cadbury-block-milk-bubbly",
    "brand": "Cadbury",
    "name": "Dairy Milk Bubbly Milk Chocolate Block",
    "imageUrl": "https://shop.coles.com.au/wcsstore/Coles-CAS/images/9/8/9/9899331-th.jpg",
    "categories": ["pantry"],
    "tags": ["confectionery", "chocolate-blocks"],
    "locations": {
      "vic": {
        "price": 5,
        "promoText": "Any 2 $7",
        "packageSize": "160g",
        "packagePrice": "$3.13 per 100G"
      }
    }
  },
  {
    "id": "cadbury-family-block-chocolate-roast-almond",
    "brand": "Cadbury",
    "name": "Dairy Milk Roast Almond Chocolate Block",
    "imageUrl": "https://shop.coles.com.au/wcsstore/ColesResponsiveStorefrontAssetStore/dist/ccfc54aed6e361b650bcf0582f7b576b/img/img_product-placeholder.png",
    "categories": ["pantry"],
    "tags": ["confectionery", "chocolate-blocks"],
    "locations": {
      "vic": {
        "price": 5,
        "promoText": "Any 2 $7",
        "packageSize": "180g",
        "packagePrice": "$2.78 per 100G"
      }
    }
  },
  {
    "id": "cadbury-family-block-chocolate-rocky-road",
    "brand": "Cadbury",
    "name": "Dairy Milk Rocky Road Chocolate Block",
    "imageUrl": "https://shop.coles.com.au/wcsstore/Coles-CAS/images/2/3/5/2351629-th.jpg",
    "categories": ["pantry"],
    "tags": ["confectionery", "chocolate-blocks"],
    "locations": {
      "vic": {
        "price": 5,
        "promoText": "Any 2 $7",
        "packageSize": "180g",
        "packagePrice": "$2.78 per 100G"
      }
    }
  },
  {
    "id": "cadbury-family-block-indulge-w-hazelnut-crunch",
    "brand": "Cadbury",
    "name": "Dairy Milk Indulge With Creamy Hazelnut Crunch Family Block",
    "imageUrl": "https://shop.coles.com.au/wcsstore/Coles-CAS/images/3/4/7/3476630-th.jpg",
    "categories": ["pantry"],
    "tags": ["confectionery", "chocolate-blocks"],
    "locations": {
      "vic": {
        "price": 5,
        "promoText": "Any 2 $7",
        "packageSize": "170g",
        "packagePrice": "$2.94 per 100G"
      }
    }
  },
  {
    "id": "green-blacks-velvet-block-salted-caramel",
    "brand": "Green & Black's",
    "name": "Salted Caramel Smooth Dark Chocolate",
    "imageUrl": "https://shop.coles.com.au/wcsstore/Coles-CAS/images/3/4/6/3466193-th.jpg",
    "categories": ["pantry"],
    "tags": ["confectionery", "chocolate-blocks"],
    "locations": {
      "vic": {
        "price": 2.12,
        "promoText": "$2.13 ",
        "packageSize": "90g",
        "packagePrice": "$2.36 per 100G"
      }
    }
  },
  {
    "id": "green-blacks-velvet-block-mint",
    "brand": "Green & Black's",
    "name": "Mint Smooth Dark Chocolate",
    "imageUrl": "https://shop.coles.com.au/wcsstore/Coles-CAS/images/3/4/6/3466182-th.jpg",
    "categories": ["pantry"],
    "tags": ["confectionery", "chocolate-blocks"],
    "locations": {
      "vic": {
        "price": 2.12,
        "promoText": "$2.13 ",
        "packageSize": "90g",
        "packagePrice": "$2.36 per 100G"
      }
    }
  },
  {
    "id": "lindt-lindor--chocolate-milk",
    "brand": "Lindt",
    "name": "Lindor Milk Chocolate Block",
    "imageUrl": "https://shop.coles.com.au/wcsstore/Coles-CAS/images/5/3/7/5379952-th.jpg",
    "categories": ["pantry"],
    "tags": ["confectionery", "chocolate-blocks"],
    "locations": {
      "vic": {
        "price": 4.5,
        "promoText": "Any 2 $7",
        "packageSize": "100g",
        "packagePrice": "$4.50 per 100G"
      }
    }
  },
  {
    "id": "nestle-chocolate-aero-peppermint-block",
    "brand": "Nestle",
    "name": "Aero Peppermint Chocolate Block",
    "imageUrl": "https://shop.coles.com.au/wcsstore/Coles-CAS/images/7/1/5/7157168-th.jpg",
    "categories": ["pantry"],
    "tags": ["confectionery", "chocolate-blocks"],
    "locations": {
      "vic": {
        "price": 3,
        "promoText": "$1.50 ",
        "packageSize": "118g",
        "packagePrice": "$2.54 per 100G"
      }
    }
  },
  {
    "id": "cadbury-marv-creations-spiders-block-lemonade",
    "brand": "Cadbury",
    "name": "Dairy Milk Boost",
    "imageUrl": "https://shop.coles.com.au/wcsstore/Coles-CAS/images/2/8/9/2898793-th.jpg",
    "categories": ["pantry"],
    "tags": ["confectionery", "chocolate-blocks"],
    "locations": {
      "vic": {
        "price": 5,
        "promoText": "Any 2 $7",
        "packageSize": "162g",
        "packagePrice": "$3.09 per 100G"
      }
    }
  },
  {
    "id": "green-blacks-block-choc-organic-dark-70",
    "brand": "Green & Black's",
    "name": "Organic Dark Chocolate Block",
    "imageUrl": "https://shop.coles.com.au/wcsstore/Coles-CAS/images/3/5/0/3506775-th.jpg",
    "categories": ["pantry"],
    "tags": ["confectionery", "chocolate-blocks"],
    "locations": {
      "vic": {
        "price": 2.12,
        "promoText": "$2.13 ",
        "packageSize": "90g",
        "packagePrice": "$2.36 per 100G"
      }
    }
  },
  {
    "id": "green-blacks-block-choc-organic-dark-85",
    "brand": "Green & Blacks",
    "name": "Organic Dark Chocolate",
    "imageUrl": "https://shop.coles.com.au/wcsstore/Coles-CAS/images/3/5/0/3506764-th.jpg",
    "categories": ["pantry"],
    "tags": ["confectionery", "chocolate-blocks"],
    "locations": {
      "vic": {
        "price": 2.12,
        "promoText": "$2.13 ",
        "packageSize": "90g",
        "packagePrice": "$2.36 per 100G"
      }
    }
  },
  {
    "id": "lindt-excellence-choc-dark-95-cocoa",
    "brand": "Lindt",
    "name": "Excellence 95% Cocoa Ultimate Dark Chocolate Block",
    "imageUrl": "https://shop.coles.com.au/wcsstore/Coles-CAS/images/3/5/0/3501374-th.jpg",
    "categories": ["pantry"],
    "tags": ["confectionery", "chocolate-blocks"],
    "locations": {
      "vic": {
        "price": 4.5,
        "promoText": "Any 2 $7",
        "packageSize": "80g",
        "packagePrice": "$5.63 per 100G"
      }
    }
  },
  {
    "id": "nestle-crunch-chocolate-block",
    "brand": "Nestle",
    "name": "Crunch Chocolate Block",
    "imageUrl": "https://shop.coles.com.au/wcsstore/Coles-CAS/images/2/2/1/221815-th.jpg",
    "categories": ["pantry"],
    "tags": ["confectionery", "chocolate-blocks"],
    "locations": {
      "vic": {
        "price": 3,
        "promoText": "$1.50 ",
        "packageSize": "200g",
        "packagePrice": "$1.50 per 100G"
      }
    }
  },
  {
    "id": "cadbury-old-gold-peppermint-chocolate-block-2350546p",
    "brand": "Cadbury",
    "name": "Old Gold Peppermint Dark Chocolate Block",
    "imageUrl": "https://shop.coles.com.au/wcsstore/Coles-CAS/images/2/3/5/2350546-th.jpg",
    "categories": ["pantry"],
    "tags": ["confectionery", "chocolate-blocks"],
    "locations": {
      "vic": {
        "price": 3.5,
        "promoText": "$1.50 ",
        "packageSize": "180g",
        "packagePrice": "$1.94 per 100G"
      }
    }
  },
  {
    "id": "nestle-chocolate-milk-cookies",
    "brand": "Nestle",
    "name": "Milkybar with Baked Cookies Chocolate Block",
    "imageUrl": "https://shop.coles.com.au/wcsstore/Coles-CAS/images/8/1/8/8189705-th.jpg",
    "categories": ["pantry"],
    "tags": ["confectionery", "chocolate-blocks"],
    "locations": {
      "vic": {
        "price": 3,
        "promoText": "$1.50 ",
        "packageSize": "180g",
        "packagePrice": "$1.67 per 100G"
      }
    }
  },
  {
    "id": "toblerone-milk-chocolate",
    "brand": "Toblerone",
    "name": "Milk Chocolate Gift Bar",
    "imageUrl": "https://shop.coles.com.au/wcsstore/Coles-CAS/images/9/5/9/95914-th.jpg",
    "categories": ["pantry"],
    "tags": ["confectionery", "chocolate-blocks"],
    "locations": {
      "vic": {
        "price": 3.5,
        "promoText": "$1.50 ",
        "packageSize": "200g",
        "packagePrice": "$1.75 per 100G"
      }
    }
  },
  {
    "id": "cadbury-family-block-chocolate-turkish-delight",
    "brand": "Cadbury",
    "name": "Dairy Milk Turkish Delight Chocolate Block",
    "imageUrl": "https://shop.coles.com.au/wcsstore/Coles-CAS/images/2/3/5/2351593-th.jpg",
    "categories": ["pantry"],
    "tags": ["confectionery", "chocolate-blocks"],
    "locations": {
      "vic": {
        "price": 5,
        "promoText": "Any 2 $7",
        "packageSize": "180g",
        "packagePrice": "$2.78 per 100G"
      }
    }
  },
  {
    "id": "cadbury-block-marvellous-creations-jelly-crunchie",
    "brand": "Cadbury",
    "name": "Dairy Milk Picnic Chocolate Block",
    "imageUrl": "https://shop.coles.com.au/wcsstore/Coles-CAS/images/2/8/9/2898975-th.jpg",
    "categories": ["pantry"],
    "tags": ["confectionery", "chocolate-blocks"],
    "locations": {
      "vic": {
        "price": 5,
        "promoText": "Any 2 $7",
        "packageSize": "170g",
        "packagePrice": "$2.94 per 100G"
      }
    }
  },
  {
    "id": "green-blacks-velvet-block-orange-almond",
    "brand": "Green & Black's",
    "name": "Orange & Almond Smooth Dark Chocolate",
    "imageUrl": "https://shop.coles.com.au/wcsstore/Coles-CAS/images/3/4/6/3466477-th.jpg",
    "categories": ["pantry"],
    "tags": ["confectionery", "chocolate-blocks"],
    "locations": {
      "vic": {
        "price": 2.12,
        "promoText": "$2.13 ",
        "packageSize": "90g",
        "packagePrice": "$2.36 per 100G"
      }
    }
  },
  {
    "id": "lindt-les-grandes-block-milk-choc-hazelnut",
    "brand": "Lindt",
    "name": "Les Grandes Block Milk Choc & Hazelnut",
    "imageUrl": "https://shop.coles.com.au/wcsstore/Coles-CAS/images/3/7/5/3759238-th.jpg",
    "categories": ["pantry"],
    "tags": ["confectionery", "chocolate-blocks"],
    "locations": {
      "vic": {
        "price": 4.8,
        "promoText": "$1.20 ",
        "packageSize": "150g",
        "packagePrice": "$3.20 per 100G"
      }
    }
  },
  {
    "id": "allens-block-chocolate-freckles",
    "brand": "Allen's",
    "name": "Freckles Milk Chocolate",
    "imageUrl": "https://shop.coles.com.au/wcsstore/Coles-CAS/images/3/3/0/3300077-th.jpg",
    "categories": ["pantry"],
    "tags": ["confectionery", "chocolate-blocks"],
    "locations": {
      "vic": {
        "price": 3,
        "promoText": "$1.50 ",
        "packageSize": "170g",
        "packagePrice": "$1.76 per 100G"
      }
    }
  },
  {
    "id": "cadbury-oreo-vanilla-family-chocolate-block",
    "brand": "Cadbury",
    "name": "Family Block Chocolate Oreo Vanilla",
    "imageUrl": "https://shop.coles.com.au/wcsstore/Coles-CAS/images/2/6/5/2655907-th.jpg",
    "categories": ["pantry"],
    "tags": ["confectionery", "chocolate-blocks"],
    "locations": {
      "vic": {
        "price": 5,
        "promoText": "Any 2 $7",
        "packageSize": "162g",
        "packagePrice": "$3.09 per 100G"
      }
    }
  },
  {
    "id": "cadbury-old-gold-jamaican-rum-raisin",
    "brand": "Cadbury",
    "name": "Old Gold Jamaican Rum & Raisin",
    "imageUrl": "https://shop.coles.com.au/wcsstore/Coles-CAS/images/3/7/6/3763585-th.jpg",
    "categories": ["pantry"],
    "tags": ["confectionery", "chocolate-blocks"],
    "locations": {
      "vic": {
        "price": 5,
        "promoText": " ",
        "packageSize": "300 GRAM",
        "packagePrice": ""
      }
    }
  },
  {
    "id": "cadbury-block-marvellous-creations-birthday-cake",
    "brand": "Cadbury",
    "name": "Marvellous Creations Birthday Cake Block",
    "imageUrl": "https://shop.coles.com.au/wcsstore/Coles-CAS/images/3/8/1/3816025-th.jpg",
    "categories": ["pantry"],
    "tags": ["confectionery", "chocolate-blocks"],
    "locations": {
      "vic": {
        "price": 5,
        "promoText": " ",
        "packageSize": "190g",
        "packagePrice": "$2.63 per 100G"
      }
    }
  },
  {
    "id": "belgian-chocolate-block-dark",
    "brand": "Coles",
    "name": "Belgian Dark Chocolate Block",
    "imageUrl": "https://shop.coles.com.au/wcsstore/Coles-CAS/images/3/4/4/3446753-th.jpg",
    "categories": ["pantry"],
    "tags": ["confectionery", "chocolate-blocks"],
    "locations": {
      "vic": {
        "price": 2.3,
        "promoText": " ",
        "packageSize": "200g",
        "packagePrice": "$1.15 per 100G"
      }
    }
  },
  {
    "id": "darrell-lea-dark-choc-liquorice-block",
    "brand": "Darrell Lea",
    "name": "Dark Chocolate Liquorice Block",
    "imageUrl": "https://shop.coles.com.au/wcsstore/Coles-CAS/images/3/7/5/3759690-th.jpg",
    "categories": ["pantry"],
    "tags": ["confectionery", "chocolate-blocks"],
    "locations": {
      "vic": {
        "price": 3,
        "promoText": "$2.00 ",
        "packageSize": "180g",
        "packagePrice": "$1.67 per 100G"
      }
    }
  },
  {
    "id": "lindt-lindor--chocolate-dark-60%25-cocoa",
    "brand": "Lindt",
    "name": "Lindor 60% Cocoa Chocolate Block",
    "imageUrl": "https://shop.coles.com.au/wcsstore/Coles-CAS/images/5/2/2/5228390-th.jpg",
    "categories": ["pantry"],
    "tags": ["confectionery", "chocolate-blocks"],
    "locations": {
      "vic": {
        "price": 4.5,
        "promoText": "Any 2 $7",
        "packageSize": "100g",
        "packagePrice": "$4.50 per 100G"
      }
    }
  },
  {
    "id": "lindt-lindor-chocolate-white-single-block",
    "brand": "Lindt",
    "name": "Lindo White Chocolate Block",
    "imageUrl": "https://shop.coles.com.au/wcsstore/Coles-CAS/images/5/6/0/5604130-th.jpg",
    "categories": ["pantry"],
    "tags": ["confectionery", "chocolate-blocks"],
    "locations": {
      "vic": {
        "price": 4.5,
        "promoText": "Any 2 $7",
        "packageSize": "100g",
        "packagePrice": "$4.50 per 100G"
      }
    }
  },
  {
    "id": "nestle-block-chocolate-milky-bar-whirly",
    "brand": "Nestle",
    "name": "Milky Bar Whirl Chocolate Block",
    "imageUrl": "https://shop.coles.com.au/wcsstore/Coles-CAS/images/3/7/6/3761207-th.jpg",
    "categories": ["pantry"],
    "tags": ["confectionery", "chocolate-blocks"],
    "locations": {
      "vic": {
        "price": 3,
        "promoText": "$1.50 ",
        "packageSize": "170g",
        "packagePrice": "$1.76 per 100G"
      }
    }
  },
  {
    "id": "cadbury-milk-chocolate-block-crunchie",
    "brand": "Cadbury",
    "name": "Dairy Milk Crunchie Chocolate Large Block",
    "imageUrl": "https://shop.coles.com.au/wcsstore/Coles-CAS/images/7/7/7/7778595-th.jpg",
    "categories": ["pantry"],
    "tags": ["confectionery", "chocolate-blocks"],
    "locations": {
      "vic": {
        "price": 5,
        "promoText": "Was $6.30 on Jul 2017 ",
        "packageSize": "350g",
        "packagePrice": "$1.43 per 100G"
      }
    }
  },
  {
    "id": "cadbury-large-block-choc-cookie-nut-toffee",
    "brand": "Cadbury",
    "name": "Dairy Milk Cookie Nut Toffee Large Block",
    "imageUrl": "https://shop.coles.com.au/wcsstore/Coles-CAS/images/3/2/7/3272095-th.jpg",
    "categories": ["pantry"],
    "tags": ["confectionery", "chocolate-blocks"],
    "locations": {
      "vic": {
        "price": 5,
        "promoText": "Was $6.30 on Jun 2017 ",
        "packageSize": "350g",
        "packagePrice": "$1.43 per 100G"
      }
    }
  },
  {
    "id": "cadbury-dairy-milk-coconut-rough-large-block-chocolate",
    "brand": "Cadbury",
    "name": "Dairy Milk Chocolate Coconut Rough Large Block",
    "imageUrl": "https://shop.coles.com.au/wcsstore/Coles-CAS/images/3/5/0/3501385-th.jpg",
    "categories": ["pantry"],
    "tags": ["confectionery", "chocolate-blocks"],
    "locations": {
      "vic": {
        "price": 5,
        "promoText": "Was $6.30 on Jun 2017 ",
        "packageSize": "315g",
        "packagePrice": "$1.59 per 100G"
      }
    }
  },
  {
    "id": "coles-70-dark-chocolate-block",
    "brand": "Coles",
    "name": "Belgian Dark Chocolate Blocks",
    "imageUrl": "https://shop.coles.com.au/wcsstore/Coles-CAS/images/2/6/1/2618004-th.jpg",
    "categories": ["pantry"],
    "tags": ["confectionery", "chocolate-blocks"],
    "locations": {
      "vic": {
        "price": 2.5,
        "promoText": " ",
        "packageSize": "100g",
        "packagePrice": "$2.50 per 100G"
      }
    }
  },
  {
    "id": "darrell-lea-milk-block-raspberry-rocklea-road",
    "brand": "Darrell Lea",
    "name": "Milk Chocolate Raspberry Rocklea Road Block",
    "imageUrl": "https://shop.coles.com.au/wcsstore/Coles-CAS/images/3/7/5/3759635-th.jpg",
    "categories": ["pantry"],
    "tags": ["confectionery", "chocolate-blocks"],
    "locations": {
      "vic": {
        "price": 3,
        "promoText": "$2.00 ",
        "packageSize": "180g",
        "packagePrice": "$1.67 per 100G"
      }
    }
  },
  {
    "id": "lindt-chocolate-block-excellence-white-extra-veloute",
    "brand": "Lindt",
    "name": "Excellence Extra Silky White Chocolate Block",
    "imageUrl": "https://shop.coles.com.au/wcsstore/Coles-CAS/images/1/2/7/1276186-th.jpg",
    "categories": ["pantry"],
    "tags": ["confectionery", "chocolate-blocks"],
    "locations": {
      "vic": {
        "price": 4.5,
        "promoText": "Any 2 $7",
        "packageSize": "100g",
        "packagePrice": "$4.50 per 100G"
      }
    }
  },
  {
    "id": "nestle-chocolate-smarties-block",
    "brand": "Nestle",
    "name": "Smarties Chocolate Block",
    "imageUrl": "https://shop.coles.com.au/wcsstore/Coles-CAS/images/6/0/4/6040755-th.jpg",
    "categories": ["pantry"],
    "tags": ["confectionery", "chocolate-blocks"],
    "locations": {
      "vic": {
        "price": 3,
        "promoText": "$1.50 ",
        "packageSize": "180g",
        "packagePrice": "$1.67 per 100G"
      }
    }
  },
  {
    "id": "nestle-block-chocolate-rolo",
    "brand": "Nestle",
    "name": "Rolo Chocolate Block",
    "imageUrl": "https://shop.coles.com.au/wcsstore/Coles-CAS/images/5/7/6/5763316-th.jpg",
    "categories": ["pantry"],
    "tags": ["confectionery", "chocolate-blocks"],
    "locations": {
      "vic": {
        "price": 3,
        "promoText": "$1.50 ",
        "packageSize": "200g",
        "packagePrice": "$1.50 per 100G"
      }
    }
  },
  {
    "id": "belgian-chocolate-block-milk",
    "brand": "Coles",
    "name": "Belgian Milk Chocolate Block",
    "imageUrl": "https://shop.coles.com.au/wcsstore/Coles-CAS/images/3/4/4/3446651-th.jpg",
    "categories": ["pantry"],
    "tags": ["confectionery", "chocolate-blocks"],
    "locations": {
      "vic": {
        "price": 2.3,
        "promoText": " ",
        "packageSize": "200g",
        "packagePrice": "$1.15 per 100G"
      }
    }
  },
  {
    "id": "lindt-les-grandes-block-milk-hazelnut-caramel",
    "brand": "Lindt",
    "name": "Les Grandes Block Milk Hazelnut & Caramel",
    "imageUrl": "https://shop.coles.com.au/wcsstore/Coles-CAS/images/3/7/5/3759249-th.jpg",
    "categories": ["pantry"],
    "tags": ["confectionery", "chocolate-blocks"],
    "locations": {
      "vic": {
        "price": 4.8,
        "promoText": "$1.20 ",
        "packageSize": "150g",
        "packagePrice": "$3.20 per 100G"
      }
    }
  },
  {
    "id": "lindt-excellence-70-block-raspberry-hazelnut",
    "brand": "Lindt",
    "name": "Excellence 70% Cocoa Block Plus Raspberry & Hazelnut",
    "imageUrl": "https://shop.coles.com.au/wcsstore/Coles-CAS/images/3/7/5/3759078-th.jpg",
    "categories": ["pantry"],
    "tags": ["confectionery", "chocolate-blocks"],
    "locations": {
      "vic": {
        "price": 4.8,
        "promoText": "$1.20 ",
        "packageSize": "100g",
        "packagePrice": "$4.80 per 100G"
      }
    }
  },
  {
    "id": "lindt-excellence-70-block-orange-almonds",
    "brand": "Lindt",
    "name": "Excellence 70% Cocoa Block Plus Orange & Almonds",
    "imageUrl": "https://shop.coles.com.au/wcsstore/Coles-CAS/images/3/7/5/3759067-th.jpg",
    "categories": ["pantry"],
    "tags": ["confectionery", "chocolate-blocks"],
    "locations": {
      "vic": {
        "price": 4.8,
        "promoText": "$1.20 ",
        "packageSize": "100g",
        "packagePrice": "$4.80 per 100G"
      }
    }
  },
  {
    "id": "cadbury-family-block-moro",
    "brand": "Cadbury",
    "name": "Moro Chocolate Family Block",
    "imageUrl": "https://shop.coles.com.au/wcsstore/Coles-CAS/images/3/3/5/3350552-th.jpg",
    "categories": ["pantry"],
    "tags": ["confectionery", "chocolate-blocks"],
    "locations": {
      "vic": {
        "price": 5,
        "promoText": " ",
        "packageSize": "175g",
        "packagePrice": "$2.86 per 100G"
      }
    }
  },
  {
    "id": "cadbury-family-block-coconut-rough-fruit-nut",
    "brand": "Cadbury",
    "name": "Dairy Milk Coconut Rough Fruit & Nut Family Chocolate Block",
    "imageUrl": "https://shop.coles.com.au/wcsstore/Coles-CAS/images/3/5/3/3539854-th.jpg",
    "categories": ["pantry"],
    "tags": ["confectionery", "chocolate-blocks"],
    "locations": {
      "vic": {
        "price": 0,
        "promoText": " ",
        "packageSize": "170g",
        "packagePrice": ""
      }
    }
  },
  {
    "id": "coles-85-dark-chocolate-block",
    "brand": "Coles",
    "name": "Belgian 85% Cocoa Dark Chocolate Blocks",
    "imageUrl": "https://shop.coles.com.au/wcsstore/Coles-CAS/images/2/6/1/2618037-th.jpg",
    "categories": ["pantry"],
    "tags": ["confectionery", "chocolate-blocks"],
    "locations": {
      "vic": {
        "price": 2.5,
        "promoText": " ",
        "packageSize": "100g",
        "packagePrice": "$2.50 per 100G"
      }
    }
  },
  {
    "id": "belgian-chocolate-block-white",
    "brand": "Coles",
    "name": "Belgian White Chocolate Block",
    "imageUrl": "https://shop.coles.com.au/wcsstore/Coles-CAS/images/3/4/4/3446742-th.jpg",
    "categories": ["pantry"],
    "tags": ["confectionery", "chocolate-blocks"],
    "locations": {
      "vic": {
        "price": 2.3,
        "promoText": " ",
        "packageSize": "200g",
        "packagePrice": "$1.15 per 100G"
      }
    }
  },
  {
    "id": "belgian-chocolate-block-milk-hazelnuts",
    "brand": "Coles",
    "name": "Belgian Milk & Hazelnuts Chocolate Block",
    "imageUrl": "https://shop.coles.com.au/wcsstore/Coles-CAS/images/3/4/4/3446775-th.jpg",
    "categories": ["pantry"],
    "tags": ["confectionery", "chocolate-blocks"],
    "locations": {
      "vic": {
        "price": 2.3,
        "promoText": " ",
        "packageSize": "200g",
        "packagePrice": "$1.15 per 100G"
      }
    }
  },
  {
    "id": "darrell-lea-milk-block-pb-j",
    "brand": "Darrell Lea",
    "name": "Milk Chocolate PB&J Block",
    "imageUrl": "https://shop.coles.com.au/wcsstore/Coles-CAS/images/3/7/5/3759680-th.jpg",
    "categories": ["pantry"],
    "tags": ["confectionery", "chocolate-blocks"],
    "locations": {
      "vic": {
        "price": 3,
        "promoText": "$2.00 ",
        "packageSize": "160g",
        "packagePrice": "$1.88 per 100G"
      }
    }
  },
  {
    "id": "darrell-lea-milk-block-liquorice",
    "brand": "Darrell Lea",
    "name": "Milk Chocolate Liquorice Block",
    "imageUrl": "https://shop.coles.com.au/wcsstore/Coles-CAS/images/3/7/5/3759613-th.jpg",
    "categories": ["pantry"],
    "tags": ["confectionery", "chocolate-blocks"],
    "locations": {
      "vic": {
        "price": 3,
        "promoText": "$2.00 ",
        "packageSize": "180g",
        "packagePrice": "$1.67 per 100G"
      }
    }
  },
  {
    "id": "darrell-lea-milk-block-caramel-craving",
    "brand": "Darrell Lea",
    "name": "Caramel Craving Milk Block",
    "imageUrl": "https://shop.coles.com.au/wcsstore/Coles-CAS/images/3/7/5/3759657-th.jpg",
    "categories": ["pantry"],
    "tags": ["confectionery", "chocolate-blocks"],
    "locations": {
      "vic": {
        "price": 3,
        "promoText": "$2.00 ",
        "packageSize": "180g",
        "packagePrice": "$1.67 per 100G"
      }
    }
  },
  {
    "id": "lindt-excellence-70-block-caramel-sea-salt",
    "brand": "Lindt",
    "name": "Excellence 70% Cocoa Block Plus Caramel & Sea Salt",
    "imageUrl": "https://shop.coles.com.au/wcsstore/Coles-CAS/images/3/7/5/3759056-th.jpg",
    "categories": ["pantry"],
    "tags": ["confectionery", "chocolate-blocks"],
    "locations": {
      "vic": {
        "price": 4.8,
        "promoText": "$1.20 ",
        "packageSize": "100g",
        "packagePrice": "$4.80 per 100G"
      }
    }
  },
  {
    "id": "mars-maltesers-block-milk-chocolate",
    "brand": "Maltesers",
    "name": "Teasers Milk Chocolate Bar",
    "imageUrl": "https://shop.coles.com.au/wcsstore/Coles-CAS/images/3/4/7/3475718-th.jpg",
    "categories": ["pantry"],
    "tags": ["confectionery", "chocolate-blocks"],
    "locations": {
      "vic": {
        "price": 3,
        "promoText": "$1.80 ",
        "packageSize": "146g",
        "packagePrice": "$20.55 per 1KG"
      }
    }
  },
  {
    "id": "mars-maltesers-block-mint",
    "brand": "Maltesers",
    "name": "Teasers Mint Chocolate Blocks",
    "imageUrl": "https://shop.coles.com.au/wcsstore/Coles-CAS/images/3/5/8/3588113-th.jpg",
    "categories": ["pantry"],
    "tags": ["confectionery", "chocolate-blocks"],
    "locations": {
      "vic": {
        "price": 3,
        "promoText": "$1.80 ",
        "packageSize": "146g",
        "packagePrice": "$2.05 per 100G"
      }
    }
  },
  {
    "id": "nestle-kit-kat-block-chocolate-mint-whirl",
    "brand": "Nestle",
    "name": "Kit Kat Mint Choc Whirl Chocolate Block",
    "imageUrl": "https://shop.coles.com.au/wcsstore/Coles-CAS/images/2/2/1/2216703-th.jpg",
    "categories": ["pantry"],
    "tags": ["confectionery", "chocolate-blocks"],
    "locations": {
      "vic": {
        "price": 0,
        "promoText": " ",
        "packageSize": "170g",
        "packagePrice": ""
      }
    }
  },
  {
    "id": "nestle-block-chocolate-gold-choc-whirl",
    "brand": "Nestle",
    "name": "Gold Choc Whirl Chocolate Block",
    "imageUrl": "https://shop.coles.com.au/wcsstore/Coles-CAS/images/3/5/8/3588044-th.jpg",
    "categories": ["pantry"],
    "tags": ["confectionery", "chocolate-blocks"],
    "locations": {
      "vic": {
        "price": 3,
        "promoText": "$1.50 ",
        "packageSize": "170g",
        "packagePrice": "$1.76 per 100G"
      }
    }
  },
  {
    "id": "cadbury-roses-boxed-chocolates",
    "brand": "Cadbury",
    "name": "Roses Chocolate Gift Box",
    "imageUrl": "https://shop.coles.com.au/wcsstore/Coles-CAS/images/9/1/8/9185801-th.jpg",
    "categories": ["pantry"],
    "tags": ["confectionery", "boxed-chocolate"],
    "locations": {
      "vic": {
        "price": 15.5,
        "promoText": " ",
        "packageSize": "450g",
        "packagePrice": "$3.44 per 100G"
      }
    }
  },
  {
    "id": "cadbury-favourites-3571992p",
    "brand": "Cadbury",
    "name": "Favourites",
    "imageUrl": "https://shop.coles.com.au/wcsstore/Coles-CAS/images/3/5/7/3571992-th.jpg",
    "categories": ["pantry"],
    "tags": ["confectionery", "boxed-chocolate"],
    "locations": {
      "vic": {
        "price": 14,
        "promoText": "2 for $18",
        "packageSize": "373g",
        "packagePrice": "$3.75 per 100G"
      }
    }
  },
  {
    "id": "lindt-lindor-assorted-cornet",
    "brand": "Lindt",
    "name": "Lindor Assorted Surtido Cornet",
    "imageUrl": "https://shop.coles.com.au/wcsstore/Coles-CAS/images/2/7/1/2715940-th.jpg",
    "categories": ["pantry"],
    "tags": ["confectionery", "boxed-chocolate"],
    "locations": {
      "vic": {
        "price": 20,
        "promoText": "Any 2 $20",
        "packageSize": "375g",
        "packagePrice": "$5.33 per 100G"
      }
    }
  },
  {
    "id": "lindt-lindor-limited-edition-cornet",
    "brand": "Lindt",
    "name": "Lindor Limited Edition Chocolate Balls Assorted",
    "imageUrl": "https://shop.coles.com.au/wcsstore/Coles-CAS/images/3/3/1/3314377-th.jpg",
    "categories": ["pantry"],
    "tags": ["confectionery", "boxed-chocolate"],
    "locations": {
      "vic": {
        "price": 20,
        "promoText": "Any 2 $20",
        "packageSize": "375g",
        "packagePrice": "$5.33 per 100G"
      }
    }
  },
  {
    "id": "lindt-fioretto-duo-share-bag",
    "brand": "Lindt",
    "name": "Lindor 70% Cocoa Dark Chocolate Balls",
    "imageUrl": "https://shop.coles.com.au/wcsstore/Coles-CAS/images/2/6/4/2649584-th.jpg",
    "categories": ["pantry"],
    "tags": ["confectionery", "boxed-chocolate"],
    "locations": {
      "vic": {
        "price": 8,
        "promoText": " ",
        "packageSize": "123g",
        "packagePrice": "$6.50 per 100G"
      }
    }
  },
  {
    "id": "cadbury-favourites-3571711p",
    "brand": "Cadbury",
    "name": "Favourites",
    "imageUrl": "https://shop.coles.com.au/wcsstore/Coles-CAS/images/3/5/7/3571711-th.jpg",
    "categories": ["pantry"],
    "tags": ["confectionery", "boxed-chocolate"],
    "locations": {
      "vic": {
        "price": 20,
        "promoText": " ",
        "packageSize": "570g",
        "packagePrice": "$3.51 per 100G"
      }
    }
  },
  {
    "id": "lindt-lindor-milk-cornet",
    "brand": "Lindt",
    "name": "Lindor Milk Cornet",
    "imageUrl": "https://shop.coles.com.au/wcsstore/Coles-CAS/images/3/1/9/3191437-th.jpg",
    "categories": ["pantry"],
    "tags": ["confectionery", "boxed-chocolate"],
    "locations": {
      "vic": {
        "price": 20,
        "promoText": "Any 2 $20",
        "packageSize": "375g",
        "packagePrice": "$5.33 per 100G"
      }
    }
  },
  {
    "id": "terrys-chocolate-orange-milk",
    "brand": "Terrys",
    "name": "Milk Chocolate Orange Gift Box",
    "imageUrl": "https://shop.coles.com.au/wcsstore/Coles-CAS/images/5/0/3/5031920-th.jpg",
    "categories": ["pantry"],
    "tags": ["confectionery", "boxed-chocolate"],
    "locations": {
      "vic": {
        "price": 6,
        "promoText": " ",
        "packageSize": "157g",
        "packagePrice": "$3.82 per 100G"
      }
    }
  },
  {
    "id": "ferrero-rocher-chocolates-16-pieces",
    "brand": "Ferrero",
    "name": "Rocher Chocolate 16 pack",
    "imageUrl": "https://shop.coles.com.au/wcsstore/Coles-CAS/images/2/2/9/229828-th.jpg",
    "categories": ["pantry"],
    "tags": ["confectionery", "boxed-chocolate"],
    "locations": {
      "vic": {
        "price": 13.5,
        "promoText": " ",
        "packageSize": "200g",
        "packagePrice": "$6.75 per 100G"
      }
    }
  },
  {
    "id": "baci-bag-chocolate-hazelut",
    "brand": "Baci",
    "name": "Hazelnut Dark Chocolate Bag",
    "imageUrl": "https://shop.coles.com.au/wcsstore/Coles-CAS/images/3/6/2/3623484-th.jpg",
    "categories": ["pantry"],
    "tags": ["confectionery", "boxed-chocolate"],
    "locations": {
      "vic": {
        "price": 5.8,
        "promoText": "$1.20 ",
        "packageSize": "125g",
        "packagePrice": "$4.64 per 100G"
      }
    }
  },
  {
    "id": "darrell-lea-dark-chocolate-coated-ginger",
    "brand": "Darrell Lea",
    "name": "Dark Chocolate Coated Ginger",
    "imageUrl": "https://shop.coles.com.au/wcsstore/Coles-CAS/images/1/0/7/1074851-th.jpg",
    "categories": ["pantry"],
    "tags": ["confectionery", "boxed-chocolate"],
    "locations": {
      "vic": {
        "price": 8.5,
        "promoText": " ",
        "packageSize": "200g",
        "packagePrice": "$4.25 per 100G"
      }
    }
  },
  {
    "id": "lindt-lindor-bag-milk-chocolate-balls",
    "brand": "Lindt",
    "name": "Lindor Milk Chocolate Balls Gift Box",
    "imageUrl": "https://shop.coles.com.au/wcsstore/Coles-CAS/images/5/1/4/5147403-th.jpg",
    "categories": ["pantry"],
    "tags": ["confectionery", "boxed-chocolate"],
    "locations": {
      "vic": {
        "price": 8,
        "promoText": " ",
        "packageSize": "125g",
        "packagePrice": "$6.40 per 100G"
      }
    }
  },
  {
    "id": "lindt-lindor-bag-mint",
    "brand": "Lindt",
    "name": "Lindor Pistachio",
    "imageUrl": "https://shop.coles.com.au/wcsstore/Coles-CAS/images/1/6/1/1615260-th.jpg",
    "categories": ["pantry"],
    "tags": ["confectionery", "boxed-chocolate"],
    "locations": {
      "vic": {
        "price": 8,
        "promoText": " ",
        "packageSize": "123g",
        "packagePrice": "$6.50 per 100G"
      }
    }
  },
  {
    "id": "lindt-lindor-milk-mint-bag",
    "brand": "Lindt",
    "name": "Lindor Milk Mint Bag",
    "imageUrl": "https://shop.coles.com.au/wcsstore/Coles-CAS/images/3/5/7/3571518-th.jpg",
    "categories": ["pantry"],
    "tags": ["confectionery", "boxed-chocolate"],
    "locations": {
      "vic": {
        "price": 8,
        "promoText": " ",
        "packageSize": "123g",
        "packagePrice": "$6.50 per 100G"
      }
    }
  },
  {
    "id": "toblerone-chocolate-bar-milk-4660147p",
    "brand": "Toblerone",
    "name": "Milk Chocolate Gift Bar",
    "imageUrl": "https://shop.coles.com.au/wcsstore/Coles-CAS/images/4/6/6/4660147-th.jpg",
    "categories": ["pantry"],
    "tags": ["confectionery", "boxed-chocolate"],
    "locations": {
      "vic": {
        "price": 10,
        "promoText": " ",
        "packageSize": "360g",
        "packagePrice": "$2.78 per 100G"
      }
    }
  },
  {
    "id": "cadbury-twirl-bites",
    "brand": "Cadbury",
    "name": "Twirl Bites Chocolate Pieces",
    "imageUrl": "https://shop.coles.com.au/wcsstore/Coles-CAS/images/3/2/8/3287514-th.jpg",
    "categories": ["pantry"],
    "tags": ["confectionery", "boxed-chocolate"],
    "locations": {
      "vic": {
        "price": 12,
        "promoText": " ",
        "packageSize": "300g",
        "packagePrice": "$4.00 per 100G"
      }
    }
  },
  {
    "id": "cadbury-dairy-milk-gift-box",
    "brand": "Cadbury",
    "name": "Dairy Milk Chocolate Gift Box",
    "imageUrl": "https://shop.coles.com.au/wcsstore/Coles-CAS/images/3/3/0/3308997-th.jpg",
    "categories": ["pantry"],
    "tags": ["confectionery", "boxed-chocolate"],
    "locations": {
      "vic": {
        "price": 12,
        "promoText": " ",
        "packageSize": "220g",
        "packagePrice": "$5.45 per 100G"
      }
    }
  },
  {
    "id": "ferrero-rocher-chocolate-t5",
    "brand": "Ferrero",
    "name": "Rocher Chocolate 5 pack",
    "imageUrl": "https://shop.coles.com.au/wcsstore/Coles-CAS/images/3/1/9/31922-th.jpg",
    "categories": ["pantry"],
    "tags": ["confectionery", "boxed-chocolate"],
    "locations": {
      "vic": {
        "price": 4.2,
        "promoText": " ",
        "packageSize": "62.5g",
        "packagePrice": "$6.72 per 100G"
      }
    }
  },
  {
    "id": "guylian-belgian-chocolate-sea-shells-6-pack",
    "brand": "Guylian",
    "name": "Belgian Chocolate Sea Shells",
    "imageUrl": "https://shop.coles.com.au/wcsstore/Coles-CAS/images/5/1/3/5133544-th.jpg",
    "categories": ["pantry"],
    "tags": ["confectionery", "boxed-chocolate"],
    "locations": {
      "vic": {
        "price": 4.2,
        "promoText": " ",
        "packageSize": "6 pack",
        "packagePrice": "$6.46 per 100G"
      }
    }
  },
  {
    "id": "lindt-lindor-chocolate-balls-assorted-sharing-bag",
    "brand": "Lindt",
    "name": "Lindor Assorted Bag",
    "imageUrl": "https://shop.coles.com.au/wcsstore/Coles-CAS/images/5/1/4/5147414-th.jpg",
    "categories": ["pantry"],
    "tags": ["confectionery", "boxed-chocolate"],
    "locations": {
      "vic": {
        "price": 8,
        "promoText": " ",
        "packageSize": "125g",
        "packagePrice": "$6.40 per 100G"
      }
    }
  },
  {
    "id": "lindt-gourmet-truffle-gift-box",
    "brand": "Lindt",
    "name": "Gourmet Truffle Gift Box",
    "imageUrl": "https://shop.coles.com.au/wcsstore/Coles-CAS/images/8/9/6/8967593-th.jpg",
    "categories": ["pantry"],
    "tags": ["confectionery", "boxed-chocolate"],
    "locations": {
      "vic": {
        "price": 12,
        "promoText": "$6.50 ",
        "packageSize": "207g",
        "packagePrice": "$5.80 per 100G"
      }
    }
  },
  {
    "id": "lindt-lindor-chocolate-balls-assorted-gift-box",
    "brand": "Lindt",
    "name": "Lindor Assorted Chocolate Balls Gift Box",
    "imageUrl": "https://shop.coles.com.au/wcsstore/Coles-CAS/images/8/7/3/8731258-th.jpg",
    "categories": ["pantry"],
    "tags": ["confectionery", "boxed-chocolate"],
    "locations": {
      "vic": {
        "price": 10,
        "promoText": "$10.00 ",
        "packageSize": "235g",
        "packagePrice": "$4.26 per 100G"
      }
    }
  },
  {
    "id": "lindt-prestige-chocolate-selections",
    "brand": "Lindt",
    "name": "Prestige Selection Chocolate Box",
    "imageUrl": "https://shop.coles.com.au/wcsstore/Coles-CAS/images/1/5/4/1545710-th.jpg",
    "categories": ["pantry"],
    "tags": ["confectionery", "boxed-chocolate"],
    "locations": {
      "vic": {
        "price": 16.5,
        "promoText": " ",
        "packageSize": "150g",
        "packagePrice": "$11.00 per 100G"
      }
    }
  },
  {
    "id": "mars-maltesers-truffles",
    "brand": "Maltesers",
    "name": "Truffles",
    "imageUrl": "https://shop.coles.com.au/wcsstore/Coles-CAS/images/3/5/7/3571868-th.jpg",
    "categories": ["pantry"],
    "tags": ["confectionery", "boxed-chocolate"],
    "locations": {
      "vic": {
        "price": 7,
        "promoText": "$7.00 ",
        "packageSize": "196g",
        "packagePrice": "$3.57 per 100G"
      }
    }
  },
  {
    "id": "mars-celebrations-box-3609235p",
    "brand": "Mars",
    "name": "Celebrations Chocolate Gift Box",
    "imageUrl": "https://shop.coles.com.au/wcsstore/Coles-CAS/images/3/6/0/3609235-th.jpg",
    "categories": ["pantry"],
    "tags": ["confectionery", "boxed-chocolate"],
    "locations": {
      "vic": {
        "price": 12,
        "promoText": " ",
        "packageSize": "320g",
        "packagePrice": "$3.75 per 100G"
      }
    }
  },
  {
    "id": "cadbury-roses-tin-chocolates",
    "brand": "Cadbury",
    "name": "Roses Chocolates Tin",
    "imageUrl": "https://shop.coles.com.au/wcsstore/Coles-CAS/images/1/6/0/1607272-th.jpg",
    "categories": ["pantry"],
    "tags": ["confectionery", "boxed-chocolate"],
    "locations": {
      "vic": {
        "price": 27,
        "promoText": " ",
        "packageSize": "620g",
        "packagePrice": "$4.35 per 100G"
      }
    }
  },
  {
    "id": "cadbury--old-gold-scorched-fruit-nut",
    "brand": "Cadbury",
    "name": "Old Gold Dark Chocolate Coated Fruit & Nut",
    "imageUrl": "https://shop.coles.com.au/wcsstore/Coles-CAS/images/3/0/1/3018829-th.jpg",
    "categories": ["pantry"],
    "tags": ["confectionery", "boxed-chocolate"],
    "locations": {
      "vic": {
        "price": 0,
        "promoText": " ",
        "packageSize": "340g",
        "packagePrice": ""
      }
    }
  },
  {
    "id": "cadbury-roses-gift-pouch",
    "brand": "Cadbury",
    "name": "Milk & Dark Chocolates Roses Gift Pouch",
    "imageUrl": "https://shop.coles.com.au/wcsstore/Coles-CAS/images/3/2/8/3287547-th.jpg",
    "categories": ["pantry"],
    "tags": ["confectionery", "boxed-chocolate"],
    "locations": {
      "vic": {
        "price": 5,
        "promoText": "$1.50 ",
        "packageSize": "150g",
        "packagePrice": "$3.33 per 100G"
      }
    }
  },
  {
    "id": "cadbury-crunchie-bites-tub",
    "brand": "Cadbury",
    "name": "Crunchie Bites Tub",
    "imageUrl": "https://shop.coles.com.au/wcsstore/Coles-CAS/images/3/4/9/3497889-th.jpg",
    "categories": ["pantry"],
    "tags": ["confectionery", "boxed-chocolate"],
    "locations": {
      "vic": {
        "price": 12,
        "promoText": " ",
        "packageSize": "340g",
        "packagePrice": "$3.53 per 100G"
      }
    }
  },
  {
    "id": "cadbury-hazelnut-almond-gift-box",
    "brand": "Cadbury",
    "name": "Roasted Hazelnut & Almond Gift Box",
    "imageUrl": "https://shop.coles.com.au/wcsstore/Coles-CAS/images/3/5/1/3518741-th.jpg",
    "categories": ["pantry"],
    "tags": ["confectionery", "boxed-chocolate"],
    "locations": {
      "vic": {
        "price": 0,
        "promoText": " ",
        "packageSize": "450g",
        "packagePrice": ""
      }
    }
  },
  {
    "id": "cadbury-favourites-dark",
    "brand": "Cadbury",
    "name": "Favourites Dark",
    "imageUrl": "https://shop.coles.com.au/wcsstore/ColesResponsiveStorefrontAssetStore/dist/ccfc54aed6e361b650bcf0582f7b576b/img/img_product-placeholder.png",
    "categories": ["pantry"],
    "tags": ["confectionery", "boxed-chocolate"],
    "locations": {
      "vic": {
        "price": 14,
        "promoText": " ",
        "packageSize": "353g",
        "packagePrice": "$3.97 per 100G"
      }
    }
  },
  {
    "id": "cadbury-favourites-game-tin",
    "brand": "Cadbury",
    "name": "Favourites Game Tin",
    "imageUrl": "https://shop.coles.com.au/wcsstore/ColesResponsiveStorefrontAssetStore/dist/ccfc54aed6e361b650bcf0582f7b576b/img/img_product-placeholder.png",
    "categories": ["pantry"],
    "tags": ["confectionery", "boxed-chocolate"],
    "locations": {
      "vic": {
        "price": 30,
        "promoText": " ",
        "packageSize": "700g",
        "packagePrice": "$4.29 per 100G"
      }
    }
  },
  {
    "id": "ferrero-rocher-chocolate-t30",
    "brand": "Ferrero",
    "name": "Rocher Chocolate 30 pack",
    "imageUrl": "https://shop.coles.com.au/wcsstore/Coles-CAS/images/7/3/2/7327585-th.jpg",
    "categories": ["pantry"],
    "tags": ["confectionery", "boxed-chocolate"],
    "locations": {
      "vic": {
        "price": 20,
        "promoText": " ",
        "packageSize": "375g",
        "packagePrice": "$5.33 per 100G"
      }
    }
  },
  {
    "id": "ferrero-collection-chocolates-t15",
    "brand": "Ferrero",
    "name": "Collection Chocolates 15 pack",
    "imageUrl": "https://shop.coles.com.au/wcsstore/Coles-CAS/images/1/5/4/1545663-th.jpg",
    "categories": ["pantry"],
    "tags": ["confectionery", "boxed-chocolate"],
    "locations": {
      "vic": {
        "price": 13.5,
        "promoText": " ",
        "packageSize": "172g",
        "packagePrice": "$7.85 per 100G"
      }
    }
  },
  {
    "id": "ferrero-collection-t24",
    "brand": "Ferrero",
    "name": "Collection Chocolate 24 pack",
    "imageUrl": "https://shop.coles.com.au/wcsstore/Coles-CAS/images/1/5/8/1581871-th.jpg",
    "categories": ["pantry"],
    "tags": ["confectionery", "boxed-chocolate"],
    "locations": {
      "vic": {
        "price": 19,
        "promoText": " ",
        "packageSize": "269g",
        "packagePrice": "$7.06 per 100G"
      }
    }
  },
  {
    "id": "ferrero-rocher-heart",
    "brand": "Ferrero Rocher",
    "name": "Heart",
    "imageUrl": "https://shop.coles.com.au/wcsstore/Coles-CAS/images/3/1/3/3136483-th.jpg",
    "categories": ["pantry"],
    "tags": ["confectionery", "boxed-chocolate"],
    "locations": {
      "vic": {
        "price": 12,
        "promoText": " ",
        "packageSize": "100g",
        "packagePrice": "$12.00 per 100G"
      }
    }
  },
  {
    "id": "guylian-les-exclusives",
    "brand": "Guylian",
    "name": "Assortment Belgian Chocolates",
    "imageUrl": "https://shop.coles.com.au/wcsstore/Coles-CAS/images/2/6/4/2649234-th.jpg",
    "categories": ["pantry"],
    "tags": ["confectionery", "boxed-chocolate"],
    "locations": {
      "vic": {
        "price": 18,
        "promoText": " ",
        "packageSize": "305g",
        "packagePrice": "$5.90 per 100G"
      }
    }
  },
  {
    "id": "lindt-lindor-chocolate-balls-milk-chocolate-gift-box",
    "brand": "Lindt",
    "name": "Lindor Milk Chocolate Balls Gift Box",
    "imageUrl": "https://shop.coles.com.au/wcsstore/Coles-CAS/images/8/7/3/8731236-th.jpg",
    "categories": ["pantry"],
    "tags": ["confectionery", "boxed-chocolate"],
    "locations": {
      "vic": {
        "price": 10,
        "promoText": "$10.00 ",
        "packageSize": "235g",
        "packagePrice": "$4.26 per 100G"
      }
    }
  },
  {
    "id": "lindt-lindor-gift-box-chocolate-balls-assorted",
    "brand": "Lindt",
    "name": "Lindor Assorted Chocolate Balls Gift Box",
    "imageUrl": "https://shop.coles.com.au/wcsstore/Coles-CAS/images/5/6/8/5687987-th.jpg",
    "categories": ["pantry"],
    "tags": ["confectionery", "boxed-chocolate"],
    "locations": {
      "vic": {
        "price": 14,
        "promoText": " ",
        "packageSize": "150g",
        "packagePrice": "$9.33 per 100G"
      }
    }
  },
  {
    "id": "lindt-chocolate-sharing-festive-tin",
    "brand": "Lindt",
    "name": "Lindor Limited Edition Assorted Chocolate Gift Box",
    "imageUrl": "https://shop.coles.com.au/wcsstore/Coles-CAS/images/1/6/1/1615146-th.jpg",
    "categories": ["pantry"],
    "tags": ["confectionery", "boxed-chocolate"],
    "locations": {
      "vic": {
        "price": 0,
        "promoText": " ",
        "packageSize": "460g",
        "packagePrice": ""
      }
    }
  },
  {
    "id": "lindt-lindor-strawberries-cream-chocolate-bag",
    "brand": "Lindt",
    "name": "Lindor Strawberries & Cream Chocolate Bag",
    "imageUrl": "https://shop.coles.com.au/wcsstore/Coles-CAS/images/1/8/2/1823573-th.jpg",
    "categories": ["pantry"],
    "tags": ["confectionery", "boxed-chocolate"],
    "locations": {
      "vic": {
        "price": 8,
        "promoText": " ",
        "packageSize": "125g",
        "packagePrice": "$6.40 per 100G"
      }
    }
  },
  {
    "id": "lindt-lindor-bag-limited-edition",
    "brand": "Lindt",
    "name": "Lindor Limited Edition Assorted Chocolate Bag",
    "imageUrl": "https://shop.coles.com.au/wcsstore/Coles-CAS/images/1/9/8/1981428-th.jpg",
    "categories": ["pantry"],
    "tags": ["confectionery", "boxed-chocolate"],
    "locations": {
      "vic": {
        "price": 0,
        "promoText": " ",
        "packageSize": "585g",
        "packagePrice": ""
      }
    }
  },
  {
    "id": "lindt-mini-pralines-3191404p",
    "brand": "Lindt",
    "name": "Exquisite Delicate 36 Mini Pralines",
    "imageUrl": "https://shop.coles.com.au/wcsstore/Coles-CAS/images/3/1/9/3191404-th.jpg",
    "categories": ["pantry"],
    "tags": ["confectionery", "boxed-chocolate"],
    "locations": {
      "vic": {
        "price": 15,
        "promoText": " ",
        "packageSize": "180g",
        "packagePrice": "$8.33 per 100G"
      }
    }
  },
  {
    "id": "lindt-lindor-heart-tin",
    "brand": "Lindt",
    "name": "Lindor Heart Tin",
    "imageUrl": "https://shop.coles.com.au/wcsstore/Coles-CAS/images/3/7/1/3715968-th.jpg",
    "categories": ["pantry"],
    "tags": ["confectionery", "boxed-chocolate"],
    "locations": {
      "vic": {
        "price": 15,
        "promoText": " ",
        "packageSize": "147g",
        "packagePrice": "$10.20 per 100G"
      }
    }
  },
  {
    "id": "lindt-nuxor-gift-box",
    "brand": "Lindt",
    "name": "Nuxor Gift Box",
    "imageUrl": "https://shop.coles.com.au/wcsstore/Coles-CAS/images/3/7/1/3715902-th.jpg",
    "categories": ["pantry"],
    "tags": ["confectionery", "boxed-chocolate"],
    "locations": {
      "vic": {
        "price": 18.5,
        "promoText": " ",
        "packageSize": "177g",
        "packagePrice": "$10.45 per 100G"
      }
    }
  },
  {
    "id": "mars-m-m-peanut-box",
    "brand": "M&M's",
    "name": "Peanut Chocolate Gift Box",
    "imageUrl": "https://shop.coles.com.au/wcsstore/Coles-CAS/images/3/6/0/3609246-th.jpg",
    "categories": ["pantry"],
    "tags": ["confectionery", "boxed-chocolate"],
    "locations": {
      "vic": {
        "price": 12,
        "promoText": " ",
        "packageSize": "460g",
        "packagePrice": "$2.61 per 100G"
      }
    }
  },
  {
    "id": "mars-malteser-box",
    "brand": "Maltesers",
    "name": "Milk Chocolate Gift Box",
    "imageUrl": "https://shop.coles.com.au/wcsstore/Coles-CAS/images/3/6/0/3609268-th.jpg",
    "categories": ["pantry"],
    "tags": ["confectionery", "boxed-chocolate"],
    "locations": {
      "vic": {
        "price": 12,
        "promoText": " ",
        "packageSize": "400g",
        "packagePrice": "$3.00 per 100G"
      }
    }
  },
  {
    "id": "quality-street-tub",
    "brand": "Nestle",
    "name": "Quality Street Chocolate Tub",
    "imageUrl": "https://shop.coles.com.au/wcsstore/Coles-CAS/images/3/5/1/3518796-th.jpg",
    "categories": ["pantry"],
    "tags": ["confectionery", "boxed-chocolate"],
    "locations": {
      "vic": {
        "price": 25,
        "promoText": " ",
        "packageSize": "726g",
        "packagePrice": "$3.44 per 100G"
      }
    }
  },
  {
    "id": "toblerone-gift-pouch",
    "brand": "Toblerone",
    "name": "Swiss Milk Chocolate With Honey And Almond Nougat",
    "imageUrl": "https://shop.coles.com.au/wcsstore/Coles-CAS/images/3/2/8/3287558-th.jpg",
    "categories": ["pantry"],
    "tags": ["confectionery", "boxed-chocolate"],
    "locations": {
      "vic": {
        "price": 5,
        "promoText": "$1.50 ",
        "packageSize": "120g",
        "packagePrice": "$4.17 per 100G"
      }
    }
  },
  {
    "id": "cadbury-twirl-chocolate-bar",
    "brand": "Cadbury",
    "name": "Twirl Chocolate Bar",
    "imageUrl": "https://shop.coles.com.au/wcsstore/Coles-CAS/images/5/2/1/5216313-th.jpg",
    "categories": ["pantry"],
    "tags": ["confectionery", "chocolate-bars"],
    "locations": {
      "vic": {
        "price": 1,
        "promoText": "$1.00 ",
        "packageSize": "39g",
        "packagePrice": "$2.56 per 100G"
      }
    }
  },
  {
    "id": "cadbury-cherry-ripe-chocolate-bar",
    "brand": "Cadbury",
    "name": "Cherry Ripe Chocolate Bar",
    "imageUrl": "https://shop.coles.com.au/wcsstore/Coles-CAS/images/1/3/6/136534-th.jpg",
    "categories": ["pantry"],
    "tags": ["confectionery", "chocolate-bars"],
    "locations": {
      "vic": {
        "price": 1,
        "promoText": "$1.00 ",
        "packageSize": "52g",
        "packagePrice": "$1.92 per 100G"
      }
    }
  },
  {
    "id": "cadbury-turkish-delight-chocolate-bar",
    "brand": "Fry's",
    "name": "Turkish Delight Chocolate Bar",
    "imageUrl": "https://shop.coles.com.au/wcsstore/Coles-CAS/images/1/3/6/136498-th.jpg",
    "categories": ["pantry"],
    "tags": ["confectionery", "chocolate-bars"],
    "locations": {
      "vic": {
        "price": 1,
        "promoText": "$1.00 ",
        "packageSize": "55g",
        "packagePrice": "$1.82 per 100G"
      }
    }
  },
  {
    "id": "nestle-kit-kat-chocolate-bar",
    "brand": "Nestle",
    "name": "KitKat Milk Chocolate Bar",
    "imageUrl": "https://shop.coles.com.au/wcsstore/Coles-CAS/images/1/3/6/136512-th.jpg",
    "categories": ["pantry"],
    "tags": ["confectionery", "chocolate-bars"],
    "locations": {
      "vic": {
        "price": 2,
        "promoText": " ",
        "packageSize": "45g",
        "packagePrice": "$4.44 per 100G"
      }
    }
  },
  {
    "id": "nestle-chocolate-kit-kat-chunky",
    "brand": "Nestle",
    "name": "KitKat Chunky Milk Chocolate",
    "imageUrl": "https://shop.coles.com.au/wcsstore/Coles-CAS/images/2/0/2/2026118-th.jpg",
    "categories": ["pantry"],
    "tags": ["confectionery", "chocolate-bars"],
    "locations": {
      "vic": {
        "price": 2,
        "promoText": " ",
        "packageSize": "50g",
        "packagePrice": "$4.00 per 100G"
      }
    }
  },
  {
    "id": "nestle-milkybar-chocolate-bar",
    "brand": "Nestle",
    "name": "Milkybar White Chocolate Bar",
    "imageUrl": "https://shop.coles.com.au/wcsstore/Coles-CAS/images/7/7/6/7767668-th.jpg",
    "categories": ["pantry"],
    "tags": ["confectionery", "chocolate-bars"],
    "locations": {
      "vic": {
        "price": 2,
        "promoText": " ",
        "packageSize": "50g",
        "packagePrice": "$4.00 per 100G"
      }
    }
  },
  {
    "id": "mars-bar-chocolate-bar",
    "brand": "Mars",
    "name": "Chocolate Bar",
    "imageUrl": "https://shop.coles.com.au/wcsstore/Coles-CAS/images/1/3/8/138201-th.jpg",
    "categories": ["pantry"],
    "tags": ["confectionery", "chocolate-bars"],
    "locations": {
      "vic": {
        "price": 2,
        "promoText": " ",
        "packageSize": "53g",
        "packagePrice": "$3.77 per 100G"
      }
    }
  },
  {
    "id": "snickers-chocolate-bar",
    "brand": "Snickers",
    "name": "Chocolate Bar",
    "imageUrl": "https://shop.coles.com.au/wcsstore/Coles-CAS/images/2/4/5/245868-th.jpg",
    "categories": ["pantry"],
    "tags": ["confectionery", "chocolate-bars"],
    "locations": {
      "vic": {
        "price": 2,
        "promoText": " ",
        "packageSize": "50g",
        "packagePrice": "$4.00 per 100G"
      }
    }
  },
  {
    "id": "twix-chocolate-bar",
    "brand": "Twix",
    "name": "Chocolate Bar",
    "imageUrl": "https://shop.coles.com.au/wcsstore/Coles-CAS/images/6/0/2/6029901-th.jpg",
    "categories": ["pantry"],
    "tags": ["confectionery", "chocolate-bars"],
    "locations": {
      "vic": {
        "price": 2,
        "promoText": " ",
        "packageSize": "50g",
        "packagePrice": "$4.00 per 100G"
      }
    }
  },
  {
    "id": "cadbury-bars-twirl-caramilk",
    "brand": "Cadbury",
    "name": "Twirl Caramilk Bars",
    "imageUrl": "https://shop.coles.com.au/wcsstore/Coles-CAS/images/3/6/9/3698621-th.jpg",
    "categories": ["pantry"],
    "tags": ["confectionery", "chocolate-bars"],
    "locations": {
      "vic": {
        "price": 1,
        "promoText": "$1.00 ",
        "packageSize": "39g",
        "packagePrice": "$2.56 per 100G"
      }
    }
  },
  {
    "id": "whittakers-chocolate-slab-peanut",
    "brand": "Whittakers",
    "name": "Peanut Chocolate Slab",
    "imageUrl": "https://shop.coles.com.au/wcsstore/Coles-CAS/images/4/1/5/415935-th.jpg",
    "categories": ["pantry"],
    "tags": ["confectionery", "chocolate-bars"],
    "locations": {
      "vic": {
        "price": 1,
        "promoText": "$1.00 ",
        "packageSize": "50g",
        "packagePrice": "$2.00 per 100G"
      }
    }
  },
  {
    "id": "cadbury-dairy-milk-chocolate-roll-pack",
    "brand": "Cadbury",
    "name": "Dairy Milk Chocolate Roll Pack",
    "imageUrl": "https://shop.coles.com.au/wcsstore/Coles-CAS/images/5/0/7/5072676-th.jpg",
    "categories": ["pantry"],
    "tags": ["confectionery", "chocolate-bars"],
    "locations": {
      "vic": {
        "price": 1,
        "promoText": "$1.00 ",
        "packageSize": "55g",
        "packagePrice": "$1.82 per 100G"
      }
    }
  },
  {
    "id": "nestle-kit-kat-mint-cokie-fudge",
    "brand": "Nestle",
    "name": "Kit Kat Mint Cookie Fudge",
    "imageUrl": "https://shop.coles.com.au/wcsstore/Coles-CAS/images/3/7/6/3761229-th.jpg",
    "categories": ["pantry"],
    "tags": ["confectionery", "chocolate-bars"],
    "locations": {
      "vic": {
        "price": 2,
        "promoText": " ",
        "packageSize": "45g",
        "packagePrice": "$4.44 per 100G"
      }
    }
  },
  {
    "id": "whittakers-slab-coconut",
    "brand": "Whittaker's",
    "name": "Toasted Coconut Slab Milk Chocolate Bar",
    "imageUrl": "https://shop.coles.com.au/wcsstore/Coles-CAS/images/4/9/4/4949400-th.jpg",
    "categories": ["pantry"],
    "tags": ["confectionery", "chocolate-bars"],
    "locations": {
      "vic": {
        "price": 1,
        "promoText": "$1.00 ",
        "packageSize": "50g",
        "packagePrice": "$2.00 per 100G"
      }
    }
  },
  {
    "id": "cadbury-time-out-chocolate-bar",
    "brand": "Cadbury",
    "name": "Time Out Chocolate Bar",
    "imageUrl": "https://shop.coles.com.au/wcsstore/Coles-CAS/images/8/6/8/86866-th.jpg",
    "categories": ["pantry"],
    "tags": ["confectionery", "chocolate-bars"],
    "locations": {
      "vic": {
        "price": 1,
        "promoText": "$1.00 ",
        "packageSize": "40g",
        "packagePrice": "$2.50 per 100G"
      }
    }
  },
  {
    "id": "kinder-chocolate-bueno",
    "brand": "Kinder",
    "name": "Bueno Chocolate",
    "imageUrl": "https://shop.coles.com.au/wcsstore/Coles-CAS/images/5/2/1/5216969-th.jpg",
    "categories": ["pantry"],
    "tags": ["confectionery", "chocolate-bars"],
    "locations": {
      "vic": {
        "price": 1,
        "promoText": "$1.00 ",
        "packageSize": "43g",
        "packagePrice": "$2.33 per 100G"
      }
    }
  },
  {
    "id": "kinder-bueno-white",
    "brand": "Kinder",
    "name": "Bueno White",
    "imageUrl": "https://shop.coles.com.au/wcsstore/Coles-CAS/images/2/8/7/2877432-th.jpg",
    "categories": ["pantry"],
    "tags": ["confectionery", "chocolate-bars"],
    "locations": {
      "vic": {
        "price": 1,
        "promoText": "$1.00 ",
        "packageSize": "39g",
        "packagePrice": "$2.56 per 100G"
      }
    }
  },
  {
    "id": "mars-chocolate-snickers-crispers",
    "brand": "Mars",
    "name": "Chocolate Snickers Crispers",
    "imageUrl": "https://shop.coles.com.au/wcsstore/Coles-CAS/images/3/7/7/3773159-th.jpg",
    "categories": ["pantry"],
    "tags": ["confectionery", "chocolate-bars"],
    "locations": {
      "vic": {
        "price": 2,
        "promoText": " ",
        "packageSize": "40g",
        "packagePrice": "$5.00 per 100G"
      }
    }
  },
  {
    "id": "nestle-milkybar-milk-cookies-bar",
    "brand": "Nestle",
    "name": "Chokito Bar",
    "imageUrl": "https://shop.coles.com.au/wcsstore/Coles-CAS/images/3/0/5/3050821-th.jpg",
    "categories": ["pantry"],
    "tags": ["confectionery", "chocolate-bars"],
    "locations": {
      "vic": {
        "price": 2,
        "promoText": " ",
        "packageSize": "55g",
        "packagePrice": "$3.64 per 100G"
      }
    }
  },
  {
    "id": "cadbury-picnic-chocolate-bar",
    "brand": "Cadbury",
    "name": "Picnic Chocolate Bar",
    "imageUrl": "https://shop.coles.com.au/wcsstore/Coles-CAS/images/1/3/6/136556-th.jpg",
    "categories": ["pantry"],
    "tags": ["confectionery", "chocolate-bars"],
    "locations": {
      "vic": {
        "price": 1,
        "promoText": "$1.00 ",
        "packageSize": "46g",
        "packagePrice": "$2.17 per 100G"
      }
    }
  },
  {
    "id": "cadbury-crunchie-chocolate-bar",
    "brand": "Cadbury",
    "name": "Crunchie Chocolate bar",
    "imageUrl": "https://shop.coles.com.au/wcsstore/Coles-CAS/images/1/3/6/136523-th.jpg",
    "categories": ["pantry"],
    "tags": ["confectionery", "chocolate-bars"],
    "locations": {
      "vic": {
        "price": 1,
        "promoText": "$1.00 ",
        "packageSize": "50g",
        "packagePrice": "$2.00 per 100G"
      }
    }
  },
  {
    "id": "cadbury-flake-chocolate-bar",
    "brand": "Cadbury",
    "name": "Flake Chocolate Bar",
    "imageUrl": "https://shop.coles.com.au/wcsstore/Coles-CAS/images/1/3/6/136487-th.jpg",
    "categories": ["pantry"],
    "tags": ["confectionery", "chocolate-bars"],
    "locations": {
      "vic": {
        "price": 1,
        "promoText": "$1.00 ",
        "packageSize": "30g",
        "packagePrice": "$3.33 per 100G"
      }
    }
  },
  {
    "id": "cadbury-dairy-milk-furry-friends",
    "brand": "Cadbury",
    "name": "Dairy Milk Furry Friends",
    "imageUrl": "https://shop.coles.com.au/wcsstore/Coles-CAS/images/3/2/7/3273338-th.jpg",
    "categories": ["pantry"],
    "tags": ["confectionery", "chocolate-bars"],
    "locations": {
      "vic": {
        "price": 3.5,
        "promoText": " ",
        "packageSize": "100g",
        "packagePrice": "$3.50 per 100G"
      }
    }
  },
  {
    "id": "nestle-chocolate-bar-medium-peppermint-crisp",
    "brand": "Nestle",
    "name": "Peppermint Crisp Chocolate Bar",
    "imageUrl": "https://shop.coles.com.au/wcsstore/Coles-CAS/images/1/4/2/142424-th.jpg",
    "categories": ["pantry"],
    "tags": ["confectionery", "chocolate-bars"],
    "locations": {
      "vic": {
        "price": 2,
        "promoText": " ",
        "packageSize": "35g",
        "packagePrice": "$5.71 per 100G"
      }
    }
  },
  {
    "id": "nestle-smarties-chocolate-bar",
    "brand": "Nestle",
    "name": "Smarties",
    "imageUrl": "https://shop.coles.com.au/wcsstore/Coles-CAS/images/1/4/2/142413-th.jpg",
    "categories": ["pantry"],
    "tags": ["confectionery", "chocolate-bars"],
    "locations": {
      "vic": {
        "price": 2,
        "promoText": " ",
        "packageSize": "50g",
        "packagePrice": "$4.00 per 100G"
      }
    }
  },
  {
    "id": "europe-bars-sesame-bar",
    "brand": "Europe",
    "name": "Sesame Bar",
    "imageUrl": "https://shop.coles.com.au/wcsstore/Coles-CAS/images/6/7/8/67883-th.jpg",
    "categories": ["pantry"],
    "tags": ["confectionery", "chocolate-bars"],
    "locations": {
      "vic": {
        "price": 2,
        "promoText": "Any 2 $3",
        "packageSize": "45g",
        "packagePrice": "$4.44 per 100G"
      }
    }
  },
  {
    "id": "mars-bounty-chocolate-bar",
    "brand": "Mars",
    "name": "Bounty Coconut Chocolate Bar",
    "imageUrl": "https://shop.coles.com.au/wcsstore/Coles-CAS/images/2/0/4/204168-th.jpg",
    "categories": ["pantry"],
    "tags": ["confectionery", "chocolate-bars"],
    "locations": {
      "vic": {
        "price": 2,
        "promoText": " ",
        "packageSize": "56g",
        "packagePrice": "$3.57 per 100G"
      }
    }
  },
  {
    "id": "cadbury-caramello-koala-2395362p",
    "brand": "Cadbury",
    "name": "Caramello KoalaÂ Chocolate",
    "imageUrl": "https://shop.coles.com.au/wcsstore/Coles-CAS/images/2/3/9/2395362-th.jpg",
    "categories": ["pantry"],
    "tags": ["confectionery", "chocolate-bars"],
    "locations": {
      "vic": {
        "price": 1,
        "promoText": "Any 3 $1.98",
        "packageSize": "35g",
        "packagePrice": "$2.86 per 100G"
      }
    }
  },
  {
    "id": "cadbury-king-size-chocolate-twirl",
    "brand": "Cadbury",
    "name": "King Size Chocolate Bar Twirl",
    "imageUrl": "https://shop.coles.com.au/wcsstore/Coles-CAS/images/7/1/5/7156799-th.jpg",
    "categories": ["pantry"],
    "tags": ["confectionery", "chocolate-bars"],
    "locations": {
      "vic": {
        "price": 2.5,
        "promoText": "Any 2 $3",
        "packageSize": "58g",
        "packagePrice": "$4.31 per 100G"
      }
    }
  },
  {
    "id": "europe-bars-honey-nougat-log",
    "brand": "Europe",
    "name": "Honey Nougat Log",
    "imageUrl": "https://shop.coles.com.au/wcsstore/Coles-CAS/images/6/7/8/67850-th.jpg",
    "categories": ["pantry"],
    "tags": ["confectionery", "chocolate-bars"],
    "locations": {
      "vic": {
        "price": 2,
        "promoText": "Any 2 $3",
        "packageSize": "40g",
        "packagePrice": "$5.00 per 100G"
      }
    }
  },
  {
    "id": "kinder-chocolate-surprise-egg-4283290p",
    "brand": "Kinder",
    "name": "Surprise Chocolate 3 pack",
    "imageUrl": "https://shop.coles.com.au/wcsstore/Coles-CAS/images/4/2/8/4283290-th.jpg",
    "categories": ["pantry"],
    "tags": ["confectionery", "chocolate-bars"],
    "locations": {
      "vic": {
        "price": 4.5,
        "promoText": "$0.50 ",
        "packageSize": "60g",
        "packagePrice": "$7.50 per 100G"
      }
    }
  },
  {
    "id": "kinder-chocolate-4-treat-pack-50g",
    "brand": "Kinder",
    "name": "Chocolate 4 Treat Pack",
    "imageUrl": "https://shop.coles.com.au/wcsstore/Coles-CAS/images/4/9/5/4951490-th.jpg",
    "categories": ["pantry"],
    "tags": ["confectionery", "chocolate-bars"],
    "locations": {
      "vic": {
        "price": 1.9,
        "promoText": " ",
        "packageSize": "50g",
        "packagePrice": "$3.80 per 100G"
      }
    }
  },
  {
    "id": "mars-chocolate-milky-way",
    "brand": "Milky Way",
    "name": "Chocolate Bar",
    "imageUrl": "https://shop.coles.com.au/wcsstore/Coles-CAS/images/3/2/9/3293663-th.jpg",
    "categories": ["pantry"],
    "tags": ["confectionery", "chocolate-bars"],
    "locations": {
      "vic": {
        "price": 2,
        "promoText": " ",
        "packageSize": "53g",
        "packagePrice": "$3.77 per 100G"
      }
    }
  },
  {
    "id": "nestle-peppermint-aero-chocolate-bar",
    "brand": "Nestle",
    "name": "Aero Peppermint Chocolate Bar",
    "imageUrl": "https://shop.coles.com.au/wcsstore/Coles-CAS/images/5/8/2/5823950-th.jpg",
    "categories": ["pantry"],
    "tags": ["confectionery", "chocolate-bars"],
    "locations": {
      "vic": {
        "price": 2,
        "promoText": " ",
        "packageSize": "40g",
        "packagePrice": "$5.00 per 100G"
      }
    }
  },
  {
    "id": "whittakers-chocolate-slab-almond",
    "brand": "Whittakers",
    "name": "Chocolate Slab Almond",
    "imageUrl": "https://shop.coles.com.au/wcsstore/Coles-CAS/images/6/5/0/6505815-th.jpg",
    "categories": ["pantry"],
    "tags": ["confectionery", "chocolate-bars"],
    "locations": {
      "vic": {
        "price": 1,
        "promoText": "$1.00 ",
        "packageSize": "45g",
        "packagePrice": "$2.22 per 100G"
      }
    }
  },
  {
    "id": "cadbury-giant-freddo-dairy-milk",
    "brand": "Cadbury",
    "name": "Dairy Milk Chocolate  Freddo",
    "imageUrl": "https://shop.coles.com.au/wcsstore/Coles-CAS/images/5/2/4/5248149-th.jpg",
    "categories": ["pantry"],
    "tags": ["confectionery", "chocolate-bars"],
    "locations": {
      "vic": {
        "price": 1,
        "promoText": "Any 3 $1.98",
        "packageSize": "35g",
        "packagePrice": "$2.86 per 100G"
      }
    }
  },
  {
    "id": "cadbury-chunky-dairy-milk-chocolate-bar",
    "brand": "Cadbury",
    "name": "Dairy Milk Chunky Chocolate Bar",
    "imageUrl": "https://shop.coles.com.au/wcsstore/Coles-CAS/images/5/0/7/5072665-th.jpg",
    "categories": ["pantry"],
    "tags": ["confectionery", "chocolate-bars"],
    "locations": {
      "vic": {
        "price": 1,
        "promoText": "$1.00 ",
        "packageSize": "50g",
        "packagePrice": "$2.00 per 100G"
      }
    }
  },
  {
    "id": "cadbury-cherry-ripe-king-size-chocolate-bar",
    "brand": "Cadbury",
    "name": "Cherry Ripe Chocolate Bars Twin Pack",
    "imageUrl": "https://shop.coles.com.au/wcsstore/Coles-CAS/images/1/1/2/112773-th.jpg",
    "categories": ["pantry"],
    "tags": ["confectionery", "chocolate-bars"],
    "locations": {
      "vic": {
        "price": 2.5,
        "promoText": "Any 2 $3",
        "packageSize": "80g",
        "packagePrice": "$3.13 per 100G"
      }
    }
  },
  {
    "id": "cadbury-marvellous-creations-chocolate-jelly-popping-candy-beanies-9186065p",
    "brand": "Cadbury",
    "name": "Marvellous Creations Jelly Popping Candy Beanies Chocolate Bar",
    "imageUrl": "https://shop.coles.com.au/wcsstore/Coles-CAS/images/9/1/8/9186065-th.jpg",
    "categories": ["pantry"],
    "tags": ["confectionery", "chocolate-bars"],
    "locations": {
      "vic": {
        "price": 1,
        "promoText": "$1.00 ",
        "packageSize": "50g",
        "packagePrice": "$2.00 per 100G"
      }
    }
  },
  {
    "id": "europe-bars-summer-roll",
    "brand": "Europe",
    "name": "Summer Roll",
    "imageUrl": "https://shop.coles.com.au/wcsstore/Coles-CAS/images/6/7/8/67861-th.jpg",
    "categories": ["pantry"],
    "tags": ["confectionery", "chocolate-bars"],
    "locations": {
      "vic": {
        "price": 2,
        "promoText": "Any 2 $3",
        "packageSize": "40g",
        "packagePrice": "$5.00 per 100G"
      }
    }
  },
  {
    "id": "mars-chocolate-m-ms-minis",
    "brand": "Mars",
    "name": "M&M's Minis Chocolate",
    "imageUrl": "https://shop.coles.com.au/wcsstore/Coles-CAS/images/4/5/0/4503874-th.jpg",
    "categories": ["pantry"],
    "tags": ["confectionery", "chocolate-bars"],
    "locations": {
      "vic": {
        "price": 2,
        "promoText": " ",
        "packageSize": "35g",
        "packagePrice": "$5.71 per 100G"
      }
    }
  },
  {
    "id": "mars-chocolate-caramel-sundae",
    "brand": "Mars",
    "name": "Chocolate Caramel Sundae",
    "imageUrl": "https://shop.coles.com.au/wcsstore/Coles-CAS/images/3/7/7/3773057-th.jpg",
    "categories": ["pantry"],
    "tags": ["confectionery", "chocolate-bars"],
    "locations": {
      "vic": {
        "price": 2,
        "promoText": " ",
        "packageSize": "45.5g",
        "packagePrice": "$4.40 per 100G"
      }
    }
  },
  {
    "id": "nestle-kit-kat-gold",
    "brand": "Nestle",
    "name": "KitKat Gold White Chocolate With Caramelised Break",
    "imageUrl": "https://shop.coles.com.au/wcsstore/Coles-CAS/images/3/5/6/3569888-th.jpg",
    "categories": ["pantry"],
    "tags": ["confectionery", "chocolate-bars"],
    "locations": {
      "vic": {
        "price": 2,
        "promoText": " ",
        "packageSize": "45g",
        "packagePrice": "$4.44 per 100G"
      }
    }
  },
  {
    "id": "nestle-kit-kat-goey-caramel",
    "brand": "Nestle",
    "name": "Kit Kat Gooey Caramel",
    "imageUrl": "https://shop.coles.com.au/wcsstore/Coles-CAS/images/3/7/6/3761240-th.jpg",
    "categories": ["pantry"],
    "tags": ["confectionery", "chocolate-bars"],
    "locations": {
      "vic": {
        "price": 2,
        "promoText": " ",
        "packageSize": "45g",
        "packagePrice": "$4.44 per 100G"
      }
    }
  },
  {
    "id": "toblerone-milk-chocolate-5172284p",
    "brand": "Toblerone",
    "name": "Milk Chocolate Bar",
    "imageUrl": "https://shop.coles.com.au/wcsstore/Coles-CAS/images/5/1/7/5172284-th.jpg",
    "categories": ["pantry"],
    "tags": ["confectionery", "chocolate-bars"],
    "locations": {
      "vic": {
        "price": 2,
        "promoText": "Any 2 $3",
        "packageSize": "50g",
        "packagePrice": "$4.00 per 100G"
      }
    }
  },
  {
    "id": "nestle-violet-crumble-chocolate-bar",
    "brand": "Violet Crumble",
    "name": "Gluten Free Chocolate Bar",
    "imageUrl": "https://shop.coles.com.au/wcsstore/Coles-CAS/images/5/1/9/5192521-th.jpg",
    "categories": ["pantry"],
    "tags": ["confectionery", "chocolate-bars"],
    "locations": {
      "vic": {
        "price": 2,
        "promoText": " ",
        "packageSize": "50g",
        "packagePrice": "$4.00 per 100G"
      }
    }
  },
  {
    "id": "cadbury-curly-wurly-chocolate-bar",
    "brand": "Cadbury",
    "name": "Curly Wurly Chocolate Bar",
    "imageUrl": "https://shop.coles.com.au/wcsstore/Coles-CAS/images/5/1/6/5164606-th.jpg",
    "categories": ["pantry"],
    "tags": ["confectionery", "chocolate-bars"],
    "locations": {
      "vic": {
        "price": 0.5,
        "promoText": "$0.25 ",
        "packageSize": "26g",
        "packagePrice": "$1.92 per 100G"
      }
    }
  },
  {
    "id": "cadbury-boost-chocolate-bar",
    "brand": "Cadbury",
    "name": "Boost Chocolate Bar",
    "imageUrl": "https://shop.coles.com.au/wcsstore/Coles-CAS/images/4/4/2/4425023-th.jpg",
    "categories": ["pantry"],
    "tags": ["confectionery", "chocolate-bars"],
    "locations": {
      "vic": {
        "price": 1,
        "promoText": "$1.00 ",
        "packageSize": "60g",
        "packagePrice": "$1.67 per 100G"
      }
    }
  },
  {
    "id": "cadbury-cherry-ripe-double-dip",
    "brand": "Cadbury",
    "name": "Cherry Ripe Double Dip Chocolate Bar",
    "imageUrl": "https://shop.coles.com.au/wcsstore/Coles-CAS/images/2/4/2/2427185-th.jpg",
    "categories": ["pantry"],
    "tags": ["confectionery", "chocolate-bars"],
    "locations": {
      "vic": {
        "price": 1,
        "promoText": "$1.00 ",
        "packageSize": "47g",
        "packagePrice": "$2.13 per 100G"
      }
    }
  },
  {
    "id": "cadbury-bars-dairy-milk-peppermint",
    "brand": "Cadbury",
    "name": "Dairy Milk Peppermint Chocolate Bar",
    "imageUrl": "https://shop.coles.com.au/wcsstore/Coles-CAS/images/3/5/0/3507519-th.jpg",
    "categories": ["pantry"],
    "tags": ["confectionery", "chocolate-bars"],
    "locations": {
      "vic": {
        "price": 1,
        "promoText": "$1.00 ",
        "packageSize": "55g",
        "packagePrice": "$1.82 per 100G"
      }
    }
  },
  {
    "id": "cadbury-marvellous-creations-birthday-cake",
    "brand": "Cadbury",
    "name": "Marvellous Creations Birthday Cake",
    "imageUrl": "https://shop.coles.com.au/wcsstore/Coles-CAS/images/3/7/7/3776361-th.jpg",
    "categories": ["pantry"],
    "tags": ["confectionery", "chocolate-bars"],
    "locations": {
      "vic": {
        "price": 1,
        "promoText": "$1.00 ",
        "packageSize": "50g",
        "packagePrice": "$2.00 per 100G"
      }
    }
  },
  {
    "id": "fyna-wizz-fizz-cones",
    "brand": "Fyna",
    "name": "Sherbert Wizz Fizz Cones",
    "imageUrl": "https://shop.coles.com.au/wcsstore/Coles-CAS/images/5/9/0/5909706-th.jpg",
    "categories": ["pantry"],
    "tags": ["confectionery", "chocolate-bars"],
    "locations": {
      "vic": {
        "price": 2,
        "promoText": " ",
        "packageSize": "5 pack",
        "packagePrice": "$3.08 per 100G"
      }
    }
  },
  {
    "id": "kinder-chocolate-maxi",
    "brand": "Kinder",
    "name": "Chocolate 6 pack",
    "imageUrl": "https://shop.coles.com.au/wcsstore/Coles-CAS/images/4/3/8/4388380-th.jpg",
    "categories": ["pantry"],
    "tags": ["confectionery", "chocolate-bars"],
    "locations": {
      "vic": {
        "price": 4,
        "promoText": " ",
        "packageSize": "126g",
        "packagePrice": "$3.17 per 100G"
      }
    }
  },
  {
    "id": "ferrero-kinder-bueno-dark",
    "brand": "Kinder",
    "name": "Bueno Dark",
    "imageUrl": "https://shop.coles.com.au/wcsstore/Coles-CAS/images/3/1/9/3198913-th.jpg",
    "categories": ["pantry"],
    "tags": ["confectionery", "chocolate-bars"],
    "locations": {
      "vic": {
        "price": 1,
        "promoText": "$1.00 ",
        "packageSize": "43g",
        "packagePrice": "$2.33 per 100G"
      }
    }
  },
  {
    "id": "lindt-dark-coconut-lindor-bar",
    "brand": "Lindt",
    "name": "Lindor Orange Milk Chocolate Bar",
    "imageUrl": "https://shop.coles.com.au/wcsstore/Coles-CAS/images/2/6/5/2652126-th.jpg",
    "categories": ["pantry"],
    "tags": ["confectionery", "chocolate-bars"],
    "locations": {
      "vic": {
        "price": 1.5,
        "promoText": "Was $2.00 on Jun 2020 ",
        "packageSize": "38g",
        "packagePrice": "$3.95 per 100G"
      }
    }
  },
  {
    "id": "nestle-chunky-caramel-chocolate-kit-kat",
    "brand": "Nestle",
    "name": "KitKat Chunky Caramel",
    "imageUrl": "https://shop.coles.com.au/wcsstore/Coles-CAS/images/2/0/2/2026140-th.jpg",
    "categories": ["pantry"],
    "tags": ["confectionery", "chocolate-bars"],
    "locations": {
      "vic": {
        "price": 2,
        "promoText": " ",
        "packageSize": "55g",
        "packagePrice": "$3.64 per 100G"
      }
    }
  },
  {
    "id": "nestle-kit-kat-double-cokies-cream",
    "brand": "Nestle",
    "name": "Kit Kat Double Cookies & Cream",
    "imageUrl": "https://shop.coles.com.au/wcsstore/Coles-CAS/images/3/7/1/3710192-th.jpg",
    "categories": ["pantry"],
    "tags": ["confectionery", "chocolate-bars"],
    "locations": {
      "vic": {
        "price": 2,
        "promoText": " ",
        "packageSize": "45g",
        "packagePrice": "$4.44 per 100G"
      }
    }
  },
  {
    "id": "nestle-medium-bar-milky-bar-chocolate-whirl",
    "brand": "Nestle",
    "name": "Milky Bar Chocolate Whirl Medium Bar",
    "imageUrl": "https://shop.coles.com.au/wcsstore/Coles-CAS/images/3/7/7/3772983-th.jpg",
    "categories": ["pantry"],
    "tags": ["confectionery", "chocolate-bars"],
    "locations": {
      "vic": {
        "price": 2,
        "promoText": " ",
        "packageSize": "45g",
        "packagePrice": "$4.44 per 100G"
      }
    }
  },
  {
    "id": "mars-chocolate-twix",
    "brand": "Twix",
    "name": "Chocolate Bar 2 Pack",
    "imageUrl": "https://shop.coles.com.au/wcsstore/Coles-CAS/images/5/1/7/5171882-th.jpg",
    "categories": ["pantry"],
    "tags": ["confectionery", "chocolate-bars"],
    "locations": {
      "vic": {
        "price": 1.5,
        "promoText": "$1.00 ",
        "packageSize": "72g",
        "packagePrice": "$2.08 per 100G"
      }
    }
  },
  {
    "id": "cadbury-caramello-chocolate-bar",
    "brand": "Cadbury",
    "name": "Dairy Milk Caramello Chocolate Bar",
    "imageUrl": "https://shop.coles.com.au/wcsstore/Coles-CAS/images/5/0/7/5072600-th.jpg",
    "categories": ["pantry"],
    "tags": ["confectionery", "chocolate-bars"],
    "locations": {
      "vic": {
        "price": 1,
        "promoText": "$1.00 ",
        "packageSize": "55g",
        "packagePrice": "$1.82 per 100G"
      }
    }
  },
  {
    "id": "cadbury-bars-freddo-milky-top",
    "brand": "Cadbury",
    "name": "Freddo Milky Top Chocolate Bar",
    "imageUrl": "https://shop.coles.com.au/wcsstore/Coles-CAS/images/3/2/4/3247305-th.jpg",
    "categories": ["pantry"],
    "tags": ["confectionery", "chocolate-bars"],
    "locations": {
      "vic": {
        "price": 1,
        "promoText": "$1.00 ",
        "packageSize": "45g",
        "packagePrice": "$2.22 per 100G"
      }
    }
  },
  {
    "id": "cadbury-chocolate-dream",
    "brand": "Cadbury",
    "name": "Dream White Chocolate Bar",
    "imageUrl": "https://shop.coles.com.au/wcsstore/Coles-CAS/images/8/8/8/8885965-th.jpg",
    "categories": ["pantry"],
    "tags": ["confectionery", "chocolate-bars"],
    "locations": {
      "vic": {
        "price": 1,
        "promoText": "$1.00 ",
        "packageSize": "50g",
        "packagePrice": "$2.00 per 100G"
      }
    }
  },
  {
    "id": "cadbury-bars-dairy-milk-hazelnut",
    "brand": "Cadbury",
    "name": "Dairy Milk Hazelnut Chocolate Bar",
    "imageUrl": "https://shop.coles.com.au/wcsstore/Coles-CAS/images/3/4/0/3404786-th.jpg",
    "categories": ["pantry"],
    "tags": ["confectionery", "chocolate-bars"],
    "locations": {
      "vic": {
        "price": 1,
        "promoText": "$1.00 ",
        "packageSize": "55g",
        "packagePrice": "$1.82 per 100G"
      }
    }
  },
  {
    "id": "chupa-chups-best-of-25-bag",
    "brand": "Chupa Chups",
    "name": "Best Of 25 Bag",
    "imageUrl": "https://shop.coles.com.au/wcsstore/Coles-CAS/images/1/9/5/1954017-th.jpg",
    "categories": ["pantry"],
    "tags": ["confectionery", "chocolate-bars"],
    "locations": {
      "vic": {
        "price": 4.5,
        "promoText": "$1.10 ",
        "packageSize": "300g",
        "packagePrice": "$1.50 per 100G"
      }
    }
  },
  {
    "id": "kinder-chocolate-16-treat-sharebag-200g",
    "brand": "Kinder",
    "name": "Chocolate 16 Treat Sharebag",
    "imageUrl": "https://shop.coles.com.au/wcsstore/Coles-CAS/images/2/5/2/2528761-th.jpg",
    "categories": ["pantry"],
    "tags": ["confectionery", "chocolate-bars"],
    "locations": {
      "vic": {
        "price": 5,
        "promoText": " ",
        "packageSize": "200g",
        "packagePrice": "$2.50 per 100G"
      }
    }
  },
  {
    "id": "lindt-lindor-bar",
    "brand": "Lindt",
    "name": "Lindor Milk Chocolate Bar",
    "imageUrl": "https://shop.coles.com.au/wcsstore/Coles-CAS/images/1/2/5/1255244-th.jpg",
    "categories": ["pantry"],
    "tags": ["confectionery", "chocolate-bars"],
    "locations": {
      "vic": {
        "price": 1.5,
        "promoText": "Was $2.00 on Jun 2020 ",
        "packageSize": "38g",
        "packagePrice": "$3.95 per 100G"
      }
    }
  },
  {
    "id": "mars-maltesers-teasers",
    "brand": "Maltesers",
    "name": "Teasers Milk Chocolate Bar",
    "imageUrl": "https://shop.coles.com.au/wcsstore/Coles-CAS/images/2/4/5/2458509-th.jpg",
    "categories": ["pantry"],
    "tags": ["confectionery", "chocolate-bars"],
    "locations": {
      "vic": {
        "price": 2,
        "promoText": " ",
        "packageSize": "35g",
        "packagePrice": "$5.71 per 100G"
      }
    }
  },
  {
    "id": "nestle-chunky-kit-kat-cookie-dough",
    "brand": "Nestle",
    "name": "KitKat Chunky Cookie Dough",
    "imageUrl": "https://shop.coles.com.au/wcsstore/Coles-CAS/images/3/5/0/3501986-th.jpg",
    "categories": ["pantry"],
    "tags": ["confectionery", "chocolate-bars"],
    "locations": {
      "vic": {
        "price": 2,
        "promoText": " ",
        "packageSize": "52g",
        "packagePrice": "$3.85 per 100G"
      }
    }
  },
  {
    "id": "violet-crumble-dark-bar",
    "brand": "Violet Crumble",
    "name": "Dark Bar",
    "imageUrl": "https://shop.coles.com.au/wcsstore/Coles-CAS/images/3/7/6/3767724-th.jpg",
    "categories": ["pantry"],
    "tags": ["confectionery", "chocolate-bars"],
    "locations": {
      "vic": {
        "price": 2,
        "promoText": " ",
        "packageSize": "50g",
        "packagePrice": "$0.40 per 10G"
      }
    }
  },
  {
    "id": "cadbury-chomp-bar",
    "brand": "Cadbury",
    "name": "Chomp Chocolate Bar",
    "imageUrl": "https://shop.coles.com.au/wcsstore/Coles-CAS/images/3/8/7/387895-th.jpg",
    "categories": ["pantry"],
    "tags": ["confectionery", "chocolate-bars"],
    "locations": {
      "vic": {
        "price": 0.5,
        "promoText": "$0.25 ",
        "packageSize": "30g",
        "packagePrice": "$1.67 per 100G"
      }
    }
  },
  {
    "id": "cadbury-turkish-delight-king-size-chocolate-bar",
    "brand": "Cadbury",
    "name": "Fry's Turkish Delight Chocolate",
    "imageUrl": "https://shop.coles.com.au/wcsstore/Coles-CAS/images/9/7/9/9794162-th.jpg",
    "categories": ["pantry"],
    "tags": ["confectionery", "chocolate-bars"],
    "locations": {
      "vic": {
        "price": 2.5,
        "promoText": "Any 2 $3",
        "packageSize": "2 pack",
        "packagePrice": "$3.29 per 100G"
      }
    }
  },
  {
    "id": "cadbury-bar-cherry-ripe-dark-ganache",
    "brand": "Cadbury",
    "name": "Cherry Ripe Dark Ganache Chocolate Bar",
    "imageUrl": "https://shop.coles.com.au/wcsstore/Coles-CAS/images/3/3/9/3394241-th.jpg",
    "categories": ["pantry"],
    "tags": ["confectionery", "chocolate-bars"],
    "locations": {
      "vic": {
        "price": 1,
        "promoText": "$1.00 ",
        "packageSize": "47g",
        "packagePrice": "$2.13 per 100G"
      }
    }
  },
  {
    "id": "cadbury-bars-dairy-milk-popcorn",
    "brand": "Cadbury",
    "name": "Dairy Milk Popcorn Bar",
    "imageUrl": "https://shop.coles.com.au/wcsstore/Coles-CAS/images/3/4/7/3476663-th.jpg",
    "categories": ["pantry"],
    "tags": ["confectionery", "chocolate-bars"],
    "locations": {
      "vic": {
        "price": 0,
        "promoText": " ",
        "packageSize": "50g",
        "packagePrice": ""
      }
    }
  },
  {
    "id": "kinder-chocolate-surprise-egg",
    "brand": "Kinder",
    "name": "Surprise Egg",
    "imageUrl": "https://shop.coles.com.au/wcsstore/Coles-CAS/images/5/5/0/5505751-th.jpg",
    "categories": ["pantry"],
    "tags": ["confectionery", "chocolate-bars"],
    "locations": {
      "vic": {
        "price": 2.2,
        "promoText": " ",
        "packageSize": "20g",
        "packagePrice": "$11.00 per 100G"
      }
    }
  },
  {
    "id": "kinder-surprise-girls-chocolate-egg",
    "brand": "Kinder",
    "name": "Surprise Chocolate Egg Pink",
    "imageUrl": "https://shop.coles.com.au/wcsstore/Coles-CAS/images/1/9/5/1951438-th.jpg",
    "categories": ["pantry"],
    "tags": ["confectionery", "chocolate-bars"],
    "locations": {
      "vic": {
        "price": 2.2,
        "promoText": " ",
        "packageSize": "20g",
        "packagePrice": "$11.00 per 100G"
      }
    }
  },
  {
    "id": "kinder--surprise-blue",
    "brand": "Kinder",
    "name": "Surprise Blue",
    "imageUrl": "https://shop.coles.com.au/wcsstore/Coles-CAS/images/2/8/7/2877421-th.jpg",
    "categories": ["pantry"],
    "tags": ["confectionery", "chocolate-bars"],
    "locations": {
      "vic": {
        "price": 2.2,
        "promoText": " ",
        "packageSize": "20g",
        "packagePrice": "$11.00 per 100G"
      }
    }
  },
  {
    "id": "licensed-chocolate-nut-free-lollipop",
    "brand": "Licensed",
    "name": "Chocolate Nut Free Lollipop",
    "imageUrl": "https://shop.coles.com.au/wcsstore/Coles-CAS/images/1/3/7/1378685-th.jpg",
    "categories": ["pantry"],
    "tags": ["confectionery", "chocolate-bars"],
    "locations": {
      "vic": {
        "price": 1,
        "promoText": " ",
        "packageSize": "22g",
        "packagePrice": "$4.55 per 100G"
      }
    }
  },
  {
    "id": "mars-m-ms-milk-chocolate",
    "brand": "M&M's",
    "name": "Milk Chocolate Small Bag",
    "imageUrl": "https://shop.coles.com.au/wcsstore/Coles-CAS/images/7/2/5/7251224-th.jpg",
    "categories": ["pantry"],
    "tags": ["confectionery", "chocolate-bars"],
    "locations": {
      "vic": {
        "price": 2,
        "promoText": " ",
        "packageSize": "49g",
        "packagePrice": "$4.08 per 100G"
      }
    }
  },
  {
    "id": "mars-bar-kingsize-chocolate-bar",
    "brand": "Mars",
    "name": "Chocolate Bar 2 Pack",
    "imageUrl": "https://shop.coles.com.au/wcsstore/Coles-CAS/images/5/1/9/5192850-th.jpg",
    "categories": ["pantry"],
    "tags": ["confectionery", "chocolate-bars"],
    "locations": {
      "vic": {
        "price": 1.5,
        "promoText": "$1.00 ",
        "packageSize": "72g",
        "packagePrice": "$2.08 per 100G"
      }
    }
  },
  {
    "id": "nestle-mint-pattie-chocolate-bar",
    "brand": "Nestle",
    "name": "Mint Pattie Chocolate Bar",
    "imageUrl": "https://shop.coles.com.au/wcsstore/Coles-CAS/images/3/5/9/359030-th.jpg",
    "categories": ["pantry"],
    "tags": ["confectionery", "chocolate-bars"],
    "locations": {
      "vic": {
        "price": 0.85,
        "promoText": "$0.15 ",
        "packageSize": "20g",
        "packagePrice": "$4.25 per 100G"
      }
    }
  },
  {
    "id": "nestle-kit-kat-choc-mint-whirl-bar",
    "brand": "Nestle",
    "name": "Kit Kat Choc Mint Whirl Chocolate Block",
    "imageUrl": "https://shop.coles.com.au/wcsstore/Coles-CAS/images/2/2/0/2207553-th.jpg",
    "categories": ["pantry"],
    "tags": ["confectionery", "chocolate-bars"],
    "locations": {
      "vic": {
        "price": 0,
        "promoText": " ",
        "packageSize": "45g",
        "packagePrice": ""
      }
    }
  },
  {
    "id": "nestle-medium-bar-milkybar-smarties",
    "brand": "Nestle",
    "name": "Milkybar Smarties Chocolate Bar",
    "imageUrl": "https://shop.coles.com.au/wcsstore/Coles-CAS/images/3/5/0/3501964-th.jpg",
    "categories": ["pantry"],
    "tags": ["confectionery", "chocolate-bars"],
    "locations": {
      "vic": {
        "price": 0,
        "promoText": " ",
        "packageSize": "50g",
        "packagePrice": ""
      }
    }
  },
  {
    "id": "snickers-king-size-chocolate-bar",
    "brand": "Snickers",
    "name": "Chocolate Bar 2 Pack",
    "imageUrl": "https://shop.coles.com.au/wcsstore/Coles-CAS/images/6/0/1/6016761-th.jpg",
    "categories": ["pantry"],
    "tags": ["confectionery", "chocolate-bars"],
    "locations": {
      "vic": {
        "price": 1.5,
        "promoText": "$1.00 ",
        "packageSize": "72g",
        "packagePrice": "$2.08 per 100G"
      }
    }
  },
  {
    "id": "mars-chocolate-snickers-almond",
    "brand": "Snickers",
    "name": "Almond Chocolate Bar",
    "imageUrl": "https://shop.coles.com.au/wcsstore/Coles-CAS/images/3/5/8/3588066-th.jpg",
    "categories": ["pantry"],
    "tags": ["confectionery", "chocolate-bars"],
    "locations": {
      "vic": {
        "price": 2,
        "promoText": " ",
        "packageSize": "50g",
        "packagePrice": "$4.00 per 100G"
      }
    }
  },
  {
    "id": "mars-large-bag-m-ms-regular",
    "brand": "M&M's",
    "name": "Milk Chocolate Bag Large",
    "imageUrl": "https://shop.coles.com.au/wcsstore/Coles-CAS/images/6/1/0/6104122-th.jpg",
    "categories": ["pantry"],
    "tags": ["confectionery", "chocolate-bags"],
    "locations": {
      "vic": {
        "price": 5,
        "promoText": " ",
        "packageSize": "345g",
        "packagePrice": "$1.45 per 100G"
      }
    }
  },
  {
    "id": "mars-large-bag-m-ms-peanuts",
    "brand": "M&M's",
    "name": "Peanut Chocolate Bag Large",
    "imageUrl": "https://shop.coles.com.au/wcsstore/Coles-CAS/images/6/1/0/6104097-th.jpg",
    "categories": ["pantry"],
    "tags": ["confectionery", "chocolate-bags"],
    "locations": {
      "vic": {
        "price": 5,
        "promoText": " ",
        "packageSize": "345g",
        "packagePrice": "$1.45 per 100G"
      }
    }
  },
  {
    "id": "nestle-family-size-smarties",
    "brand": "Nestle",
    "name": "Smarties Chocolate Bag Family Size",
    "imageUrl": "https://shop.coles.com.au/wcsstore/Coles-CAS/images/9/4/0/9405840-th.jpg",
    "categories": ["pantry"],
    "tags": ["confectionery", "chocolate-bags"],
    "locations": {
      "vic": {
        "price": 5,
        "promoText": " ",
        "packageSize": "340g",
        "packagePrice": "$1.47 per 100G"
      }
    }
  },
  {
    "id": "m-ms-crispy-bag",
    "brand": "M&M's",
    "name": "Crispy Chocolate Large Pouch",
    "imageUrl": "https://shop.coles.com.au/wcsstore/Coles-CAS/images/8/1/8/8186693-th.jpg",
    "categories": ["pantry"],
    "tags": ["confectionery", "chocolate-bags"],
    "locations": {
      "vic": {
        "price": 5,
        "promoText": " ",
        "packageSize": "305g",
        "packagePrice": "$1.64 per 100G"
      }
    }
  },
  {
    "id": "mars-m-ms-peanut-5258947p",
    "brand": "M&M's",
    "name": "Chocolate Peanut Bag Medium",
    "imageUrl": "https://shop.coles.com.au/wcsstore/Coles-CAS/images/5/2/5/5258947-th.jpg",
    "categories": ["pantry"],
    "tags": ["confectionery", "chocolate-bags"],
    "locations": {
      "vic": {
        "price": 4.25,
        "promoText": " ",
        "packageSize": "180g",
        "packagePrice": "$2.36 per 100G"
      }
    }
  },
  {
    "id": "allens-family-size-jaffas",
    "brand": "Allen's",
    "name": "Jaffas Family Size Bag",
    "imageUrl": "https://shop.coles.com.au/wcsstore/Coles-CAS/images/3/0/3/3035588-th.jpg",
    "categories": ["pantry"],
    "tags": ["confectionery", "chocolate-bags"],
    "locations": {
      "vic": {
        "price": 5,
        "promoText": " ",
        "packageSize": "340g",
        "packagePrice": "$1.47 per 100G"
      }
    }
  },
  {
    "id": "allens-family-size-freckles",
    "brand": "Allen's",
    "name": "Freckles Family Size Bag",
    "imageUrl": "https://shop.coles.com.au/wcsstore/Coles-CAS/images/1/8/9/1895381-th.jpg",
    "categories": ["pantry"],
    "tags": ["confectionery", "chocolate-bags"],
    "locations": {
      "vic": {
        "price": 5,
        "promoText": " ",
        "packageSize": "340g",
        "packagePrice": "$1.47 per 100G"
      }
    }
  },
  {
    "id": "allens-family-size-fantales",
    "brand": "Allen's",
    "name": "Fantales Family Size",
    "imageUrl": "https://shop.coles.com.au/wcsstore/Coles-CAS/images/9/4/0/9405635-th.jpg",
    "categories": ["pantry"],
    "tags": ["confectionery", "chocolate-bags"],
    "locations": {
      "vic": {
        "price": 5,
        "promoText": " ",
        "packageSize": "340g",
        "packagePrice": "$1.47 per 100G"
      }
    }
  },
  {
    "id": "coles-chocolate-coated-almonds-2224938p",
    "brand": "Coles",
    "name": "Chocolate Coated Almonds",
    "imageUrl": "https://shop.coles.com.au/wcsstore/Coles-CAS/images/2/2/2/2224938-th.jpg",
    "categories": ["pantry"],
    "tags": ["confectionery", "chocolate-bags"],
    "locations": {
      "vic": {
        "price": 2,
        "promoText": " ",
        "packageSize": "190g",
        "packagePrice": "$1.05 per 100G"
      }
    }
  },
  {
    "id": "maltesers-chocolates",
    "brand": "Maltesers",
    "name": "Milk Chocolate Bag Medium",
    "imageUrl": "https://shop.coles.com.au/wcsstore/Coles-CAS/images/5/1/0/5106508-th.jpg",
    "categories": ["pantry"],
    "tags": ["confectionery", "chocolate-bags"],
    "locations": {
      "vic": {
        "price": 4.25,
        "promoText": " ",
        "packageSize": "140g",
        "packagePrice": "$3.04 per 100G"
      }
    }
  },
  {
    "id": "darrell-lea-mega-balls-big-orange",
    "brand": "Darrell Lea",
    "name": "Milk Chocolate Big Orange Balls",
    "imageUrl": "https://shop.coles.com.au/wcsstore/Coles-CAS/images/3/4/5/3451210-th.jpg",
    "categories": ["pantry"],
    "tags": ["confectionery", "chocolate-bags"],
    "locations": {
      "vic": {
        "price": 3,
        "promoText": "$1.00 ",
        "packageSize": "185g",
        "packagePrice": "$1.62 per 100G"
      }
    }
  },
  {
    "id": "maltesers-chocolate-bag-large",
    "brand": "Maltesers",
    "name": "Milk Chocolate Bag Large",
    "imageUrl": "https://shop.coles.com.au/wcsstore/Coles-CAS/images/9/7/7/9776036-th.jpg",
    "categories": ["pantry"],
    "tags": ["confectionery", "chocolate-bags"],
    "locations": {
      "vic": {
        "price": 5,
        "promoText": " ",
        "packageSize": "250g",
        "packagePrice": "$2.00 per 100G"
      }
    }
  },
  {
    "id": "lindt-fruit-sensation-raspberry-cranberry",
    "brand": "Lindt",
    "name": "Fruit Sensation Raspberry & Cranberry Dark Chocolate",
    "imageUrl": "https://shop.coles.com.au/wcsstore/Coles-CAS/images/3/1/8/3185900-th.jpg",
    "categories": ["pantry"],
    "tags": ["confectionery", "chocolate-bags"],
    "locations": {
      "vic": {
        "price": 6,
        "promoText": " ",
        "packageSize": "150g",
        "packagePrice": "$4.00 per 100G"
      }
    }
  },
  {
    "id": "mars-pods-snickers",
    "brand": "Mars",
    "name": "Snickers Pods Chocolate Medium Bag",
    "imageUrl": "https://shop.coles.com.au/wcsstore/Coles-CAS/images/5/8/9/5899759-th.jpg",
    "categories": ["pantry"],
    "tags": ["confectionery", "chocolate-bags"],
    "locations": {
      "vic": {
        "price": 4.25,
        "promoText": " ",
        "packageSize": "160g",
        "packagePrice": "$2.66 per 100G"
      }
    }
  },
  {
    "id": "darrell-lea-mega-balls-mega-mint",
    "brand": "Darrell Lea",
    "name": "Mega Minty Milk Chocolate Balls",
    "imageUrl": "https://shop.coles.com.au/wcsstore/Coles-CAS/images/3/4/4/3449365-th.jpg",
    "categories": ["pantry"],
    "tags": ["confectionery", "chocolate-bags"],
    "locations": {
      "vic": {
        "price": 3,
        "promoText": "$1.00 ",
        "packageSize": "185g",
        "packagePrice": "$1.62 per 100G"
      }
    }
  },
  {
    "id": "lindt-fruit-sensation-blueberry-acai",
    "brand": "Lindt",
    "name": "Fruit Sensation Blueberry & Acai Dark Chocolate",
    "imageUrl": "https://shop.coles.com.au/wcsstore/Coles-CAS/images/3/1/8/3185933-th.jpg",
    "categories": ["pantry"],
    "tags": ["confectionery", "chocolate-bags"],
    "locations": {
      "vic": {
        "price": 6,
        "promoText": " ",
        "packageSize": "150g",
        "packagePrice": "$4.00 per 100G"
      }
    }
  },
  {
    "id": "lindt-crispy-sensation-milk-chocolate",
    "brand": "Lindt Crispy Sensation",
    "name": "Milk Chocolate",
    "imageUrl": "https://shop.coles.com.au/wcsstore/Coles-CAS/images/3/7/3/3735477-th.jpg",
    "categories": ["pantry"],
    "tags": ["confectionery", "chocolate-bags"],
    "locations": {
      "vic": {
        "price": 6,
        "promoText": " ",
        "packageSize": "140g",
        "packagePrice": "$4.29 per 100G"
      }
    }
  },
  {
    "id": "mars-m-ms-crispy",
    "brand": "M&M's",
    "name": "Crispy Chocolate Bag Medium",
    "imageUrl": "https://shop.coles.com.au/wcsstore/Coles-CAS/images/8/5/3/8530198-th.jpg",
    "categories": ["pantry"],
    "tags": ["confectionery", "chocolate-bags"],
    "locations": {
      "vic": {
        "price": 4.25,
        "promoText": " ",
        "packageSize": "145g",
        "packagePrice": "$2.93 per 100G"
      }
    }
  },
  {
    "id": "mars-m-ms-caramel",
    "brand": "M&M's",
    "name": "Chocolate Caramel Bag Medium",
    "imageUrl": "https://shop.coles.com.au/wcsstore/Coles-CAS/images/3/2/9/3293630-th.jpg",
    "categories": ["pantry"],
    "tags": ["confectionery", "chocolate-bags"],
    "locations": {
      "vic": {
        "price": 4.25,
        "promoText": " ",
        "packageSize": "130g",
        "packagePrice": "$3.27 per 100G"
      }
    }
  },
  {
    "id": "mars-maltesers-honeycomb",
    "brand": "Maltesers",
    "name": "Honeycomb Flavour Chocolate Bag Medium",
    "imageUrl": "https://shop.coles.com.au/wcsstore/Coles-CAS/images/3/0/1/3019640-th.jpg",
    "categories": ["pantry"],
    "tags": ["confectionery", "chocolate-bags"],
    "locations": {
      "vic": {
        "price": 4.25,
        "promoText": " ",
        "packageSize": "140g",
        "packagePrice": "$3.04 per 100G"
      }
    }
  },
  {
    "id": "mars-pods-mars",
    "brand": "Mars",
    "name": "Pods Chocolate",
    "imageUrl": "https://shop.coles.com.au/wcsstore/Coles-CAS/images/5/8/9/5899760-th.jpg",
    "categories": ["pantry"],
    "tags": ["confectionery", "chocolate-bags"],
    "locations": {
      "vic": {
        "price": 4.25,
        "promoText": " ",
        "packageSize": "160g",
        "packagePrice": "$2.66 per 100G"
      }
    }
  },
  {
    "id": "mars-m-ms-mint",
    "brand": "Mars",
    "name": "M&M's Mint",
    "imageUrl": "https://shop.coles.com.au/wcsstore/Coles-CAS/images/3/7/1/3715640-th.jpg",
    "categories": ["pantry"],
    "tags": ["confectionery", "chocolate-bags"],
    "locations": {
      "vic": {
        "price": 4.25,
        "promoText": " ",
        "packageSize": "160g",
        "packagePrice": "$2.66 per 100G"
      }
    }
  },
  {
    "id": "pascall-pineapple-lumps-2351877p",
    "brand": "Pascall",
    "name": "Pineapple Lumps",
    "imageUrl": "https://shop.coles.com.au/wcsstore/Coles-CAS/images/2/3/5/2351877-th.jpg",
    "categories": ["pantry"],
    "tags": ["confectionery", "chocolate-bags"],
    "locations": {
      "vic": {
        "price": 2.5,
        "promoText": "$1.50 ",
        "packageSize": "185g",
        "packagePrice": "$1.35 per 100G"
      }
    }
  },
  {
    "id": "violet-crumble-choc-honeycomb-bag",
    "brand": "Violet Crumble",
    "name": "Gluten Free Chocolate Bites",
    "imageUrl": "https://shop.coles.com.au/wcsstore/Coles-CAS/images/3/4/5/3451367-th.jpg",
    "categories": ["pantry"],
    "tags": ["confectionery", "chocolate-bags"],
    "locations": {
      "vic": {
        "price": 4.4,
        "promoText": " ",
        "packageSize": "180g",
        "packagePrice": "$2.44 per 100G"
      }
    }
  },
  {
    "id": "cadbury-clinkers",
    "brand": "Cadbury",
    "name": "Clinkers",
    "imageUrl": "https://shop.coles.com.au/wcsstore/Coles-CAS/images/2/3/5/2351888-th.jpg",
    "categories": ["pantry"],
    "tags": ["confectionery", "chocolate-bags"],
    "locations": {
      "vic": {
        "price": 5,
        "promoText": "Was $6.00 on Dec 2017 ",
        "packageSize": "300g",
        "packagePrice": "$1.67 per 100G"
      }
    }
  },
  {
    "id": "cadbury-bitesize-twirl",
    "brand": "Cadbury Bitesize",
    "name": "Twirl",
    "imageUrl": "https://shop.coles.com.au/wcsstore/Coles-CAS/images/3/7/3/3738442-th.jpg",
    "categories": ["pantry"],
    "tags": ["confectionery", "chocolate-bags"],
    "locations": {
      "vic": {
        "price": 4,
        "promoText": " ",
        "packageSize": "135g",
        "packagePrice": "$2.96 per 100G"
      }
    }
  },
  {
    "id": "coles-chocolate-coated-sultanas",
    "brand": "Coles",
    "name": "Chocolate Coated Sultanas",
    "imageUrl": "https://shop.coles.com.au/wcsstore/Coles-CAS/images/2/2/2/2224949-th.jpg",
    "categories": ["pantry"],
    "tags": ["confectionery", "chocolate-bags"],
    "locations": {
      "vic": {
        "price": 2,
        "promoText": " ",
        "packageSize": "168g",
        "packagePrice": "$1.19 per 100G"
      }
    }
  },
  {
    "id": "double-d-sugar-fre-fruit-jellies",
    "brand": "Double D",
    "name": "Sugar Free Fruit Jellies Candy",
    "imageUrl": "https://shop.coles.com.au/wcsstore/Coles-CAS/images/3/7/3/3736356-th.jpg",
    "categories": ["pantry"],
    "tags": ["confectionery", "chocolate-bags"],
    "locations": {
      "vic": {
        "price": 2.6,
        "promoText": " ",
        "packageSize": "90g",
        "packagePrice": "$2.89 per 100G"
      }
    }
  },
  {
    "id": "europe-bitesize-summer-roll",
    "brand": "Europe",
    "name": "Minis Summer Roll",
    "imageUrl": "https://shop.coles.com.au/wcsstore/Coles-CAS/images/3/5/4/3542462-th.jpg",
    "categories": ["pantry"],
    "tags": ["confectionery", "chocolate-bags"],
    "locations": {
      "vic": {
        "price": 4,
        "promoText": " ",
        "packageSize": "135g",
        "packagePrice": "$2.96 per 100G"
      }
    }
  },
  {
    "id": "kinder-bueno-minis",
    "brand": "Kinder",
    "name": "Bueno Minis",
    "imageUrl": "https://shop.coles.com.au/wcsstore/Coles-CAS/images/2/8/7/2877400-th.jpg",
    "categories": ["pantry"],
    "tags": ["confectionery", "chocolate-bags"],
    "locations": {
      "vic": {
        "price": 4,
        "promoText": " ",
        "packageSize": "108g",
        "packagePrice": "$3.70 per 100G"
      }
    }
  },
  {
    "id": "m-ms--milk-chocolate",
    "brand": "M&M's",
    "name": "Milk Chocolate Bag Medium",
    "imageUrl": "https://shop.coles.com.au/wcsstore/Coles-CAS/images/5/2/5/5258936-th.jpg",
    "categories": ["pantry"],
    "tags": ["confectionery", "chocolate-bags"],
    "locations": {
      "vic": {
        "price": 4.25,
        "promoText": " ",
        "packageSize": "180g",
        "packagePrice": "$2.36 per 100G"
      }
    }
  },
  {
    "id": "pods-mars-310-grams",
    "brand": "Mars",
    "name": "Pods Chocolate Large Bag",
    "imageUrl": "https://shop.coles.com.au/wcsstore/Coles-CAS/images/9/1/8/9186382-th.jpg",
    "categories": ["pantry"],
    "tags": ["confectionery", "chocolate-bags"],
    "locations": {
      "vic": {
        "price": 5,
        "promoText": " ",
        "packageSize": "280g",
        "packagePrice": "$1.79 per 100G"
      }
    }
  },
  {
    "id": "coles-chocolate-coated-peanuts",
    "brand": "Coles",
    "name": "Chocolate Coated Peanuts",
    "imageUrl": "https://shop.coles.com.au/wcsstore/Coles-CAS/images/2/2/2/2224950-th.jpg",
    "categories": ["pantry"],
    "tags": ["confectionery", "chocolate-bags"],
    "locations": {
      "vic": {
        "price": 2,
        "promoText": " ",
        "packageSize": "190g",
        "packagePrice": "$1.05 per 100G"
      }
    }
  },
  {
    "id": "double-d-sugar-fre-butter-candy",
    "brand": "Double D",
    "name": "Sugar Free Butter Candy",
    "imageUrl": "https://shop.coles.com.au/wcsstore/Coles-CAS/images/3/7/3/3736334-th.jpg",
    "categories": ["pantry"],
    "tags": ["confectionery", "chocolate-bags"],
    "locations": {
      "vic": {
        "price": 2.6,
        "promoText": " ",
        "packageSize": "90g",
        "packagePrice": "$2.89 per 100G"
      }
    }
  },
  {
    "id": "double-d-sugar-fre-fruit-drops",
    "brand": "Double D",
    "name": "Sugar Free Fruit Drops Candy",
    "imageUrl": "https://shop.coles.com.au/wcsstore/Coles-CAS/images/3/7/3/3736345-th.jpg",
    "categories": ["pantry"],
    "tags": ["confectionery", "chocolate-bags"],
    "locations": {
      "vic": {
        "price": 2.6,
        "promoText": " ",
        "packageSize": "90g",
        "packagePrice": "$2.89 per 100G"
      }
    }
  },
  {
    "id": "lindt-fruit-sensations-mango-passionfruit",
    "brand": "Lindt",
    "name": "Fruit Sensations Mango & Passionfruit Dark Chocolate",
    "imageUrl": "https://shop.coles.com.au/wcsstore/Coles-CAS/images/3/5/8/3589910-th.jpg",
    "categories": ["pantry"],
    "tags": ["confectionery", "chocolate-bags"],
    "locations": {
      "vic": {
        "price": 6,
        "promoText": " ",
        "packageSize": "150g",
        "packagePrice": "$4.00 per 100G"
      }
    }
  },
  {
    "id": "mars-m-ms-mix-ups-8772732p",
    "brand": "M&M's",
    "name": "Mix Ups Chocolate Bag Medium",
    "imageUrl": "https://shop.coles.com.au/wcsstore/Coles-CAS/images/8/7/7/8772732-th.jpg",
    "categories": ["pantry"],
    "tags": ["confectionery", "chocolate-bags"],
    "locations": {
      "vic": {
        "price": 4.25,
        "promoText": " ",
        "packageSize": "145g",
        "packagePrice": "$2.93 per 100G"
      }
    }
  },
  {
    "id": "mars-m-ms-crispy-honeycomb",
    "brand": "M&M's",
    "name": "Crispy Honeycomb Flavour Chocolate Bag Medium",
    "imageUrl": "https://shop.coles.com.au/wcsstore/Coles-CAS/images/3/5/8/3584870-th.jpg",
    "categories": ["pantry"],
    "tags": ["confectionery", "chocolate-bags"],
    "locations": {
      "vic": {
        "price": 4.25,
        "promoText": " ",
        "packageSize": "145g",
        "packagePrice": "$2.93 per 100G"
      }
    }
  },
  {
    "id": "mars-maltesers-buttons",
    "brand": "Maltesers",
    "name": "Buttons Milk Chocolate Bag Medium",
    "imageUrl": "https://shop.coles.com.au/wcsstore/Coles-CAS/images/3/5/8/3588055-th.jpg",
    "categories": ["pantry"],
    "tags": ["confectionery", "chocolate-bags"],
    "locations": {
      "vic": {
        "price": 4.25,
        "promoText": " ",
        "packageSize": "120g",
        "packagePrice": "$3.54 per 100G"
      }
    }
  },
  {
    "id": "cadbury-bitesize-bitsa-wispa",
    "brand": "Cadbury",
    "name": "Curly Wurly Squirlies",
    "imageUrl": "https://shop.coles.com.au/wcsstore/Coles-CAS/images/2/9/1/2912840-th.jpg",
    "categories": ["pantry"],
    "tags": ["confectionery", "chocolate-bags"],
    "locations": {
      "vic": {
        "price": 4,
        "promoText": " ",
        "packageSize": "110g",
        "packagePrice": "$3.64 per 100G"
      }
    }
  },
  {
    "id": "cadbury-really-nutty-snack-pack",
    "brand": "Cadbury",
    "name": "Really Nutty Snack Pack",
    "imageUrl": "https://shop.coles.com.au/wcsstore/Coles-CAS/images/3/7/3/3739026-th.jpg",
    "categories": ["pantry"],
    "tags": ["confectionery", "chocolate-bags"],
    "locations": {
      "vic": {
        "price": 2.5,
        "promoText": "Any 2 $3",
        "packageSize": "36g",
        "packagePrice": "$6.94 per 100G"
      }
    }
  },
  {
    "id": "cadbury-smoshed-share-pack-cranberry-almond",
    "brand": "Cadbury",
    "name": "Smooshed Cranberry & Almond Share Pack",
    "imageUrl": "https://shop.coles.com.au/wcsstore/Coles-CAS/images/3/7/3/3739015-th.jpg",
    "categories": ["pantry"],
    "tags": ["confectionery", "chocolate-bags"],
    "locations": {
      "vic": {
        "price": 6,
        "promoText": " ",
        "packageSize": "150g",
        "packagePrice": "$4.00 per 100G"
      }
    }
  },
  {
    "id": "cadbury-sharepack-really-nutty",
    "brand": "Cadbury",
    "name": "Really Nutty Sharepack",
    "imageUrl": "https://shop.coles.com.au/wcsstore/Coles-CAS/images/3/7/3/3738522-th.jpg",
    "categories": ["pantry"],
    "tags": ["confectionery", "chocolate-bags"],
    "locations": {
      "vic": {
        "price": 6,
        "promoText": " ",
        "packageSize": "150g",
        "packagePrice": "$4.00 per 100G"
      }
    }
  },
  {
    "id": "cadbury-smoshed-bar-cranberry-almond",
    "brand": "Cadbury",
    "name": "Smooshed Cranberry & Almond Bar",
    "imageUrl": "https://shop.coles.com.au/wcsstore/Coles-CAS/images/3/7/3/3738985-th.jpg",
    "categories": ["pantry"],
    "tags": ["confectionery", "chocolate-bags"],
    "locations": {
      "vic": {
        "price": 2.5,
        "promoText": "Any 2 $3",
        "packageSize": "36g",
        "packagePrice": "$6.94 per 100G"
      }
    }
  },
  {
    "id": "cadbury-bitesize-old-gold-3826277p",
    "brand": "Cadbury",
    "name": "Bitesize Old Gold Almond & Orange",
    "imageUrl": "https://shop.coles.com.au/wcsstore/Coles-CAS/images/3/8/2/3826277-th.jpg",
    "categories": ["pantry"],
    "tags": ["confectionery", "chocolate-bags"],
    "locations": {
      "vic": {
        "price": 4,
        "promoText": " ",
        "packageSize": "120g",
        "packagePrice": "$3.33 per 100G"
      }
    }
  },
  {
    "id": "coles-choc-coated-bites-deconstructed-rocky-road",
    "brand": "Coles",
    "name": "Deconstructed Rocky Road Milk Chocolate Coated Bites",
    "imageUrl": "https://shop.coles.com.au/wcsstore/Coles-CAS/images/3/5/7/3576624-th.jpg",
    "categories": ["pantry"],
    "tags": ["confectionery", "chocolate-bags"],
    "locations": {
      "vic": {
        "price": 3.5,
        "promoText": " ",
        "packageSize": "170g",
        "packagePrice": "$2.06 per 100G"
      }
    }
  },
  {
    "id": "darrell-lea-choc-balls-caramel-kisses",
    "brand": "Darrell Lea",
    "name": "Caramel Kisses Milk Chocolate Balls",
    "imageUrl": "https://shop.coles.com.au/wcsstore/Coles-CAS/images/3/4/5/3453271-th.jpg",
    "categories": ["pantry"],
    "tags": ["confectionery", "chocolate-bags"],
    "locations": {
      "vic": {
        "price": 0,
        "promoText": " ",
        "packageSize": "160g",
        "packagePrice": ""
      }
    }
  },
  {
    "id": "gren-black-s-velvet-fruit-pearls-raspberry",
    "brand": "Green & Black's Velvet",
    "name": "Fruit Pearls Raspberry",
    "imageUrl": "https://shop.coles.com.au/wcsstore/Coles-CAS/images/3/7/3/3738500-th.jpg",
    "categories": ["pantry"],
    "tags": ["confectionery", "chocolate-bags"],
    "locations": {
      "vic": {
        "price": 4,
        "promoText": "$1.50 ",
        "packageSize": "120g",
        "packagePrice": "$3.33 per 100G"
      }
    }
  },
  {
    "id": "gren-black-s-velvet-fruit-pearls-orange",
    "brand": "Green & Black's Velvet",
    "name": "Fruit Pearls Orange",
    "imageUrl": "https://shop.coles.com.au/wcsstore/Coles-CAS/images/3/7/3/3738497-th.jpg",
    "categories": ["pantry"],
    "tags": ["confectionery", "chocolate-bags"],
    "locations": {
      "vic": {
        "price": 4,
        "promoText": "$1.50 ",
        "packageSize": "120g",
        "packagePrice": "$3.33 per 100G"
      }
    }
  },
  {
    "id": "mars-m-ms-minis",
    "brand": "M&M's",
    "name": "Minis Chocolate Bag Medium",
    "imageUrl": "https://shop.coles.com.au/wcsstore/Coles-CAS/images/9/7/7/9773038-th.jpg",
    "categories": ["pantry"],
    "tags": ["confectionery", "chocolate-bags"],
    "locations": {
      "vic": {
        "price": 4.25,
        "promoText": " ",
        "packageSize": "145g",
        "packagePrice": "$2.93 per 100G"
      }
    }
  },
  {
    "id": "mars-m-ms-birthday-cake",
    "brand": "M&M's",
    "name": "Birthday Cake Chocolate",
    "imageUrl": "https://shop.coles.com.au/wcsstore/Coles-CAS/images/3/5/8/3588088-th.jpg",
    "categories": ["pantry"],
    "tags": ["confectionery", "chocolate-bags"],
    "locations": {
      "vic": {
        "price": 0,
        "promoText": " ",
        "packageSize": "160g",
        "packagePrice": ""
      }
    }
  },
  {
    "id": "mars-maltesers-vanilla-shake",
    "brand": "Maltesers",
    "name": "Vanilla Shake Chocolate Bag Medium",
    "imageUrl": "https://shop.coles.com.au/wcsstore/Coles-CAS/images/3/5/8/3584859-th.jpg",
    "categories": ["pantry"],
    "tags": ["confectionery", "chocolate-bags"],
    "locations": {
      "vic": {
        "price": 0,
        "promoText": " ",
        "packageSize": "140g",
        "packagePrice": ""
      }
    }
  },
  {
    "id": "pods-snickers-large-bag",
    "brand": "Mars",
    "name": "Snickers Pods Chocolate Large Bag",
    "imageUrl": "https://shop.coles.com.au/wcsstore/Coles-CAS/images/9/1/8/9188093-th.jpg",
    "categories": ["pantry"],
    "tags": ["confectionery", "chocolate-bags"],
    "locations": {
      "vic": {
        "price": 5,
        "promoText": " ",
        "packageSize": "280g",
        "packagePrice": "$1.79 per 100G"
      }
    }
  },
  {
    "id": "nestle-kit-kat-fun-pack",
    "brand": "Nestle",
    "name": "KitKat Milk Chocolate 11 Pieces",
    "imageUrl": "https://shop.coles.com.au/wcsstore/Coles-CAS/images/5/1/6/5169687-th.jpg",
    "categories": ["pantry"],
    "tags": ["confectionery", "chocolate-multipacks"],
    "locations": {
      "vic": {
        "price": 4.6,
        "promoText": " ",
        "packageSize": "185g",
        "packagePrice": "$2.49 per 100G"
      }
    }
  },
  {
    "id": "nestle-milkybar-fun-pack",
    "brand": "Nestle",
    "name": "Milkybar White Chocolate 11 Piece Fun Pack",
    "imageUrl": "https://shop.coles.com.au/wcsstore/Coles-CAS/images/6/9/9/6991746-th.jpg",
    "categories": ["pantry"],
    "tags": ["confectionery", "chocolate-multipacks"],
    "locations": {
      "vic": {
        "price": 4.6,
        "promoText": " ",
        "packageSize": "158g",
        "packagePrice": "$2.91 per 100G"
      }
    }
  },
  {
    "id": "nestle-smarties-fun-pack",
    "brand": "Nestle",
    "name": "Smarties Chocolate 11 Piece Fun Pack",
    "imageUrl": "https://shop.coles.com.au/wcsstore/Coles-CAS/images/5/3/5/5350418-th.jpg",
    "categories": ["pantry"],
    "tags": ["confectionery", "chocolate-multipacks"],
    "locations": {
      "vic": {
        "price": 4.6,
        "promoText": " ",
        "packageSize": "140g",
        "packagePrice": "$3.29 per 100G"
      }
    }
  },
  {
    "id": "cadbury-sharepack-crunchie-12-treats",
    "brand": "Cadbury",
    "name": "Crunchie Chocolate Bar Multipack 12 Treats",
    "imageUrl": "https://shop.coles.com.au/wcsstore/Coles-CAS/images/2/3/5/2352971-th.jpg",
    "categories": ["pantry"],
    "tags": ["confectionery", "chocolate-multipacks"],
    "locations": {
      "vic": {
        "price": 5,
        "promoText": "Any 2 $7",
        "packageSize": "180g",
        "packagePrice": "$2.78 per 100G"
      }
    }
  },
  {
    "id": "mars-bar-fun-size-share-pack",
    "brand": "Mars",
    "name": "Chocolate Medium Party Share Bag 12 Pieces",
    "imageUrl": "https://shop.coles.com.au/wcsstore/Coles-CAS/images/5/2/2/5225960-th.jpg",
    "categories": ["pantry"],
    "tags": ["confectionery", "chocolate-multipacks"],
    "locations": {
      "vic": {
        "price": 2.3,
        "promoText": "$2.30 ",
        "packageSize": "216g",
        "packagePrice": "$1.06 per 100G"
      }
    }
  },
  {
    "id": "mars-funsize-variety",
    "brand": "Mars",
    "name": "Mixed Variety Chocolate Large Party Share Bag 20 Pieces",
    "imageUrl": "https://shop.coles.com.au/wcsstore/Coles-CAS/images/1/2/5/1257148-th.jpg",
    "categories": ["pantry"],
    "tags": ["confectionery", "chocolate-multipacks"],
    "locations": {
      "vic": {
        "price": 6,
        "promoText": " ",
        "packageSize": "307g",
        "packagePrice": "$1.95 per 100G"
      }
    }
  },
  {
    "id": "cadbury-caramello-koala-sharepack-12-treats",
    "brand": "Cadbury",
    "name": "Caramello Koala Chocolate Multipack 12 Treats",
    "imageUrl": "https://shop.coles.com.au/wcsstore/Coles-CAS/images/2/3/5/2353056-th.jpg",
    "categories": ["pantry"],
    "tags": ["confectionery", "chocolate-multipacks"],
    "locations": {
      "vic": {
        "price": 5,
        "promoText": "Any 2 $7",
        "packageSize": "180g",
        "packagePrice": "$2.78 per 100G"
      }
    }
  },
  {
    "id": "mars-snickers-fun-size-share-pack",
    "brand": "Snickers",
    "name": "Chocolate Medium Party Share Bag 12 piece",
    "imageUrl": "https://shop.coles.com.au/wcsstore/Coles-CAS/images/5/2/2/5225959-th.jpg",
    "categories": ["pantry"],
    "tags": ["confectionery", "chocolate-multipacks"],
    "locations": {
      "vic": {
        "price": 2.3,
        "promoText": "$2.30 ",
        "packageSize": "216g",
        "packagePrice": "$1.06 per 100G"
      }
    }
  },
  {
    "id": "mars-fun-size-milky-way",
    "brand": "Milky Way",
    "name": "Chocolate Medium Party Share Bag 18 Pieces",
    "imageUrl": "https://shop.coles.com.au/wcsstore/Coles-CAS/images/5/2/2/5225926-th.jpg",
    "categories": ["pantry"],
    "tags": ["confectionery", "chocolate-multipacks"],
    "locations": {
      "vic": {
        "price": 2.3,
        "promoText": "$2.30 ",
        "packageSize": "216g",
        "packagePrice": "$1.06 per 100G"
      }
    }
  },
  {
    "id": "cadbury-sharepack-freddo-dairy-milk-3768851p",
    "brand": "Cadbury",
    "name": "Sharepack Freddo Dairy Milk",
    "imageUrl": "https://shop.coles.com.au/wcsstore/Coles-CAS/images/3/7/6/3768851-th.jpg",
    "categories": ["pantry"],
    "tags": ["confectionery", "chocolate-multipacks"],
    "locations": {
      "vic": {
        "price": 5,
        "promoText": "Any 2 $7",
        "packageSize": "144 GRAM",
        "packagePrice": ""
      }
    }
  },
  {
    "id": "mars-fun-size-m-ms-milk-chocolate",
    "brand": "M&M's",
    "name": "Chocolate Party Share Bag Medium 12 Piece Pack",
    "imageUrl": "https://shop.coles.com.au/wcsstore/Coles-CAS/images/1/2/6/1261010-th.jpg",
    "categories": ["pantry"],
    "tags": ["confectionery", "chocolate-multipacks"],
    "locations": {
      "vic": {
        "price": 2.3,
        "promoText": "$2.30 ",
        "packageSize": "162g",
        "packagePrice": "$1.42 per 100G"
      }
    }
  },
  {
    "id": "mars-bounty-fun-size",
    "brand": "Bounty",
    "name": "Chocolate Medium Party Share Bag 16 Piece",
    "imageUrl": "https://shop.coles.com.au/wcsstore/Coles-CAS/images/5/2/2/5225937-th.jpg",
    "categories": ["pantry"],
    "tags": ["confectionery", "chocolate-multipacks"],
    "locations": {
      "vic": {
        "price": 2.3,
        "promoText": "$2.30 ",
        "packageSize": "164g",
        "packagePrice": "$1.40 per 100G"
      }
    }
  },
  {
    "id": "mars-confectionery-twix-fun-size",
    "brand": "Twix",
    "name": "Chocolate Medium Party Share Bag 12 piece",
    "imageUrl": "https://shop.coles.com.au/wcsstore/Coles-CAS/images/6/0/2/6029457-th.jpg",
    "categories": ["pantry"],
    "tags": ["confectionery", "chocolate-multipacks"],
    "locations": {
      "vic": {
        "price": 2.3,
        "promoText": "$2.30 ",
        "packageSize": "174g",
        "packagePrice": "$1.32 per 100G"
      }
    }
  },
  {
    "id": "maltesers-fun-size-maltesers",
    "brand": "Maltesers",
    "name": "Milk Chocolate Party Share Bag Medium 12 Piece Pack",
    "imageUrl": "https://shop.coles.com.au/wcsstore/Coles-CAS/images/5/3/7/5376488-th.jpg",
    "categories": ["pantry"],
    "tags": ["confectionery", "chocolate-multipacks"],
    "locations": {
      "vic": {
        "price": 2.3,
        "promoText": "$2.30 ",
        "packageSize": "144g",
        "packagePrice": "$1.60 per 100G"
      }
    }
  },
  {
    "id": "cadbury-sharepack-special-treats",
    "brand": "Cadbury",
    "name": "Special Treats Dairy Milk Chocolate Multipack",
    "imageUrl": "https://shop.coles.com.au/wcsstore/Coles-CAS/images/2/3/5/2352960-th.jpg",
    "categories": ["pantry"],
    "tags": ["confectionery", "chocolate-multipacks"],
    "locations": {
      "vic": {
        "price": 5,
        "promoText": "Any 2 $7",
        "packageSize": "180g",
        "packagePrice": "$2.78 per 100G"
      }
    }
  },
  {
    "id": "cadbury-picnic-sharepack-12-treats",
    "brand": "Cadbury",
    "name": "Picnic Chocolate Multipack 12 Treats",
    "imageUrl": "https://shop.coles.com.au/wcsstore/Coles-CAS/images/2/3/5/2353034-th.jpg",
    "categories": ["pantry"],
    "tags": ["confectionery", "chocolate-multipacks"],
    "locations": {
      "vic": {
        "price": 5,
        "promoText": "Any 2 $7",
        "packageSize": "180g",
        "packagePrice": "$2.78 per 100G"
      }
    }
  },
  {
    "id": "cadbury-sharepack-dairy-milk",
    "brand": "Cadbury",
    "name": "Sharepack Dairy Milk",
    "imageUrl": "https://shop.coles.com.au/wcsstore/Coles-CAS/images/3/7/6/3768840-th.jpg",
    "categories": ["pantry"],
    "tags": ["confectionery", "chocolate-multipacks"],
    "locations": {
      "vic": {
        "price": 5,
        "promoText": "Any 2 $7",
        "packageSize": "144 GRAM",
        "packagePrice": ""
      }
    }
  },
  {
    "id": "nestle-kit-kat-large-funpack",
    "brand": "Nestle",
    "name": "Kit Kat Large Funpack",
    "imageUrl": "https://shop.coles.com.au/wcsstore/Coles-CAS/images/3/7/6/3768250-th.jpg",
    "categories": ["pantry"],
    "tags": ["confectionery", "chocolate-multipacks"],
    "locations": {
      "vic": {
        "price": 5,
        "promoText": "Was $6.00 on Jun 2020 ",
        "packageSize": "306 GRAM",
        "packagePrice": ""
      }
    }
  },
  {
    "id": "cadbury-sharepack-twirl-12-treats",
    "brand": "Cadbury",
    "name": "Twirl Chocolate Multipack 12 Treats",
    "imageUrl": "https://shop.coles.com.au/wcsstore/Coles-CAS/images/2/3/5/2353078-th.jpg",
    "categories": ["pantry"],
    "tags": ["confectionery", "chocolate-multipacks"],
    "locations": {
      "vic": {
        "price": 5,
        "promoText": "Any 2 $7",
        "packageSize": "168g",
        "packagePrice": "$2.98 per 100G"
      }
    }
  },
  {
    "id": "cadbury-share-pack-turkish-delight",
    "brand": "Cadbury",
    "name": "Fry's Turkish Delight Chocolate Bar Multipack",
    "imageUrl": "https://shop.coles.com.au/wcsstore/Coles-CAS/images/9/5/8/9589265-th.jpg",
    "categories": ["pantry"],
    "tags": ["confectionery", "chocolate-multipacks"],
    "locations": {
      "vic": {
        "price": 5,
        "promoText": "Any 2 $7",
        "packageSize": "180g",
        "packagePrice": "$2.78 per 100G"
      }
    }
  },
  {
    "id": "cadbury-sharepack-freddo-milky-top",
    "brand": "Cadbury",
    "name": "Sharepack Freddo Milky Top",
    "imageUrl": "https://shop.coles.com.au/wcsstore/Coles-CAS/images/3/7/6/3768862-th.jpg",
    "categories": ["pantry"],
    "tags": ["confectionery", "chocolate-multipacks"],
    "locations": {
      "vic": {
        "price": 5,
        "promoText": "Any 2 $7",
        "packageSize": "144 GRAM",
        "packagePrice": ""
      }
    }
  },
  {
    "id": "mars-large-bag-fun-size-mars",
    "brand": "Mars",
    "name": "Chocolate Party Share Bag Large 20 Piece Pack",
    "imageUrl": "https://shop.coles.com.au/wcsstore/Coles-CAS/images/7/5/8/7580248-th.jpg",
    "categories": ["pantry"],
    "tags": ["confectionery", "chocolate-multipacks"],
    "locations": {
      "vic": {
        "price": 6,
        "promoText": " ",
        "packageSize": "360g",
        "packagePrice": "$1.67 per 100G"
      }
    }
  },
  {
    "id": "the-natural-confec-co-red-sugar-sharepack-fruit-mix",
    "brand": "The Natural Confectionery Co.",
    "name": "Fruity Gems Mini Bags 10 pack",
    "imageUrl": "https://shop.coles.com.au/wcsstore/Coles-CAS/images/3/4/5/3450841-th.jpg",
    "categories": ["pantry"],
    "tags": ["confectionery", "chocolate-multipacks"],
    "locations": {
      "vic": {
        "price": 5,
        "promoText": "Was $6.00 on Dec 2017 ",
        "packageSize": "300g",
        "packagePrice": "$1.67 per 100G"
      }
    }
  },
  {
    "id": "cadbury-share-pack-chocolate-flake",
    "brand": "Cadbury",
    "name": "Flake Chocolate Multipack 12 Treats",
    "imageUrl": "https://shop.coles.com.au/wcsstore/Coles-CAS/images/6/3/8/6387592-th.jpg",
    "categories": ["pantry"],
    "tags": ["confectionery", "chocolate-multipacks"],
    "locations": {
      "vic": {
        "price": 5,
        "promoText": "Any 2 $7",
        "packageSize": "168g",
        "packagePrice": "$2.98 per 100G"
      }
    }
  },
  {
    "id": "mars-mega-value-funsize-pack",
    "brand": "Mars",
    "name": "Mixed Variety Mega Value Bag 36 piece",
    "imageUrl": "https://shop.coles.com.au/wcsstore/Coles-CAS/images/3/6/1/3615067-th.jpg",
    "categories": ["pantry"],
    "tags": ["confectionery", "chocolate-multipacks"],
    "locations": {
      "vic": {
        "price": 9,
        "promoText": "Was $12.00 on Nov 2019 ",
        "packageSize": "523g",
        "packagePrice": "$1.72 per 100G"
      }
    }
  },
  {
    "id": "cadbury-cherry-ripe-sharepack-12-treats",
    "brand": "Cadbury",
    "name": "Cherry Ripe Chocolate Multipack 12 Treats",
    "imageUrl": "https://shop.coles.com.au/wcsstore/Coles-CAS/images/2/3/5/2352982-th.jpg",
    "categories": ["pantry"],
    "tags": ["confectionery", "chocolate-multipacks"],
    "locations": {
      "vic": {
        "price": 5,
        "promoText": "Any 2 $7",
        "packageSize": "180g",
        "packagePrice": "$2.78 per 100G"
      }
    }
  },
  {
    "id": "cadbury-large-sharepack-freddo-mix",
    "brand": "Cadbury",
    "name": "Large Sharepack Freddo Mix",
    "imageUrl": "https://shop.coles.com.au/wcsstore/Coles-CAS/images/3/7/6/3768909-th.jpg",
    "categories": ["pantry"],
    "tags": ["confectionery", "chocolate-multipacks"],
    "locations": {
      "vic": {
        "price": 5,
        "promoText": "Was $6.00 on Jun 2020 ",
        "packageSize": "234 GRAM",
        "packagePrice": ""
      }
    }
  },
  {
    "id": "cadbury-large-sharepack-freddo-dairy-milk",
    "brand": "Cadbury",
    "name": "Large Sharepack Freddo Dairy Milk",
    "imageUrl": "https://shop.coles.com.au/wcsstore/Coles-CAS/images/3/7/6/3768895-th.jpg",
    "categories": ["pantry"],
    "tags": ["confectionery", "chocolate-multipacks"],
    "locations": {
      "vic": {
        "price": 5,
        "promoText": "Was $6.00 on Jun 2020 ",
        "packageSize": "216 GRAM",
        "packagePrice": ""
      }
    }
  },
  {
    "id": "snickers-chocolate-bar-funsize-large-multipack",
    "brand": "Mars Large Funsize",
    "name": "Snickers",
    "imageUrl": "https://shop.coles.com.au/wcsstore/Coles-CAS/images/8/1/8/8182127-th.jpg",
    "categories": ["pantry"],
    "tags": ["confectionery", "chocolate-multipacks"],
    "locations": {
      "vic": {
        "price": 6,
        "promoText": " ",
        "packageSize": "360g",
        "packagePrice": "$1.67 per 100G"
      }
    }
  },
  {
    "id": "allens-minties-bag",
    "brand": "Allen's",
    "name": "Minties",
    "imageUrl": "https://shop.coles.com.au/wcsstore/Coles-CAS/images/1/3/8/1385115-th.jpg",
    "categories": ["pantry"],
    "tags": ["confectionery", "lollies"],
    "locations": {
      "vic": {
        "price": 3,
        "promoText": "Any 2 $5",
        "packageSize": "150g",
        "packagePrice": "$2.00 per 100G"
      }
    }
  },
  {
    "id": "allens-party-mix",
    "brand": "Allen's",
    "name": "Party Mix",
    "imageUrl": "https://shop.coles.com.au/wcsstore/Coles-CAS/images/5/1/9/5196850-th.jpg",
    "categories": ["pantry"],
    "tags": ["confectionery", "lollies"],
    "locations": {
      "vic": {
        "price": 3,
        "promoText": "Any 2 $5",
        "packageSize": "190g",
        "packagePrice": "$1.58 per 100G"
      }
    }
  },
  {
    "id": "pascall-marshmallows-pink-white",
    "brand": "Pascall",
    "name": "Marshmallows Pink and White",
    "imageUrl": "https://shop.coles.com.au/wcsstore/Coles-CAS/images/2/3/5/2351855-th.jpg",
    "categories": ["pantry"],
    "tags": ["confectionery", "lollies"],
    "locations": {
      "vic": {
        "price": 2.5,
        "promoText": "$1.50 ",
        "packageSize": "280g",
        "packagePrice": "$0.89 per 100G"
      }
    }
  },
  {
    "id": "the-natural-confectionery-co-snakes",
    "brand": "The Natural Confectionary Co.",
    "name": "Snakes",
    "imageUrl": "https://shop.coles.com.au/wcsstore/Coles-CAS/images/2/3/5/2351298-th.jpg",
    "categories": ["pantry"],
    "tags": ["confectionery", "lollies"],
    "locations": {
      "vic": {
        "price": 2.5,
        "promoText": "$1.50 ",
        "packageSize": "260g",
        "packagePrice": "$0.96 per 100G"
      }
    }
  },
  {
    "id": "the-natural-confectionary-co-party-mix-2351265p",
    "brand": "The Natural Confectionary Co.",
    "name": "Party Mix",
    "imageUrl": "https://shop.coles.com.au/wcsstore/Coles-CAS/images/2/3/5/2351265-th.jpg",
    "categories": ["pantry"],
    "tags": ["confectionery", "lollies"],
    "locations": {
      "vic": {
        "price": 2.5,
        "promoText": "$1.50 ",
        "packageSize": "240g",
        "packagePrice": "$1.04 per 100G"
      }
    }
  },
  {
    "id": "skittles-funsize-fruit",
    "brand": "Skittles",
    "name": "Fruits Lollies Party Share Bag",
    "imageUrl": "https://shop.coles.com.au/wcsstore/Coles-CAS/images/2/9/1/2914018-th.jpg",
    "categories": ["pantry"],
    "tags": ["confectionery", "lollies"],
    "locations": {
      "vic": {
        "price": 2.3,
        "promoText": "$2.30 ",
        "packageSize": "180g",
        "packagePrice": "$1.28 per 100G"
      }
    }
  },
  {
    "id": "skittles-fruits",
    "brand": "Skittles",
    "name": "Fruits Lollies Medium Bag",
    "imageUrl": "https://shop.coles.com.au/wcsstore/Coles-CAS/images/9/6/2/9628571-th.jpg",
    "categories": ["pantry"],
    "tags": ["confectionery", "lollies"],
    "locations": {
      "vic": {
        "price": 4.3,
        "promoText": " ",
        "packageSize": "200g",
        "packagePrice": "$2.15 per 100G"
      }
    }
  },
  {
    "id": "skittles-sours",
    "brand": "Skittles",
    "name": "Sours Lollies Medium Bag",
    "imageUrl": "https://shop.coles.com.au/wcsstore/Coles-CAS/images/7/5/8/7582094-th.jpg",
    "categories": ["pantry"],
    "tags": ["confectionery", "lollies"],
    "locations": {
      "vic": {
        "price": 4.3,
        "promoText": " ",
        "packageSize": "190g",
        "packagePrice": "$2.26 per 100G"
      }
    }
  },
  {
    "id": "allens-snakes-alive",
    "brand": "Allen's",
    "name": "Snakes Alive",
    "imageUrl": "https://shop.coles.com.au/wcsstore/Coles-CAS/images/9/5/3/9530138-th.jpg",
    "categories": ["pantry"],
    "tags": ["confectionery", "lollies"],
    "locations": {
      "vic": {
        "price": 3,
        "promoText": "Any 2 $5",
        "packageSize": "200g",
        "packagePrice": "$1.50 per 100G"
      }
    }
  },
  {
    "id": "allens-kool-mints-1385126p",
    "brand": "Allen's",
    "name": "Kool Mints",
    "imageUrl": "https://shop.coles.com.au/wcsstore/Coles-CAS/images/1/3/8/1385126-th.jpg",
    "categories": ["pantry"],
    "tags": ["confectionery", "lollies"],
    "locations": {
      "vic": {
        "price": 3,
        "promoText": "Any 2 $5",
        "packageSize": "150g",
        "packagePrice": "$2.00 per 100G"
      }
    }
  },
  {
    "id": "allens-classic-party-mix",
    "brand": "Allen's",
    "name": "Classic Party Mix",
    "imageUrl": "https://shop.coles.com.au/wcsstore/Coles-CAS/images/3/2/0/3207413-th.jpg",
    "categories": ["pantry"],
    "tags": ["confectionery", "lollies"],
    "locations": {
      "vic": {
        "price": 5,
        "promoText": "Was $5.40 on May 2018 ",
        "packageSize": "520g",
        "packagePrice": "$0.96 per 100G"
      }
    }
  },
  {
    "id": "allens-minties-3207377p",
    "brand": "Allen's",
    "name": "Minties",
    "imageUrl": "https://shop.coles.com.au/wcsstore/Coles-CAS/images/3/2/0/3207377-th.jpg",
    "categories": ["pantry"],
    "tags": ["confectionery", "lollies"],
    "locations": {
      "vic": {
        "price": 5,
        "promoText": "Was $5.40 on May 2018 ",
        "packageSize": "415g",
        "packagePrice": "$1.20 per 100G"
      }
    }
  },
  {
    "id": "darrell-lea-bullets-milk-choc-liquorice",
    "brand": "Darrell Lea",
    "name": "Bullet Milk Chocolate Liquorice",
    "imageUrl": "https://shop.coles.com.au/wcsstore/Coles-CAS/images/3/4/4/3448384-th.jpg",
    "categories": ["pantry"],
    "tags": ["confectionery", "lollies"],
    "locations": {
      "vic": {
        "price": 3,
        "promoText": "$1.00 ",
        "packageSize": "250g",
        "packagePrice": "$1.20 per 100G"
      }
    }
  },
  {
    "id": "pascall-large-marshmallow-pink-white",
    "brand": "Pascall",
    "name": "Marshmallow Pink and WhiteÂ Large",
    "imageUrl": "https://shop.coles.com.au/wcsstore/Coles-CAS/images/2/3/5/2351811-th.jpg",
    "categories": ["pantry"],
    "tags": ["confectionery", "lollies"],
    "locations": {
      "vic": {
        "price": 5,
        "promoText": "Was $6.00 on Dec 2017 ",
        "packageSize": "520g",
        "packagePrice": "$0.96 per 100G"
      }
    }
  },
  {
    "id": "allens-retro-party-mix",
    "brand": "Allen's",
    "name": "Retro Party Mix",
    "imageUrl": "https://shop.coles.com.au/wcsstore/Coles-CAS/images/5/9/1/5916031-th.jpg",
    "categories": ["pantry"],
    "tags": ["confectionery", "lollies"],
    "locations": {
      "vic": {
        "price": 3,
        "promoText": "Any 2 $5",
        "packageSize": "190g",
        "packagePrice": "$1.58 per 100G"
      }
    }
  },
  {
    "id": "allens-frogs-alive",
    "brand": "Allen's",
    "name": "Frogs Alive",
    "imageUrl": "https://shop.coles.com.au/wcsstore/Coles-CAS/images/5/1/9/5196806-th.jpg",
    "categories": ["pantry"],
    "tags": ["confectionery", "lollies"],
    "locations": {
      "vic": {
        "price": 3,
        "promoText": "Any 2 $5",
        "packageSize": "190g",
        "packagePrice": "$1.58 per 100G"
      }
    }
  },
  {
    "id": "allens-killer-pythons-2090900p",
    "brand": "Allen's",
    "name": "Killer Pythons",
    "imageUrl": "https://shop.coles.com.au/wcsstore/Coles-CAS/images/2/0/9/2090900-th.jpg",
    "categories": ["pantry"],
    "tags": ["confectionery", "lollies"],
    "locations": {
      "vic": {
        "price": 3,
        "promoText": "Any 2 $5",
        "packageSize": "192g",
        "packagePrice": "$1.56 per 100G"
      }
    }
  },
  {
    "id": "allens-party-mix-3207402p",
    "brand": "Allen's",
    "name": "Party Mix",
    "imageUrl": "https://shop.coles.com.au/wcsstore/Coles-CAS/images/3/2/0/3207402-th.jpg",
    "categories": ["pantry"],
    "tags": ["confectionery", "lollies"],
    "locations": {
      "vic": {
        "price": 5,
        "promoText": "Was $5.40 on May 2018 ",
        "packageSize": "520g",
        "packagePrice": "$0.96 per 100G"
      }
    }
  },
  {
    "id": "coles-bananas",
    "brand": "Coles",
    "name": "Bananas",
    "imageUrl": "https://shop.coles.com.au/wcsstore/Coles-CAS/images/2/2/2/2228214-th.jpg",
    "categories": ["pantry"],
    "tags": ["confectionery", "lollies"],
    "locations": {
      "vic": {
        "price": 0.95,
        "promoText": " ",
        "packageSize": "160g",
        "packagePrice": "$0.59 per 100G"
      }
    }
  },
  {
    "id": "the-natural-confectionary-co-snakes-large",
    "brand": "The Natural Confectionary Co.",
    "name": "Snakes Large",
    "imageUrl": "https://shop.coles.com.au/wcsstore/Coles-CAS/images/2/3/5/2351312-th.jpg",
    "categories": ["pantry"],
    "tags": ["confectionery", "lollies"],
    "locations": {
      "vic": {
        "price": 5,
        "promoText": "Was $6.00 on Dec 2017 ",
        "packageSize": "520g",
        "packagePrice": "$0.96 per 100G"
      }
    }
  },
  {
    "id": "the-natural-confec-co-reduced-sugar-snakes",
    "brand": "The Natural Confectionary Co.",
    "name": "25% Less Sugar Snakes",
    "imageUrl": "https://shop.coles.com.au/wcsstore/Coles-CAS/images/3/3/1/3311448-th.jpg",
    "categories": ["pantry"],
    "tags": ["confectionery", "lollies"],
    "locations": {
      "vic": {
        "price": 2.5,
        "promoText": "$1.50 ",
        "packageSize": "260g",
        "packagePrice": "$0.96 per 100G"
      }
    }
  },
  {
    "id": "allens-chicos",
    "brand": "Allen's",
    "name": "Chicos",
    "imageUrl": "https://shop.coles.com.au/wcsstore/Coles-CAS/images/9/5/3/9530207-th.jpg",
    "categories": ["pantry"],
    "tags": ["confectionery", "lollies"],
    "locations": {
      "vic": {
        "price": 3,
        "promoText": "Any 2 $5",
        "packageSize": "190g",
        "packagePrice": "$1.58 per 100G"
      }
    }
  },
  {
    "id": "coles-jelly-beans",
    "brand": "Coles",
    "name": "Jelly Beans",
    "imageUrl": "https://shop.coles.com.au/wcsstore/Coles-CAS/images/2/6/5/2654846-th.jpg",
    "categories": ["pantry"],
    "tags": ["confectionery", "lollies"],
    "locations": {
      "vic": {
        "price": 1,
        "promoText": " ",
        "packageSize": "147g",
        "packagePrice": "$0.68 per 100G"
      }
    }
  },
  {
    "id": "pascall-jubes-2351866p",
    "brand": "Pascall",
    "name": "Jubes",
    "imageUrl": "https://shop.coles.com.au/wcsstore/Coles-CAS/images/2/3/5/2351866-th.jpg",
    "categories": ["pantry"],
    "tags": ["confectionery", "lollies"],
    "locations": {
      "vic": {
        "price": 2.5,
        "promoText": "$1.50 ",
        "packageSize": "350g",
        "packagePrice": "$0.71 per 100G"
      }
    }
  },
  {
    "id": "the-natural-confectionary-co-fruit-salad-2351232p",
    "brand": "The Natural Confectionary Co.",
    "name": "Soft Jellies Fruit Salad Lollies",
    "imageUrl": "https://shop.coles.com.au/wcsstore/Coles-CAS/images/2/3/5/2351232-th.jpg",
    "categories": ["pantry"],
    "tags": ["confectionery", "lollies"],
    "locations": {
      "vic": {
        "price": 2.5,
        "promoText": "$1.50 ",
        "packageSize": "240g",
        "packagePrice": "$1.04 per 100G"
      }
    }
  },
  {
    "id": "the-natural-confectionary-co-dinosaurs-2351276p",
    "brand": "The Natural Confectionary Co.",
    "name": "Dinosaurs",
    "imageUrl": "https://shop.coles.com.au/wcsstore/Coles-CAS/images/2/3/5/2351276-th.jpg",
    "categories": ["pantry"],
    "tags": ["confectionery", "lollies"],
    "locations": {
      "vic": {
        "price": 2.5,
        "promoText": "$1.50 ",
        "packageSize": "260g",
        "packagePrice": "$0.96 per 100G"
      }
    }
  },
  {
    "id": "cadbury-caramels",
    "brand": "Cadbury",
    "name": "Caramels",
    "imageUrl": "https://shop.coles.com.au/wcsstore/Coles-CAS/images/2/3/5/2351899-th.jpg",
    "categories": ["pantry"],
    "tags": ["confectionery", "lollies"],
    "locations": {
      "vic": {
        "price": 2.5,
        "promoText": "$1.50 ",
        "packageSize": "160g",
        "packagePrice": "$1.56 per 100G"
      }
    }
  },
  {
    "id": "coles-marshmallows",
    "brand": "Coles",
    "name": "Marshmallows",
    "imageUrl": "https://shop.coles.com.au/wcsstore/Coles-CAS/images/2/2/2/2225191-th.jpg",
    "categories": ["pantry"],
    "tags": ["confectionery", "lollies"],
    "locations": {
      "vic": {
        "price": 1.95,
        "promoText": " ",
        "packageSize": "204g",
        "packagePrice": "$0.96 per 100G"
      }
    }
  },
  {
    "id": "darrell-lea-bullets-white-choc-raspberry",
    "brand": "Darrell Lea",
    "name": "Bullets White Chocolate Raspberry",
    "imageUrl": "https://shop.coles.com.au/wcsstore/Coles-CAS/images/3/4/4/3448373-th.jpg",
    "categories": ["pantry"],
    "tags": ["confectionery", "lollies"],
    "locations": {
      "vic": {
        "price": 3,
        "promoText": "$1.00 ",
        "packageSize": "200g",
        "packagePrice": "$1.50 per 100G"
      }
    }
  },
  {
    "id": "ferrero-nutella-go-pretzel",
    "brand": "Nutella",
    "name": "Hazelnut Spread with Pretzel Sticks",
    "imageUrl": "https://shop.coles.com.au/wcsstore/Coles-CAS/images/3/2/1/3212297-th.jpg",
    "categories": ["pantry"],
    "tags": ["confectionery", "lollies"],
    "locations": {
      "vic": {
        "price": 1.25,
        "promoText": "$1.25 ",
        "packageSize": "50g",
        "packagePrice": "$2.50 per 100G"
      }
    }
  },
  {
    "id": "allens-strawberries-cream",
    "brand": "Allen's",
    "name": "Strawberries & Cream",
    "imageUrl": "https://shop.coles.com.au/wcsstore/Coles-CAS/images/5/1/9/5196839-th.jpg",
    "categories": ["pantry"],
    "tags": ["confectionery", "lollies"],
    "locations": {
      "vic": {
        "price": 3,
        "promoText": "Any 2 $5",
        "packageSize": "190g",
        "packagePrice": "$1.58 per 100G"
      }
    }
  },
  {
    "id": "allens-drumsticks",
    "brand": "Allen's",
    "name": "Ripe Raspberries",
    "imageUrl": "https://shop.coles.com.au/wcsstore/Coles-CAS/images/3/1/7/3179497-th.jpg",
    "categories": ["pantry"],
    "tags": ["confectionery", "lollies"],
    "locations": {
      "vic": {
        "price": 3,
        "promoText": "Any 2 $5",
        "packageSize": "190g",
        "packagePrice": "$1.58 per 100G"
      }
    }
  },
  {
    "id": "chupa-chups--best-of-mini-tube-50-pack",
    "brand": "Chupa Chups",
    "name": "Mini Lollipops 50 Pack",
    "imageUrl": "https://shop.coles.com.au/wcsstore/Coles-CAS/images/2/2/1/2212961-th.jpg",
    "categories": ["pantry"],
    "tags": ["confectionery", "lollies"],
    "locations": {
      "vic": {
        "price": 7,
        "promoText": " ",
        "packageSize": "300g",
        "packagePrice": "$2.33 per 100G"
      }
    }
  },
  {
    "id": "darrell-lea-liquorice-batch-37",
    "brand": "Darrell Lea",
    "name": "Batch 37 Fresh Liquorice",
    "imageUrl": "https://shop.coles.com.au/wcsstore/Coles-CAS/images/3/4/4/3449117-th.jpg",
    "categories": ["pantry"],
    "tags": ["confectionery", "lollies"],
    "locations": {
      "vic": {
        "price": 3,
        "promoText": "$1.00 ",
        "packageSize": "260g",
        "packagePrice": "$1.15 per 100G"
      }
    }
  },
  {
    "id": "darrell-lea-liquorice-allsorts-3449081p",
    "brand": "Darrell Lea",
    "name": "Allsorts Liquorice",
    "imageUrl": "https://shop.coles.com.au/wcsstore/Coles-CAS/images/3/4/4/3449081-th.jpg",
    "categories": ["pantry"],
    "tags": ["confectionery", "lollies"],
    "locations": {
      "vic": {
        "price": 3,
        "promoText": "$1.00 ",
        "packageSize": "270g",
        "packagePrice": "$1.11 per 100G"
      }
    }
  },
  {
    "id": "the-natural-confectionary-co-large-party-mix",
    "brand": "The Natural Confectionary Co.",
    "name": "Party Mix Large",
    "imageUrl": "https://shop.coles.com.au/wcsstore/Coles-CAS/images/2/3/5/2351323-th.jpg",
    "categories": ["pantry"],
    "tags": ["confectionery", "lollies"],
    "locations": {
      "vic": {
        "price": 5,
        "promoText": "Was $6.00 on Dec 2017 ",
        "packageSize": "520g",
        "packagePrice": "$0.96 per 100G"
      }
    }
  },
  {
    "id": "trolli-watermelon-slices",
    "brand": "Trolli",
    "name": "Watermelon Slices",
    "imageUrl": "https://shop.coles.com.au/wcsstore/Coles-CAS/images/3/7/3/3736072-th.jpg",
    "categories": ["pantry"],
    "tags": ["confectionery", "lollies"],
    "locations": {
      "vic": {
        "price": 1.7,
        "promoText": "$0.45 ",
        "packageSize": "150g",
        "packagePrice": "$1.13 per 100G"
      }
    }
  },
  {
    "id": "allens-snakes-alive-3207424p",
    "brand": "Allen's",
    "name": "Snakes Alive",
    "imageUrl": "https://shop.coles.com.au/wcsstore/Coles-CAS/images/3/2/0/3207424-th.jpg",
    "categories": ["pantry"],
    "tags": ["confectionery", "lollies"],
    "locations": {
      "vic": {
        "price": 5,
        "promoText": "Was $5.40 on May 2018 ",
        "packageSize": "520g",
        "packagePrice": "$0.96 per 100G"
      }
    }
  },
  {
    "id": "allen-s-spearmint-leaves",
    "brand": "Allen's",
    "name": "Spearmint Leaves",
    "imageUrl": "https://shop.coles.com.au/wcsstore/Coles-CAS/images/3/7/3/3736618-th.jpg",
    "categories": ["pantry"],
    "tags": ["confectionery", "lollies"],
    "locations": {
      "vic": {
        "price": 3,
        "promoText": "Any 2 $5",
        "packageSize": "170g",
        "packagePrice": "$1.76 per 100G"
      }
    }
  },
  {
    "id": "coles-strawberry-licorice-twist",
    "brand": "Coles",
    "name": "Strawberry Flavoured Liquorice Twists",
    "imageUrl": "https://shop.coles.com.au/wcsstore/Coles-CAS/images/2/2/2/2224836-th.jpg",
    "categories": ["pantry"],
    "tags": ["confectionery", "lollies"],
    "locations": {
      "vic": {
        "price": 1.65,
        "promoText": " ",
        "packageSize": "250g",
        "packagePrice": "$0.66 per 100G"
      }
    }
  },
  {
    "id": "darrell-lea-twists-raspberry",
    "brand": "Darrell Lea",
    "name": "Twists Raspberry",
    "imageUrl": "https://shop.coles.com.au/wcsstore/Coles-CAS/images/3/4/4/3448839-th.jpg",
    "categories": ["pantry"],
    "tags": ["confectionery", "lollies"],
    "locations": {
      "vic": {
        "price": 3,
        "promoText": "$1.00 ",
        "packageSize": "280g",
        "packagePrice": "$1.07 per 100G"
      }
    }
  },
  {
    "id": "darell-lea-bullets-dark-choc-liquorice",
    "brand": "Darrell Lea",
    "name": "Bullet Dark Chocolate Liquorice",
    "imageUrl": "https://shop.coles.com.au/wcsstore/Coles-CAS/images/3/4/4/3448351-th.jpg",
    "categories": ["pantry"],
    "tags": ["confectionery", "lollies"],
    "locations": {
      "vic": {
        "price": 3,
        "promoText": "$1.00 ",
        "packageSize": "250g",
        "packagePrice": "$1.20 per 100G"
      }
    }
  },
  {
    "id": "darrell-lea-bullets-four-flavour-mix",
    "brand": "Darrell Lea",
    "name": "Bullets Four Flavour Mixed Pack",
    "imageUrl": "https://shop.coles.com.au/wcsstore/Coles-CAS/images/3/4/4/3449296-th.jpg",
    "categories": ["pantry"],
    "tags": ["confectionery", "lollies"],
    "locations": {
      "vic": {
        "price": 3,
        "promoText": "$1.00 ",
        "packageSize": "220g",
        "packagePrice": "$1.36 per 100G"
      }
    }
  },
  {
    "id": "haribo-bags-goldbears",
    "brand": "Haribo",
    "name": "Goldbears",
    "imageUrl": "https://shop.coles.com.au/wcsstore/Coles-CAS/images/2/9/0/2904626-th.jpg",
    "categories": ["pantry"],
    "tags": ["confectionery", "lollies"],
    "locations": {
      "vic": {
        "price": 2,
        "promoText": " ",
        "packageSize": "150g",
        "packagePrice": "$1.33 per 100G"
      }
    }
  },
  {
    "id": "allens-kol-fruits",
    "brand": "Allen's",
    "name": "Kool Fruits",
    "imageUrl": "https://shop.coles.com.au/wcsstore/Coles-CAS/images/3/7/3/3736593-th.jpg",
    "categories": ["pantry"],
    "tags": ["confectionery", "lollies"],
    "locations": {
      "vic": {
        "price": 3,
        "promoText": "Any 2 $5",
        "packageSize": "150g",
        "packagePrice": "$2.00 per 100G"
      }
    }
  },
  {
    "id": "allen-s-sourz-tangy-randoms",
    "brand": "Allen's",
    "name": "Sourz Tangy Randoms",
    "imageUrl": "https://shop.coles.com.au/wcsstore/Coles-CAS/images/3/7/3/3736571-th.jpg",
    "categories": ["pantry"],
    "tags": ["confectionery", "lollies"],
    "locations": {
      "vic": {
        "price": 3,
        "promoText": "Any 2 $5",
        "packageSize": "170g",
        "packagePrice": "$1.76 per 100G"
      }
    }
  },
  {
    "id": "coles-musk-sticks",
    "brand": "Coles",
    "name": "Musk Sticks",
    "imageUrl": "https://shop.coles.com.au/wcsstore/Coles-CAS/images/2/6/1/2618762-th.jpg",
    "categories": ["pantry"],
    "tags": ["confectionery", "lollies"],
    "locations": {
      "vic": {
        "price": 1,
        "promoText": " ",
        "packageSize": "160g",
        "packagePrice": "$0.63 per 100G"
      }
    }
  },
  {
    "id": "darrell-lea-twists-liquorice",
    "brand": "Darrell Lea",
    "name": "Liquorice Twists",
    "imageUrl": "https://shop.coles.com.au/wcsstore/Coles-CAS/images/3/4/4/3449241-th.jpg",
    "categories": ["pantry"],
    "tags": ["confectionery", "lollies"],
    "locations": {
      "vic": {
        "price": 3,
        "promoText": "$1.00 ",
        "packageSize": "280g",
        "packagePrice": "$1.07 per 100G"
      }
    }
  },
  {
    "id": "haribo-bags-sweet-sour-bears",
    "brand": "Haribo",
    "name": "Sweet & Sour Bears",
    "imageUrl": "https://shop.coles.com.au/wcsstore/Coles-CAS/images/2/9/0/2904637-th.jpg",
    "categories": ["pantry"],
    "tags": ["confectionery", "lollies"],
    "locations": {
      "vic": {
        "price": 2,
        "promoText": " ",
        "packageSize": "140g",
        "packagePrice": "$1.43 per 100G"
      }
    }
  },
  {
    "id": "skittles-large-bag",
    "brand": "Skittles",
    "name": "Fruits Lollies Large Bag",
    "imageUrl": "https://shop.coles.com.au/wcsstore/Coles-CAS/images/3/4/5/3452960-th.jpg",
    "categories": ["pantry"],
    "tags": ["confectionery", "lollies"],
    "locations": {
      "vic": {
        "price": 5,
        "promoText": "Was $6.70 on Apr 2019 ",
        "packageSize": "345g",
        "packagePrice": "$1.45 per 100G"
      }
    }
  },
  {
    "id": "x-treme-candy-straps-sour-strawberry",
    "brand": "X-Treme",
    "name": "Candy Sour Straps Strawberry",
    "imageUrl": "https://shop.coles.com.au/wcsstore/Coles-CAS/images/6/0/5/6051784-th.jpg",
    "categories": ["pantry"],
    "tags": ["confectionery", "lollies"],
    "locations": {
      "vic": {
        "price": 2,
        "promoText": " ",
        "packageSize": "160g",
        "packagePrice": "$1.25 per 100G"
      }
    }
  },
  {
    "id": "allens-chewmix",
    "brand": "Allen's",
    "name": "Chew Mix",
    "imageUrl": "https://shop.coles.com.au/wcsstore/Coles-CAS/images/3/2/0/3207388-th.jpg",
    "categories": ["pantry"],
    "tags": ["confectionery", "lollies"],
    "locations": {
      "vic": {
        "price": 5,
        "promoText": "Was $5.40 on May 2018 ",
        "packageSize": "415g",
        "packagePrice": "$1.20 per 100G"
      }
    }
  },
  {
    "id": "darrell-lea-bullets-milk-choc-raspberry",
    "brand": "Darrell Lea",
    "name": "Milk Choc Raspberry Bullets",
    "imageUrl": "https://shop.coles.com.au/wcsstore/Coles-CAS/images/3/4/4/3448362-th.jpg",
    "categories": ["pantry"],
    "tags": ["confectionery", "lollies"],
    "locations": {
      "vic": {
        "price": 3,
        "promoText": "$1.00 ",
        "packageSize": "250g",
        "packagePrice": "$1.20 per 100G"
      }
    }
  },
  {
    "id": "haribo-bags-tangfastics",
    "brand": "Haribo",
    "name": "Tangfastics",
    "imageUrl": "https://shop.coles.com.au/wcsstore/Coles-CAS/images/3/2/1/3217698-th.jpg",
    "categories": ["pantry"],
    "tags": ["confectionery", "lollies"],
    "locations": {
      "vic": {
        "price": 2,
        "promoText": " ",
        "packageSize": "150g",
        "packagePrice": "$1.33 per 100G"
      }
    }
  },
  {
    "id": "haribo-balla-stixx-strawberry",
    "brand": "Haribo",
    "name": "Strawberry Flavour Balla Stixx",
    "imageUrl": "https://shop.coles.com.au/wcsstore/Coles-CAS/images/3/4/4/3449605-th.jpg",
    "categories": ["pantry"],
    "tags": ["confectionery", "lollies"],
    "locations": {
      "vic": {
        "price": 2,
        "promoText": " ",
        "packageSize": "140g",
        "packagePrice": "$1.43 per 100G"
      }
    }
  },
  {
    "id": "jelly-belly-pouch-assorted-flavours",
    "brand": "Jelly Belly",
    "name": "Assorted Flavours Jelly Beans Pouch",
    "imageUrl": "https://shop.coles.com.au/wcsstore/Coles-CAS/images/3/5/0/3502060-th.jpg",
    "categories": ["pantry"],
    "tags": ["confectionery", "lollies"],
    "locations": {
      "vic": {
        "price": 1.5,
        "promoText": " ",
        "packageSize": "28g",
        "packagePrice": "$5.36 per 100G"
      }
    }
  },
  {
    "id": "mentos-mint",
    "brand": "Mentos",
    "name": "Mint",
    "imageUrl": "https://shop.coles.com.au/wcsstore/Coles-CAS/images/5/4/7/5471070-th.jpg",
    "categories": ["pantry"],
    "tags": ["confectionery", "lollies"],
    "locations": {
      "vic": {
        "price": 1.4,
        "promoText": "Any 2 $2",
        "packageSize": "37.5g",
        "packagePrice": "$3.73 per 100G"
      }
    }
  },
  {
    "id": "mentos-candy-bottle-sour-mix",
    "brand": "Mentos",
    "name": "Sour Mix Candy Bottle",
    "imageUrl": "https://shop.coles.com.au/wcsstore/Coles-CAS/images/3/7/3/3733460-th.jpg",
    "categories": ["pantry"],
    "tags": ["confectionery", "lollies"],
    "locations": {
      "vic": {
        "price": 2.6,
        "promoText": "$0.90 ",
        "packageSize": "100g",
        "packagePrice": "$2.60 per 100G"
      }
    }
  },
  {
    "id": "pascall-eclairs-chocolate",
    "brand": "Pascall",
    "name": "Eclairs Chocolate",
    "imageUrl": "https://shop.coles.com.au/wcsstore/Coles-CAS/images/2/3/5/2351822-th.jpg",
    "categories": ["pantry"],
    "tags": ["confectionery", "lollies"],
    "locations": {
      "vic": {
        "price": 5,
        "promoText": "Was $6.00 on Dec 2017 ",
        "packageSize": "240g",
        "packagePrice": "$1.67 per 100G"
      }
    }
  },
  {
    "id": "sour-patch-kids-cola",
    "brand": "Sour Patch",
    "name": "Kids Cola",
    "imageUrl": "https://shop.coles.com.au/wcsstore/Coles-CAS/images/3/7/3/3739547-th.jpg",
    "categories": ["pantry"],
    "tags": ["confectionery", "lollies"],
    "locations": {
      "vic": {
        "price": 2.5,
        "promoText": "$1.50 ",
        "packageSize": "220g",
        "packagePrice": "$1.14 per 100G"
      }
    }
  },
  {
    "id": "starburst-chews-fruit",
    "brand": "Starburst",
    "name": "Original Fruit Chews Lollies Large Bag",
    "imageUrl": "https://shop.coles.com.au/wcsstore/Coles-CAS/images/3/4/5/3450637-th.jpg",
    "categories": ["pantry"],
    "tags": ["confectionery", "lollies"],
    "locations": {
      "vic": {
        "price": 4.3,
        "promoText": " ",
        "packageSize": "235g",
        "packagePrice": "$1.83 per 100G"
      }
    }
  },
  {
    "id": "the-natural-confectionary-co-sour-squirms",
    "brand": "The Natural Confectionary Co.",
    "name": "Sour Squirms",
    "imageUrl": "https://shop.coles.com.au/wcsstore/Coles-CAS/images/2/3/5/2351254-th.jpg",
    "categories": ["pantry"],
    "tags": ["confectionery", "lollies"],
    "locations": {
      "vic": {
        "price": 2.5,
        "promoText": "$1.50 ",
        "packageSize": "240g",
        "packagePrice": "$1.04 per 100G"
      }
    }
  },
  {
    "id": "the-natural-confec-co-reduced-sugar-fruitbasket",
    "brand": "The Natural Confectionary Co.",
    "name": "25% Less Sugar Fruit Basket",
    "imageUrl": "https://shop.coles.com.au/wcsstore/Coles-CAS/images/3/3/1/3311426-th.jpg",
    "categories": ["pantry"],
    "tags": ["confectionery", "lollies"],
    "locations": {
      "vic": {
        "price": 2.5,
        "promoText": "$1.50 ",
        "packageSize": "220g",
        "packagePrice": "$1.14 per 100G"
      }
    }
  },
  {
    "id": "the-natural-confec-co-fruit-smoothies-orchard",
    "brand": "The Natural Confectionery Co.",
    "name": "Orchard Blast Fruit Smoothie Flavoured Jellies",
    "imageUrl": "https://shop.coles.com.au/wcsstore/Coles-CAS/images/3/6/1/3615012-th.jpg",
    "categories": ["pantry"],
    "tags": ["confectionery", "lollies"],
    "locations": {
      "vic": {
        "price": 2.5,
        "promoText": "$1.50 ",
        "packageSize": "200g",
        "packagePrice": "$1.25 per 100G"
      }
    }
  },
  {
    "id": "the-natural-confec-co-fruity-chews",
    "brand": "The Natural Confectionery Co.",
    "name": "Fruity Chews",
    "imageUrl": "https://shop.coles.com.au/wcsstore/Coles-CAS/images/2/2/1/2213090-th.jpg",
    "categories": ["pantry"],
    "tags": ["confectionery", "lollies"],
    "locations": {
      "vic": {
        "price": 5,
        "promoText": "Was $6.00 on Aug 2019 ",
        "packageSize": "420g",
        "packagePrice": "$1.19 per 100G"
      }
    }
  },
  {
    "id": "trolli-britecrawlers",
    "brand": "Trolli",
    "name": "Britecrawlers",
    "imageUrl": "https://shop.coles.com.au/wcsstore/Coles-CAS/images/2/9/0/2909608-th.jpg",
    "categories": ["pantry"],
    "tags": ["confectionery", "lollies"],
    "locations": {
      "vic": {
        "price": 1.7,
        "promoText": "$0.60 ",
        "packageSize": "150g",
        "packagePrice": "$1.13 per 100G"
      }
    }
  },
  {
    "id": "werthers-original-candies-butter-cream-9717773p",
    "brand": "Werther's Original",
    "name": "Cream Candies",
    "imageUrl": "https://shop.coles.com.au/wcsstore/Coles-CAS/images/9/7/1/9717773-th.jpg",
    "categories": ["pantry"],
    "tags": ["confectionery", "lollies"],
    "locations": {
      "vic": {
        "price": 3.5,
        "promoText": " ",
        "packageSize": "140g",
        "packagePrice": "$2.50 per 100G"
      }
    }
  },
  {
    "id": "allens-jelly-beans",
    "brand": "Allen's",
    "name": "Jelly Beans",
    "imageUrl": "https://shop.coles.com.au/wcsstore/Coles-CAS/images/5/1/9/5196840-th.jpg",
    "categories": ["pantry"],
    "tags": ["confectionery", "lollies"],
    "locations": {
      "vic": {
        "price": 3,
        "promoText": "Any 2 $5",
        "packageSize": "190g",
        "packagePrice": "$1.58 per 100G"
      }
    }
  },
  {
    "id": "allens-pineapples",
    "brand": "Allen's",
    "name": "Pineapples",
    "imageUrl": "https://shop.coles.com.au/wcsstore/Coles-CAS/images/2/2/1/2211186-th.jpg",
    "categories": ["pantry"],
    "tags": ["confectionery", "lollies"],
    "locations": {
      "vic": {
        "price": 3,
        "promoText": "Any 2 $5",
        "packageSize": "170g",
        "packagePrice": "$1.76 per 100G"
      }
    }
  },
  {
    "id": "allen-s-large-retro-party-mix",
    "brand": "Allen's",
    "name": "Large Retro Party Mix",
    "imageUrl": "https://shop.coles.com.au/wcsstore/Coles-CAS/images/3/7/3/3736629-th.jpg",
    "categories": ["pantry"],
    "tags": ["confectionery", "lollies"],
    "locations": {
      "vic": {
        "price": 5,
        "promoText": " ",
        "packageSize": "520g",
        "packagePrice": "$0.96 per 100G"
      }
    }
  },
  {
    "id": "chupa-chups-lollipops-single",
    "brand": "Chupa Chups",
    "name": "Lollipop",
    "imageUrl": "https://shop.coles.com.au/wcsstore/Coles-CAS/images/6/0/4/6043447-th.jpg",
    "categories": ["pantry"],
    "tags": ["confectionery", "lollies"],
    "locations": {
      "vic": {
        "price": 0.5,
        "promoText": "3 for $0.99",
        "packageSize": "12g",
        "packagePrice": "$4.17 per 100G"
      }
    }
  },
  {
    "id": "coles-chocolate-coated-bullets",
    "brand": "Coles",
    "name": "Liquorice Bullets Milk Chocolate",
    "imageUrl": "https://shop.coles.com.au/wcsstore/Coles-CAS/images/2/2/2/2224971-th.jpg",
    "categories": ["pantry"],
    "tags": ["confectionery", "lollies"],
    "locations": {
      "vic": {
        "price": 1.7,
        "promoText": "Was $2.00 on Sep 2018 ",
        "packageSize": "190g",
        "packagePrice": "$0.89 per 100G"
      }
    }
  },
  {
    "id": "coles-liquorice-allsorts",
    "brand": "Coles",
    "name": "Liquorice Allsorts",
    "imageUrl": "https://shop.coles.com.au/wcsstore/Coles-CAS/images/2/2/2/2225307-th.jpg",
    "categories": ["pantry"],
    "tags": ["confectionery", "lollies"],
    "locations": {
      "vic": {
        "price": 2,
        "promoText": " ",
        "packageSize": "300g",
        "packagePrice": "$0.67 per 100G"
      }
    }
  },
  {
    "id": "coles-sour-rainbows",
    "brand": "Coles",
    "name": "Sour Rainbows",
    "imageUrl": "https://shop.coles.com.au/wcsstore/Coles-CAS/images/2/6/1/2618070-th.jpg",
    "categories": ["pantry"],
    "tags": ["confectionery", "lollies"],
    "locations": {
      "vic": {
        "price": 1,
        "promoText": " ",
        "packageSize": "85g",
        "packagePrice": "$1.18 per 100G"
      }
    }
  },
  {
    "id": "darrell-lea-choc-twists-milk-choc-raspberry",
    "brand": "Darrell Lea",
    "name": "Raspberry Milk Chocolate Twists",
    "imageUrl": "https://shop.coles.com.au/wcsstore/Coles-CAS/images/3/4/4/3449263-th.jpg",
    "categories": ["pantry"],
    "tags": ["confectionery", "lollies"],
    "locations": {
      "vic": {
        "price": 3,
        "promoText": "$1.00 ",
        "packageSize": "200g",
        "packagePrice": "$1.50 per 100G"
      }
    }
  },
  {
    "id": "darrell-lea-choc-twists-milk-choc-liquorice",
    "brand": "Darrell Lea",
    "name": "Choc Twists Milk Choc & Liquorice",
    "imageUrl": "https://shop.coles.com.au/wcsstore/Coles-CAS/images/3/7/3/3739490-th.jpg",
    "categories": ["pantry"],
    "tags": ["confectionery", "lollies"],
    "locations": {
      "vic": {
        "price": 3,
        "promoText": "$1.00 ",
        "packageSize": "200g",
        "packagePrice": "$1.50 per 100G"
      }
    }
  },
  {
    "id": "jols-pastilles-forest-berries",
    "brand": "Jols",
    "name": "Forest Berries Pastilles",
    "imageUrl": "https://shop.coles.com.au/wcsstore/Coles-CAS/images/9/1/9/9193661-th.jpg",
    "categories": ["pantry"],
    "tags": ["confectionery", "lollies"],
    "locations": {
      "vic": {
        "price": 1.5,
        "promoText": "Was $2.00 on Jun 2018 ",
        "packageSize": "25g",
        "packagePrice": "$6.00 per 100G"
      }
    }
  },
  {
    "id": "mentos-fruit-multipack",
    "brand": "Mentos",
    "name": "Fruit Multipack",
    "imageUrl": "https://shop.coles.com.au/wcsstore/Coles-CAS/images/1/2/5/1255211-th.jpg",
    "categories": ["pantry"],
    "tags": ["confectionery", "lollies"],
    "locations": {
      "vic": {
        "price": 2.6,
        "promoText": "$0.50 ",
        "packageSize": "112g",
        "packagePrice": "$2.32 per 100G"
      }
    }
  },
  {
    "id": "nutella-snack-and-go",
    "brand": "Nutella",
    "name": "Ferrero Hazelnut Spread With Cocoa + Breadsticks",
    "imageUrl": "https://shop.coles.com.au/wcsstore/Coles-CAS/images/2/6/7/2676984-th.jpg",
    "categories": ["pantry"],
    "tags": ["confectionery", "lollies"],
    "locations": {
      "vic": {
        "price": 1.25,
        "promoText": "$1.25 ",
        "packageSize": "48g",
        "packagePrice": "$2.60 per 100G"
      }
    }
  },
  {
    "id": "pascall-choc-mallows-raspberry",
    "brand": "Pascall",
    "name": "Raspberry Flavour Chocolate Mallow Bites",
    "imageUrl": "https://shop.coles.com.au/wcsstore/Coles-CAS/images/3/5/3/3532083-th.jpg",
    "categories": ["pantry"],
    "tags": ["confectionery", "lollies"],
    "locations": {
      "vic": {
        "price": 2.5,
        "promoText": "$1.50 ",
        "packageSize": "160g",
        "packagePrice": "$1.56 per 100G"
      }
    }
  },
  {
    "id": "skittles-candy-fruits-box",
    "brand": "Skittles",
    "name": "Fruits Lollies Box",
    "imageUrl": "https://shop.coles.com.au/wcsstore/Coles-CAS/images/1/8/5/1855354-th.jpg",
    "categories": ["pantry"],
    "tags": ["confectionery", "lollies"],
    "locations": {
      "vic": {
        "price": 1.55,
        "promoText": " ",
        "packageSize": "45g",
        "packagePrice": "$3.44 per 100G"
      }
    }
  },
  {
    "id": "sour-patch-kids-mega-duos",
    "brand": "Sour Patch",
    "name": "Kids Mega Duos",
    "imageUrl": "https://shop.coles.com.au/wcsstore/Coles-CAS/images/3/7/3/3739503-th.jpg",
    "categories": ["pantry"],
    "tags": ["confectionery", "lollies"],
    "locations": {
      "vic": {
        "price": 2.5,
        "promoText": "$1.50 ",
        "packageSize": "220g",
        "packagePrice": "$1.14 per 100G"
      }
    }
  },
  {
    "id": "sour-patch-watermelon",
    "brand": "The Natural Confectionary Co.",
    "name": "Sour Patch Watermelon",
    "imageUrl": "https://shop.coles.com.au/wcsstore/Coles-CAS/images/2/2/1/2213104-th.jpg",
    "categories": ["pantry"],
    "tags": ["confectionery", "lollies"],
    "locations": {
      "vic": {
        "price": 2.5,
        "promoText": "$1.50 ",
        "packageSize": "220g",
        "packagePrice": "$1.14 per 100G"
      }
    }
  },
  {
    "id": "the-sosoft-marshmallow-co-marshmallow-twists",
    "brand": "The So Soft Marshmallow Co",
    "name": "Twists Ultra Puffy Marshmallow",
    "imageUrl": "https://shop.coles.com.au/wcsstore/Coles-CAS/images/3/4/4/3449900-th.jpg",
    "categories": ["pantry"],
    "tags": ["confectionery", "lollies"],
    "locations": {
      "vic": {
        "price": 3,
        "promoText": "$0.50 ",
        "packageSize": "300g",
        "packagePrice": "$1.00 per 100G"
      }
    }
  },
  {
    "id": "the-sosoft-marshmallow-co-jumbo-roasters",
    "brand": "The So Soft Marshmallow Co.",
    "name": "Ultra Puffy Jumbo Roasters",
    "imageUrl": "https://shop.coles.com.au/wcsstore/Coles-CAS/images/3/4/5/3450036-th.jpg",
    "categories": ["pantry"],
    "tags": ["confectionery", "lollies"],
    "locations": {
      "vic": {
        "price": 3,
        "promoText": "$0.50 ",
        "packageSize": "300g",
        "packagePrice": "$1.00 per 100G"
      }
    }
  },
  {
    "id": "allens-redskin",
    "brand": "Allen's",
    "name": "Red Skins",
    "imageUrl": "https://shop.coles.com.au/wcsstore/Coles-CAS/images/3/2/0/3207366-th.jpg",
    "categories": ["pantry"],
    "tags": ["confectionery", "lollies"],
    "locations": {
      "vic": {
        "price": 5,
        "promoText": "Was $5.40 on May 2018 ",
        "packageSize": "370g",
        "packagePrice": "$1.35 per 100G"
      }
    }
  },
  {
    "id": "allens-sherbies-sour-fizz-chews",
    "brand": "Allen's",
    "name": "Sherbies Sour Fizz Chews",
    "imageUrl": "https://shop.coles.com.au/wcsstore/Coles-CAS/images/3/4/4/3448250-th.jpg",
    "categories": ["pantry"],
    "tags": ["confectionery", "lollies"],
    "locations": {
      "vic": {
        "price": 3,
        "promoText": "Any 2 $5",
        "packageSize": "150g",
        "packagePrice": "$2.00 per 100G"
      }
    }
  },
  {
    "id": "allens-25-less-sugar-candy-grubs",
    "brand": "Allen's",
    "name": "25% Less Sugar Candy Grubs",
    "imageUrl": "https://shop.coles.com.au/wcsstore/Coles-CAS/images/3/6/1/3612910-th.jpg",
    "categories": ["pantry"],
    "tags": ["confectionery", "lollies"],
    "locations": {
      "vic": {
        "price": 3,
        "promoText": "Any 2 $5",
        "packageSize": "170g",
        "packagePrice": "$1.76 per 100G"
      }
    }
  },
  {
    "id": "beacon-fizzer-faves",
    "brand": "Beacon",
    "name": "Candy Fizzer Faves",
    "imageUrl": "https://shop.coles.com.au/wcsstore/Coles-CAS/images/7/5/7/7578406-th.jpg",
    "categories": ["pantry"],
    "tags": ["confectionery", "lollies"],
    "locations": {
      "vic": {
        "price": 2.5,
        "promoText": " ",
        "packageSize": "92g",
        "packagePrice": "$2.72 per 100G"
      }
    }
  },
  {
    "id": "coles-brand-sherbert-lemon",
    "brand": "Coles",
    "name": "Lemon Sherbets",
    "imageUrl": "https://shop.coles.com.au/wcsstore/Coles-CAS/images/9/6/8/9680039-th.jpg",
    "categories": ["pantry"],
    "tags": ["confectionery", "lollies"],
    "locations": {
      "vic": {
        "price": 2,
        "promoText": " ",
        "packageSize": "200g",
        "packagePrice": "$1.00 per 100G"
      }
    }
  },
  {
    "id": "coles-party-mix-2654879p",
    "brand": "Coles",
    "name": "Party Mix",
    "imageUrl": "https://shop.coles.com.au/wcsstore/Coles-CAS/images/2/6/5/2654879-th.jpg",
    "categories": ["pantry"],
    "tags": ["confectionery", "lollies"],
    "locations": {
      "vic": {
        "price": 3.45,
        "promoText": " ",
        "packageSize": "750g",
        "packagePrice": "$0.46 per 100G"
      }
    }
  },
  {
    "id": "coles-butterscotch",
    "brand": "Coles",
    "name": "Butterscotch",
    "imageUrl": "https://shop.coles.com.au/wcsstore/Coles-CAS/images/2/6/5/2654857-th.jpg",
    "categories": ["pantry"],
    "tags": ["confectionery", "lollies"],
    "locations": {
      "vic": {
        "price": 1,
        "promoText": " ",
        "packageSize": "112g",
        "packagePrice": "$0.89 per 100G"
      }
    }
  },
  {
    "id": "darrell-lea-choc-twists-dark-choc-liquorice",
    "brand": "Darrell Lea",
    "name": "Chocolate Twists Dark Chocolate Liquorice",
    "imageUrl": "https://shop.coles.com.au/wcsstore/Coles-CAS/images/3/4/4/3449274-th.jpg",
    "categories": ["pantry"],
    "tags": ["confectionery", "lollies"],
    "locations": {
      "vic": {
        "price": 3,
        "promoText": "$1.00 ",
        "packageSize": "200g",
        "packagePrice": "$1.50 per 100G"
      }
    }
  },
  {
    "id": "mentos-rainbow-roll",
    "brand": "Mentos",
    "name": "Rainbow Roll",
    "imageUrl": "https://shop.coles.com.au/wcsstore/Coles-CAS/images/7/7/9/7798457-th.jpg",
    "categories": ["pantry"],
    "tags": ["confectionery", "lollies"],
    "locations": {
      "vic": {
        "price": 1.4,
        "promoText": "Any 2 $2",
        "packageSize": "37.5g",
        "packagePrice": "$3.73 per 100G"
      }
    }
  },
  {
    "id": "mentos-mint-multipack",
    "brand": "Mentos",
    "name": "Mint Multipack",
    "imageUrl": "https://shop.coles.com.au/wcsstore/Coles-CAS/images/1/2/5/1255200-th.jpg",
    "categories": ["pantry"],
    "tags": ["confectionery", "lollies"],
    "locations": {
      "vic": {
        "price": 2.6,
        "promoText": "$0.50 ",
        "packageSize": "112g",
        "packagePrice": "$2.32 per 100G"
      }
    }
  },
  {
    "id": "pascall-milk-bottles",
    "brand": "Pascall",
    "name": "Milk Bottles",
    "imageUrl": "https://shop.coles.com.au/wcsstore/Coles-CAS/images/3/6/1/3611532-th.jpg",
    "categories": ["pantry"],
    "tags": ["confectionery", "lollies"],
    "locations": {
      "vic": {
        "price": 2.5,
        "promoText": "$1.50 ",
        "packageSize": "210g",
        "packagePrice": "$1.19 per 100G"
      }
    }
  },
  {
    "id": "pez-candy-refills",
    "brand": "Pez",
    "name": "Candy Refills",
    "imageUrl": "https://shop.coles.com.au/wcsstore/Coles-CAS/images/5/7/0/5708668-th.jpg",
    "categories": ["pantry"],
    "tags": ["confectionery", "lollies"],
    "locations": {
      "vic": {
        "price": 2.65,
        "promoText": " ",
        "packageSize": "68g",
        "packagePrice": "$3.90 per 100G"
      }
    }
  },
  {
    "id": "the-natural-confec-co-jumbo-pack-snakes",
    "brand": "The Natural Confec Co",
    "name": "Jumbo Pack Snakes",
    "imageUrl": "https://shop.coles.com.au/wcsstore/Coles-CAS/images/3/7/5/3755645-th.jpg",
    "categories": ["pantry"],
    "tags": ["confectionery", "lollies"],
    "locations": {
      "vic": {
        "price": 10,
        "promoText": " ",
        "packageSize": "1.1kg",
        "packagePrice": "$0.91 per 100G"
      }
    }
  },
  {
    "id": "sour-patch-kidz",
    "brand": "The Natural Confectionary Co.",
    "name": "Sour Patch Kids",
    "imageUrl": "https://shop.coles.com.au/wcsstore/Coles-CAS/images/2/3/5/2352916-th.jpg",
    "categories": ["pantry"],
    "tags": ["confectionery", "lollies"],
    "locations": {
      "vic": {
        "price": 2.5,
        "promoText": "$1.50 ",
        "packageSize": "220g",
        "packagePrice": "$1.14 per 100G"
      }
    }
  },
  {
    "id": "the-natural-confectionary-co-berry-bliss",
    "brand": "The Natural Confectionary Co.",
    "name": "Berry Bliss Lollies",
    "imageUrl": "https://shop.coles.com.au/wcsstore/Coles-CAS/images/2/3/5/2351196-th.jpg",
    "categories": ["pantry"],
    "tags": ["confectionery", "lollies"],
    "locations": {
      "vic": {
        "price": 2.5,
        "promoText": "$1.50 ",
        "packageSize": "200g",
        "packagePrice": "$1.25 per 100G"
      }
    }
  },
  {
    "id": "the-natural-confec-co-rainbow-snakes",
    "brand": "The Natural Confectionary Co.",
    "name": "Rainbow Snakes",
    "imageUrl": "https://shop.coles.com.au/wcsstore/Coles-CAS/images/3/1/5/3158522-th.jpg",
    "categories": ["pantry"],
    "tags": ["confectionery", "lollies"],
    "locations": {
      "vic": {
        "price": 2.5,
        "promoText": "$1.50 ",
        "packageSize": "220g",
        "packagePrice": "$1.14 per 100G"
      }
    }
  },
  {
    "id": "werthers-original-candies-butter-cream",
    "brand": "Werther's Original",
    "name": "Cream Candies",
    "imageUrl": "https://shop.coles.com.au/wcsstore/Coles-CAS/images/5/2/4/5241809-th.jpg",
    "categories": ["pantry"],
    "tags": ["confectionery", "lollies"],
    "locations": {
      "vic": {
        "price": 1.55,
        "promoText": " ",
        "packageSize": "50g",
        "packagePrice": "$3.10 per 100G"
      }
    }
  },
  {
    "id": "werthers-caramel-chews",
    "brand": "Werther's Original",
    "name": "Chewy Toffees",
    "imageUrl": "https://shop.coles.com.au/wcsstore/Coles-CAS/images/9/5/2/9524408-th.jpg",
    "categories": ["pantry"],
    "tags": ["confectionery", "lollies"],
    "locations": {
      "vic": {
        "price": 3.5,
        "promoText": " ",
        "packageSize": "135g",
        "packagePrice": "$2.59 per 100G"
      }
    }
  },
  {
    "id": "cadbury-marshmallow-santa-5195009p",
    "brand": "Cadbury",
    "name": "Marshmallow Santa",
    "imageUrl": "https://shop.coles.com.au/wcsstore/Coles-CAS/images/5/1/9/5195009-th.jpg",
    "categories": ["pantry"],
    "tags": ["confectionery", "lollies"],
    "locations": {
      "vic": {
        "price": 0,
        "promoText": " ",
        "packageSize": "35g",
        "packagePrice": ""
      }
    }
  },
  {
    "id": "chupa-chups-mix-of-minis",
    "brand": "Chupa Chups",
    "name": "Mix Of Minis",
    "imageUrl": "https://shop.coles.com.au/wcsstore/Coles-CAS/images/3/7/3/3733449-th.jpg",
    "categories": ["pantry"],
    "tags": ["confectionery", "lollies"],
    "locations": {
      "vic": {
        "price": 5,
        "promoText": "Was $6.00 on May 2020 ",
        "packageSize": "320g",
        "packagePrice": "$1.56 per 100G"
      }
    }
  },
  {
    "id": "coles-brand-mints-extra-strong",
    "brand": "Coles",
    "name": "Extra Strong Mints",
    "imageUrl": "https://shop.coles.com.au/wcsstore/Coles-CAS/images/5/6/8/5686907-th.jpg",
    "categories": ["pantry"],
    "tags": ["confectionery", "lollies"],
    "locations": {
      "vic": {
        "price": 1.75,
        "promoText": " ",
        "packageSize": "200g",
        "packagePrice": "$0.88 per 100G"
      }
    }
  },
  {
    "id": "coles-brand-peppermints",
    "brand": "Coles",
    "name": "Peppermints",
    "imageUrl": "https://shop.coles.com.au/wcsstore/Coles-CAS/images/1/1/4/114349-th.jpg",
    "categories": ["pantry"],
    "tags": ["confectionery", "lollies"],
    "locations": {
      "vic": {
        "price": 1.75,
        "promoText": " ",
        "packageSize": "200g",
        "packagePrice": "$0.88 per 100G"
      }
    }
  },
  {
    "id": "coles-jelly-party-mix",
    "brand": "Coles",
    "name": "Jelly Party Mix",
    "imageUrl": "https://shop.coles.com.au/wcsstore/Coles-CAS/images/2/2/2/2228236-th.jpg",
    "categories": ["pantry"],
    "tags": ["confectionery", "lollies"],
    "locations": {
      "vic": {
        "price": 1,
        "promoText": " ",
        "packageSize": "147g",
        "packagePrice": "$0.68 per 100G"
      }
    }
  },
  {
    "id": "coles-chocolate-coated-licorice",
    "brand": "Coles",
    "name": "Dark Chocolate Coated Liquorice",
    "imageUrl": "https://shop.coles.com.au/wcsstore/Coles-CAS/images/2/2/2/2224847-th.jpg",
    "categories": ["pantry"],
    "tags": ["confectionery", "lollies"],
    "locations": {
      "vic": {
        "price": 2,
        "promoText": " ",
        "packageSize": "250g",
        "packagePrice": "$0.80 per 100G"
      }
    }
  },
  {
    "id": "coles-soft-black-licorice",
    "brand": "Coles",
    "name": "Traditional Soft Liquorice",
    "imageUrl": "https://shop.coles.com.au/wcsstore/Coles-CAS/images/2/2/2/2224790-th.jpg",
    "categories": ["pantry"],
    "tags": ["confectionery", "lollies"],
    "locations": {
      "vic": {
        "price": 2,
        "promoText": " ",
        "packageSize": "250g",
        "packagePrice": "$0.80 per 100G"
      }
    }
  },
  {
    "id": "coles-snakes",
    "brand": "Coles",
    "name": "Snakes",
    "imageUrl": "https://shop.coles.com.au/wcsstore/Coles-CAS/images/2/6/5/2654880-th.jpg",
    "categories": ["pantry"],
    "tags": ["confectionery", "lollies"],
    "locations": {
      "vic": {
        "price": 3.45,
        "promoText": " ",
        "packageSize": "750g",
        "packagePrice": "$0.46 per 100G"
      }
    }
  },
  {
    "id": "coles-spearmint-leaves",
    "brand": "Coles",
    "name": "Spearmint Leaves",
    "imageUrl": "https://shop.coles.com.au/wcsstore/Coles-CAS/images/3/4/5/3450987-th.jpg",
    "categories": ["pantry"],
    "tags": ["confectionery", "lollies"],
    "locations": {
      "vic": {
        "price": 2,
        "promoText": " ",
        "packageSize": "250g",
        "packagePrice": "$0.80 per 100G"
      }
    }
  },
  {
    "id": "darrell-lea-bullets-white-choc-raspberry-3506538p",
    "brand": "Darrell Lea",
    "name": "Bullets White Chocolate & Raspberry",
    "imageUrl": "https://shop.coles.com.au/wcsstore/Coles-CAS/images/3/5/0/3506538-th.jpg",
    "categories": ["pantry"],
    "tags": ["confectionery", "lollies"],
    "locations": {
      "vic": {
        "price": 2.5,
        "promoText": " ",
        "packageSize": "45g",
        "packagePrice": "$5.56 per 100G"
      }
    }
  },
  {
    "id": "fyna-wizz-fizz-sherbet-original",
    "brand": "Fyna",
    "name": "Sherbert Wizz Fizz Original 8 Pack",
    "imageUrl": "https://shop.coles.com.au/wcsstore/Coles-CAS/images/5/9/1/5911887-th.jpg",
    "categories": ["pantry"],
    "tags": ["confectionery", "lollies"],
    "locations": {
      "vic": {
        "price": 2,
        "promoText": " ",
        "packageSize": "8 pack",
        "packagePrice": "$2.00 per 100G"
      }
    }
  },
  {
    "id": "fyna-licorice-2m",
    "brand": "Fyna",
    "name": "Liquorice Wheel 2M",
    "imageUrl": "https://shop.coles.com.au/wcsstore/Coles-CAS/images/9/4/0/9405373-th.jpg",
    "categories": ["pantry"],
    "tags": ["confectionery", "lollies"],
    "locations": {
      "vic": {
        "price": 2.05,
        "promoText": "$0.45 ",
        "packageSize": "240g",
        "packagePrice": "$0.85 per 100G"
      }
    }
  },
  {
    "id": "haribo-bags-happy-peaches",
    "brand": "Haribo",
    "name": "Happy Peaches Bags",
    "imageUrl": "https://shop.coles.com.au/wcsstore/Coles-CAS/images/3/7/3/3736232-th.jpg",
    "categories": ["pantry"],
    "tags": ["confectionery", "lollies"],
    "locations": {
      "vic": {
        "price": 2,
        "promoText": " ",
        "packageSize": "150g",
        "packagePrice": "$1.33 per 100G"
      }
    }
  },
  {
    "id": "haribo-bags-goldbears-3736210p",
    "brand": "Haribo Bags",
    "name": "Goldbears",
    "imageUrl": "https://shop.coles.com.au/wcsstore/Coles-CAS/images/3/7/3/3736210-th.jpg",
    "categories": ["pantry"],
    "tags": ["confectionery", "lollies"],
    "locations": {
      "vic": {
        "price": 4,
        "promoText": " ",
        "packageSize": "400g",
        "packagePrice": "$1.00 per 100G"
      }
    }
  },
  {
    "id": "lifesavers-single-roll-pastilles-blackcurrant",
    "brand": "Lifesavers",
    "name": "Blackcurrant Pastilles",
    "imageUrl": "https://shop.coles.com.au/wcsstore/Coles-CAS/images/1/1/5/1157450-th.jpg",
    "categories": ["pantry"],
    "tags": ["confectionery", "lollies"],
    "locations": {
      "vic": {
        "price": 1.1,
        "promoText": " ",
        "packageSize": "34g",
        "packagePrice": "$3.24 per 100G"
      }
    }
  },
  {
    "id": "lifesavers-single-roll-musk",
    "brand": "Lifesavers",
    "name": "Musk 1 pack",
    "imageUrl": "https://shop.coles.com.au/wcsstore/Coles-CAS/images/5/9/8/5986933-th.jpg",
    "categories": ["pantry"],
    "tags": ["confectionery", "lollies"],
    "locations": {
      "vic": {
        "price": 1.1,
        "promoText": " ",
        "packageSize": "34g",
        "packagePrice": "$3.24 per 100G"
      }
    }
  },
  {
    "id": "lifesavers-fruit-tingles-single-roll",
    "brand": "Lifesavers",
    "name": "Fruit Tingles",
    "imageUrl": "https://shop.coles.com.au/wcsstore/Coles-CAS/images/5/9/8/5986784-th.jpg",
    "categories": ["pantry"],
    "tags": ["confectionery", "lollies"],
    "locations": {
      "vic": {
        "price": 1.1,
        "promoText": " ",
        "packageSize": "34g",
        "packagePrice": "$3.24 per 100G"
      }
    }
  },
  {
    "id": "mentos-fruit-5469410p",
    "brand": "Mentos",
    "name": "Fruit",
    "imageUrl": "https://shop.coles.com.au/wcsstore/Coles-CAS/images/5/4/6/5469410-th.jpg",
    "categories": ["pantry"],
    "tags": ["confectionery", "lollies"],
    "locations": {
      "vic": {
        "price": 1.4,
        "promoText": "Any 2 $2",
        "packageSize": "37.5g",
        "packagePrice": "$3.73 per 100G"
      }
    }
  },
  {
    "id": "mentos--caramel-choco-roll",
    "brand": "Mentos",
    "name": "Caramel Choco Roll",
    "imageUrl": "https://shop.coles.com.au/wcsstore/Coles-CAS/images/2/7/4/2744304-th.jpg",
    "categories": ["pantry"],
    "tags": ["confectionery", "lollies"],
    "locations": {
      "vic": {
        "price": 1,
        "promoText": "$0.40 ",
        "packageSize": "",
        "packagePrice": "$2.63 per 100G"
      }
    }
  },
  {
    "id": "pascall-choc-mallows-vanilla",
    "brand": "Pascall",
    "name": "Vanilla Flavour Chocolate Mallow Bites",
    "imageUrl": "https://shop.coles.com.au/wcsstore/Coles-CAS/images/3/5/3/3532061-th.jpg",
    "categories": ["pantry"],
    "tags": ["confectionery", "lollies"],
    "locations": {
      "vic": {
        "price": 2.5,
        "promoText": "$1.50 ",
        "packageSize": "160g",
        "packagePrice": "$1.56 per 100G"
      }
    }
  },
  {
    "id": "pascall-party-pack-3611485p",
    "brand": "Pascall",
    "name": "Party Pack",
    "imageUrl": "https://shop.coles.com.au/wcsstore/Coles-CAS/images/3/6/1/3611485-th.jpg",
    "categories": ["pantry"],
    "tags": ["confectionery", "lollies"],
    "locations": {
      "vic": {
        "price": 2.5,
        "promoText": "$1.50 ",
        "packageSize": "240g",
        "packagePrice": "$1.04 per 100G"
      }
    }
  },
  {
    "id": "pez-candy-dispenser",
    "brand": "Pez",
    "name": "Candy Dispenser Assorted",
    "imageUrl": "https://shop.coles.com.au/wcsstore/Coles-CAS/images/5/7/0/5708635-th.jpg",
    "categories": ["pantry"],
    "tags": ["confectionery", "lollies"],
    "locations": {
      "vic": {
        "price": 3,
        "promoText": " ",
        "packageSize": "17g",
        "packagePrice": "$17.65 per 100G"
      }
    }
  },
  {
    "id": "push-pop-candy",
    "brand": "Push Pop",
    "name": "Lollipop",
    "imageUrl": "https://shop.coles.com.au/wcsstore/Coles-CAS/images/4/3/2/4325925-th.jpg",
    "categories": ["pantry"],
    "tags": ["confectionery", "lollies"],
    "locations": {
      "vic": {
        "price": 1.5,
        "promoText": " ",
        "packageSize": "15g",
        "packagePrice": "$10.00 per 100G"
      }
    }
  },
  {
    "id": "skittles-sweet-heat",
    "brand": "Skittles",
    "name": "Sweet Heat Lollies Bag Medium",
    "imageUrl": "https://shop.coles.com.au/wcsstore/Coles-CAS/images/3/4/5/3450794-th.jpg",
    "categories": ["pantry"],
    "tags": ["confectionery", "lollies"],
    "locations": {
      "vic": {
        "price": 0,
        "promoText": " ",
        "packageSize": "190g",
        "packagePrice": ""
      }
    }
  },
  {
    "id": "sour-patch-tropical-blast",
    "brand": "Sour Patch",
    "name": "Tropical Blast",
    "imageUrl": "https://shop.coles.com.au/wcsstore/Coles-CAS/images/3/4/3/3433252-th.jpg",
    "categories": ["pantry"],
    "tags": ["confectionery", "lollies"],
    "locations": {
      "vic": {
        "price": 0,
        "promoText": " ",
        "packageSize": "220g",
        "packagePrice": ""
      }
    }
  },
  {
    "id": "starburst-fruit-chews-original",
    "brand": "Starburst",
    "name": "Original Fruit Chews Lollies Stick",
    "imageUrl": "https://shop.coles.com.au/wcsstore/Coles-CAS/images/3/5/0/3502016-th.jpg",
    "categories": ["pantry"],
    "tags": ["confectionery", "lollies"],
    "locations": {
      "vic": {
        "price": 2,
        "promoText": " ",
        "packageSize": "45g",
        "packagePrice": "$4.44 per 100G"
      }
    }
  },
  {
    "id": "sunny-days-swet-co-jersey-caramel",
    "brand": "Sunny Days Sweet Co",
    "name": "Jersey Caramel",
    "imageUrl": "https://shop.coles.com.au/wcsstore/ColesResponsiveStorefrontAssetStore/dist/ccfc54aed6e361b650bcf0582f7b576b/img/img_product-placeholder.png",
    "categories": ["pantry"],
    "tags": ["confectionery", "lollies"],
    "locations": {
      "vic": {
        "price": 3,
        "promoText": " ",
        "packageSize": "150g",
        "packagePrice": "$2.00 per 100G"
      }
    }
  },
  {
    "id": "the-natural-confec-co-jumbo-pack-party-mix",
    "brand": "The Natural Confec Co",
    "name": "Jumbo Pack Party Mix",
    "imageUrl": "https://shop.coles.com.au/wcsstore/Coles-CAS/images/3/7/5/3755690-th.jpg",
    "categories": ["pantry"],
    "tags": ["confectionery", "lollies"],
    "locations": {
      "vic": {
        "price": 10,
        "promoText": " ",
        "packageSize": "1.1kg",
        "packagePrice": "$0.91 per 100G"
      }
    }
  },
  {
    "id": "the-natural-confectionary-co-smoothie-chews",
    "brand": "The Natural Confectionary Co.",
    "name": "Smoothie Chews",
    "imageUrl": "https://shop.coles.com.au/wcsstore/Coles-CAS/images/2/3/5/2351210-th.jpg",
    "categories": ["pantry"],
    "tags": ["confectionery", "lollies"],
    "locations": {
      "vic": {
        "price": 2.5,
        "promoText": "$1.50 ",
        "packageSize": "220g",
        "packagePrice": "$1.14 per 100G"
      }
    }
  },
  {
    "id": "the-natural-confec-co-fruit-smoothies-tropical",
    "brand": "The Natural Confectionery Co.",
    "name": "Tropical Crush Fruit Smoothie Flavoured Jellies",
    "imageUrl": "https://shop.coles.com.au/wcsstore/Coles-CAS/images/3/6/1/3615001-th.jpg",
    "categories": ["pantry"],
    "tags": ["confectionery", "lollies"],
    "locations": {
      "vic": {
        "price": 2.5,
        "promoText": "$1.50 ",
        "packageSize": "200g",
        "packagePrice": "$1.25 per 100G"
      }
    }
  },
  {
    "id": "warheads-juniors-extreme-sour-hard-candy-assorted-flavours",
    "brand": "Warheads",
    "name": "Juniors Extreme Sour Assorted Flavours",
    "imageUrl": "https://shop.coles.com.au/wcsstore/Coles-CAS/images/5/4/0/5409612-th.jpg",
    "categories": ["pantry"],
    "tags": ["confectionery", "lollies"],
    "locations": {
      "vic": {
        "price": 2.15,
        "promoText": " ",
        "packageSize": "49g",
        "packagePrice": "$4.39 per 100G"
      }
    }
  },
  {
    "id": "wrigleys-extra-chewing-gum-spearmint-sugar-free",
    "brand": "Wrigley's",
    "name": "Extra Spearmint Sugar Free Chewing Gum 3 x 14 Piece Pack",
    "imageUrl": "https://shop.coles.com.au/wcsstore/Coles-CAS/images/5/2/2/5229541-th.jpg",
    "categories": ["pantry"],
    "tags": ["confectionery", "gum-mints"],
    "locations": {
      "vic": {
        "price": 4,
        "promoText": "Was $4.30 on Jun 2017 ",
        "packageSize": "81g",
        "packagePrice": "$4.94 per 100G"
      }
    }
  },
  {
    "id": "wrigleys-extra-chewing-gum-peppermint-sugar-free-5229552p",
    "brand": "Wrigley's",
    "name": "Extra Peppermint Sugar Free Chewing Gum 3 x 14 Piece Pack",
    "imageUrl": "https://shop.coles.com.au/wcsstore/Coles-CAS/images/5/2/2/5229552-th.jpg",
    "categories": ["pantry"],
    "tags": ["confectionery", "gum-mints"],
    "locations": {
      "vic": {
        "price": 4,
        "promoText": "Was $4.30 on Jun 2017 ",
        "packageSize": "81g",
        "packagePrice": "$4.94 per 100G"
      }
    }
  },
  {
    "id": "5-gum-stick-chewing-gum-3-pack-peppermint",
    "brand": "5 Gum",
    "name": "Peppermint Chewing Gum Stick 3 Pack",
    "imageUrl": "https://shop.coles.com.au/wcsstore/Coles-CAS/images/3/7/3/3731986-th.jpg",
    "categories": ["pantry"],
    "tags": ["confectionery", "gum-mints"],
    "locations": {
      "vic": {
        "price": 4,
        "promoText": "Was $4.50 on Mar 2020 ",
        "packageSize": "96g",
        "packagePrice": "$4.17 per 100G"
      }
    }
  },
  {
    "id": "wrigleys-eclipse-ice-chewing-gum-peppermint-sugar-free",
    "brand": "Wrigley's",
    "name": "Eclipse Sugar Free Peppermint Ice Chewing Gum 4 x 10 Piece Pack",
    "imageUrl": "https://shop.coles.com.au/wcsstore/Coles-CAS/images/4/7/1/4719396-th.jpg",
    "categories": ["pantry"],
    "tags": ["confectionery", "gum-mints"],
    "locations": {
      "vic": {
        "price": 2.8,
        "promoText": "$0.70 ",
        "packageSize": "56g",
        "packagePrice": "$5.00 per 100G"
      }
    }
  },
  {
    "id": "wrigleys-eclipse-chewy-mints-bottle-spearmint",
    "brand": "Wrigley's",
    "name": "Eclipse Spearmint Chewy Mints Bottle",
    "imageUrl": "https://shop.coles.com.au/wcsstore/Coles-CAS/images/2/8/8/2887844-th.jpg",
    "categories": ["pantry"],
    "tags": ["confectionery", "gum-mints"],
    "locations": {
      "vic": {
        "price": 4,
        "promoText": " ",
        "packageSize": "93g",
        "packagePrice": "$4.30 per 100G"
      }
    }
  },
  {
    "id": "wrigleys-eclipse-mints-intense-mint",
    "brand": "Wrigley's",
    "name": "Eclipse Sugar Free Intense Mints Large Tin",
    "imageUrl": "https://shop.coles.com.au/wcsstore/Coles-CAS/images/3/4/5/3454718-th.jpg",
    "categories": ["pantry"],
    "tags": ["confectionery", "gum-mints"],
    "locations": {
      "vic": {
        "price": 3,
        "promoText": "Any 2 $5",
        "packageSize": "40g",
        "packagePrice": "$7.50 per 100G"
      }
    }
  },
  {
    "id": "wrigleys-eclipse-mints-peppermint-3454729p",
    "brand": "Wrigley's",
    "name": "Eclipse Sugar Free Peppermint Mints Large Tin",
    "imageUrl": "https://shop.coles.com.au/wcsstore/Coles-CAS/images/3/4/5/3454729-th.jpg",
    "categories": ["pantry"],
    "tags": ["confectionery", "gum-mints"],
    "locations": {
      "vic": {
        "price": 3,
        "promoText": "Any 2 $5",
        "packageSize": "40g",
        "packagePrice": "$7.50 per 100G"
      }
    }
  },
  {
    "id": "wrigleys-eclipse-mints-spearmint-3454682p",
    "brand": "Wrigley's",
    "name": "Eclipse Sugar Free Spearmint Mints Large Tin",
    "imageUrl": "https://shop.coles.com.au/wcsstore/Coles-CAS/images/3/4/5/3454682-th.jpg",
    "categories": ["pantry"],
    "tags": ["confectionery", "gum-mints"],
    "locations": {
      "vic": {
        "price": 3,
        "promoText": "Any 2 $5",
        "packageSize": "40g",
        "packagePrice": "$7.50 per 100G"
      }
    }
  },
  {
    "id": "wrigleys-extra-white-peppermint-46-pack",
    "brand": "Wrigley's",
    "name": "Extra White Sugar Free Peppermint Chewing Gum Bottle 46 Piece",
    "imageUrl": "https://shop.coles.com.au/wcsstore/Coles-CAS/images/5/7/2/5727695-th.jpg",
    "categories": ["pantry"],
    "tags": ["confectionery", "gum-mints"],
    "locations": {
      "vic": {
        "price": 4,
        "promoText": " ",
        "packageSize": "64g",
        "packagePrice": "$6.25 per 100G"
      }
    }
  },
  {
    "id": "hubba-bubba-bubble-gum",
    "brand": "Wrigley's",
    "name": "Hubba Bubba Groovy Grape Bubble Gum Tape 180cm",
    "imageUrl": "https://shop.coles.com.au/wcsstore/Coles-CAS/images/9/5/6/9564195-th.jpg",
    "categories": ["pantry"],
    "tags": ["confectionery", "gum-mints"],
    "locations": {
      "vic": {
        "price": 2,
        "promoText": "$0.40 ",
        "packageSize": "56g",
        "packagePrice": "$3.57 per 100G"
      }
    }
  },
  {
    "id": "wrigleys-extra-white-bubblemint-46-pack",
    "brand": "Wrigley's",
    "name": "Extra White Sugar Free Bubblemint Chewing Gum Bottle 46 Piece",
    "imageUrl": "https://shop.coles.com.au/wcsstore/Coles-CAS/images/2/2/2/2226310-th.jpg",
    "categories": ["pantry"],
    "tags": ["confectionery", "gum-mints"],
    "locations": {
      "vic": {
        "price": 4,
        "promoText": " ",
        "packageSize": "64g",
        "packagePrice": "$6.25 per 100G"
      }
    }
  },
  {
    "id": "hubba-bubba-variety-bubble-gum",
    "brand": "Wrigley's",
    "name": "Hubba Bubba Variety Bubble Gum Multipack 4 x 5 Pieces Pack",
    "imageUrl": "https://shop.coles.com.au/wcsstore/Coles-CAS/images/9/6/3/9633899-th.jpg",
    "categories": ["pantry"],
    "tags": ["confectionery", "gum-mints"],
    "locations": {
      "vic": {
        "price": 3,
        "promoText": "$0.20 ",
        "packageSize": "4 pack",
        "packagePrice": "$2.14 per 100G"
      }
    }
  },
  {
    "id": "5-gum-stick-chewing-gum-blueberry",
    "brand": "5 Gum",
    "name": "Blueberry Chewing Gum Stick",
    "imageUrl": "https://shop.coles.com.au/wcsstore/Coles-CAS/images/3/6/9/3696717-th.jpg",
    "categories": ["pantry"],
    "tags": ["confectionery", "gum-mints"],
    "locations": {
      "vic": {
        "price": 2,
        "promoText": " ",
        "packageSize": "32g",
        "packagePrice": "$6.25 per 100G"
      }
    }
  },
  {
    "id": "5-gum-stick-chewing-gum-3-pack-blueberry",
    "brand": "5 Gum",
    "name": "Blueberry Chewing Gum Stick 3 pack",
    "imageUrl": "https://shop.coles.com.au/wcsstore/Coles-CAS/images/3/7/3/3731964-th.jpg",
    "categories": ["pantry"],
    "tags": ["confectionery", "gum-mints"],
    "locations": {
      "vic": {
        "price": 4,
        "promoText": "Was $4.50 on Mar 2020 ",
        "packageSize": "96g",
        "packagePrice": "$4.17 per 100G"
      }
    }
  },
  {
    "id": "eclipse-mints-watermelon",
    "brand": "Eclipse",
    "name": "Mints Watermelon",
    "imageUrl": "https://shop.coles.com.au/wcsstore/Coles-CAS/images/3/7/1/3713849-th.jpg",
    "categories": ["pantry"],
    "tags": ["confectionery", "gum-mints"],
    "locations": {
      "vic": {
        "price": 3,
        "promoText": "Any 2 $5",
        "packageSize": "40g",
        "packagePrice": "$7.50 per 100G"
      }
    }
  },
  {
    "id": "mentos-gum-pure-fresh-tin-spearmint",
    "brand": "Mentos",
    "name": "Pure Fresh Spearmint Chewing Gum",
    "imageUrl": "https://shop.coles.com.au/wcsstore/Coles-CAS/images/1/4/6/1468020-th.jpg",
    "categories": ["pantry"],
    "tags": ["confectionery", "gum-mints"],
    "locations": {
      "vic": {
        "price": 1.5,
        "promoText": "$0.50 ",
        "packageSize": "30g",
        "packagePrice": "$5.00 per 100G"
      }
    }
  },
  {
    "id": "tic-tac-bottle-orange",
    "brand": "Tic Tac",
    "name": "Bottle Orange",
    "imageUrl": "https://shop.coles.com.au/wcsstore/Coles-CAS/images/2/1/2/2127115-th.jpg",
    "categories": ["pantry"],
    "tags": ["confectionery", "gum-mints"],
    "locations": {
      "vic": {
        "price": 5,
        "promoText": " ",
        "packageSize": "98g",
        "packagePrice": "$5.10 per 100G"
      }
    }
  },
  {
    "id": "wrigleys-air-waves-chewing-gum-menthol-eucalyptus-sugar-free",
    "brand": "Wrigley's",
    "name": "Air Waves Sugar Free Menthol & Eucalyptus Chewing Gum 4 x 10 Piece Pack",
    "imageUrl": "https://shop.coles.com.au/wcsstore/Coles-CAS/images/8/8/9/8894605-th.jpg",
    "categories": ["pantry"],
    "tags": ["confectionery", "gum-mints"],
    "locations": {
      "vic": {
        "price": 2.8,
        "promoText": "$0.70 ",
        "packageSize": "56g",
        "packagePrice": "$5.00 per 100G"
      }
    }
  },
  {
    "id": "wrigleys-extra-active-multipack-spearmint-gum",
    "brand": "Wrigley's",
    "name": "Extra Active Sugar Free Spearmint Chewing Gum 2 x 14 Piece Pack",
    "imageUrl": "https://shop.coles.com.au/wcsstore/Coles-CAS/images/8/6/6/8664922-th.jpg",
    "categories": ["pantry"],
    "tags": ["confectionery", "gum-mints"],
    "locations": {
      "vic": {
        "price": 4.2,
        "promoText": " ",
        "packageSize": "54g",
        "packagePrice": "$7.78 per 100G"
      }
    }
  },
  {
    "id": "wrigleys-extra-envelope-spearmint",
    "brand": "Wrigley's",
    "name": "Extra Spearmint Sugar Free Chewing Gum 14 Piece",
    "imageUrl": "https://shop.coles.com.au/wcsstore/Coles-CAS/images/5/7/0/5703165-th.jpg",
    "categories": ["pantry"],
    "tags": ["confectionery", "gum-mints"],
    "locations": {
      "vic": {
        "price": 2,
        "promoText": " ",
        "packageSize": "27g",
        "packagePrice": "$7.41 per 100G"
      }
    }
  },
  {
    "id": "wrigleys-eclipse-ice-chewing-gum-spearmint-sugar-free",
    "brand": "Wrigley's",
    "name": "Eclipse Sugar Free Spearmint Ice Chewing Gum 4 x 10 Piece Pack",
    "imageUrl": "https://shop.coles.com.au/wcsstore/Coles-CAS/images/4/7/1/4719400-th.jpg",
    "categories": ["pantry"],
    "tags": ["confectionery", "gum-mints"],
    "locations": {
      "vic": {
        "price": 2.8,
        "promoText": "$0.70 ",
        "packageSize": "56g",
        "packagePrice": "$5.00 per 100G"
      }
    }
  },
  {
    "id": "wrigleys-eclipse-chewy-mints-spearmint",
    "brand": "Wrigley's",
    "name": "Eclipse Spearmint Chewy Mints Tin",
    "imageUrl": "https://shop.coles.com.au/wcsstore/Coles-CAS/images/9/8/9/9899342-th.jpg",
    "categories": ["pantry"],
    "tags": ["confectionery", "gum-mints"],
    "locations": {
      "vic": {
        "price": 1.5,
        "promoText": " ",
        "packageSize": "27g",
        "packagePrice": "$5.56 per 100G"
      }
    }
  },
  {
    "id": "wrigley-extra-peppermint-chewing-gum-bottle-46-pack",
    "brand": "Wrigley's",
    "name": "Extra Peppermint Sugar Free Chewing Gum Bottle 46 Piece",
    "imageUrl": "https://shop.coles.com.au/wcsstore/Coles-CAS/images/1/8/0/1804502-th.jpg",
    "categories": ["pantry"],
    "tags": ["confectionery", "gum-mints"],
    "locations": {
      "vic": {
        "price": 4,
        "promoText": " ",
        "packageSize": "64g",
        "packagePrice": "$6.25 per 100G"
      }
    }
  },
  {
    "id": "5-gum-stick-chewing-gum-col-mint",
    "brand": "5 Gum",
    "name": "Cool Mint Chewing Gum Stick",
    "imageUrl": "https://shop.coles.com.au/wcsstore/Coles-CAS/images/3/6/9/3696739-th.jpg",
    "categories": ["pantry"],
    "tags": ["confectionery", "gum-mints"],
    "locations": {
      "vic": {
        "price": 2,
        "promoText": " ",
        "packageSize": "32g",
        "packagePrice": "$6.25 per 100G"
      }
    }
  },
  {
    "id": "5-gum-stick-chewing-gum-3-pack-watermelon",
    "brand": "5 Gum",
    "name": "Stick Chewing Gum Watermelon 3 Pack",
    "imageUrl": "https://shop.coles.com.au/wcsstore/Coles-CAS/images/3/7/3/3731975-th.jpg",
    "categories": ["pantry"],
    "tags": ["confectionery", "gum-mints"],
    "locations": {
      "vic": {
        "price": 4,
        "promoText": "Was $4.50 on Mar 2020 ",
        "packageSize": "96g",
        "packagePrice": "$4.17 per 100G"
      }
    }
  },
  {
    "id": "jila-sugar-free-peppermint-mints",
    "brand": "Jila",
    "name": "Sugar Free Peppermint Mints",
    "imageUrl": "https://shop.coles.com.au/wcsstore/Coles-CAS/images/6/7/8/6783942-th.jpg",
    "categories": ["pantry"],
    "tags": ["confectionery", "gum-mints"],
    "locations": {
      "vic": {
        "price": 2,
        "promoText": "Was $2.30 on Apr 2016 ",
        "packageSize": "34g",
        "packagePrice": "$5.88 per 100G"
      }
    }
  },
  {
    "id": "tic-tac-peppermint",
    "brand": "Tic Tac",
    "name": "Peppermint",
    "imageUrl": "https://shop.coles.com.au/wcsstore/Coles-CAS/images/5/6/6/5666932-th.jpg",
    "categories": ["pantry"],
    "tags": ["confectionery", "gum-mints"],
    "locations": {
      "vic": {
        "price": 1.5,
        "promoText": "$0.30 ",
        "packageSize": "24g",
        "packagePrice": "$6.25 per 100G"
      }
    }
  },
  {
    "id": "tic-tac-orange-5666717p",
    "brand": "Tic Tac",
    "name": "Orange",
    "imageUrl": "https://shop.coles.com.au/wcsstore/Coles-CAS/images/5/6/6/5666717-th.jpg",
    "categories": ["pantry"],
    "tags": ["confectionery", "gum-mints"],
    "locations": {
      "vic": {
        "price": 1.5,
        "promoText": "$0.30 ",
        "packageSize": "24g",
        "packagePrice": "$6.25 per 100G"
      }
    }
  },
  {
    "id": "tic-tac-bottle-peppermint",
    "brand": "Tic Tac",
    "name": "Bottle Peppermint",
    "imageUrl": "https://shop.coles.com.au/wcsstore/Coles-CAS/images/2/1/2/2127126-th.jpg",
    "categories": ["pantry"],
    "tags": ["confectionery", "gum-mints"],
    "locations": {
      "vic": {
        "price": 5,
        "promoText": " ",
        "packageSize": "98g",
        "packagePrice": "$5.10 per 100G"
      }
    }
  },
  {
    "id": "wrigleys-extra-white-lemon-lime",
    "brand": "Wrigley's",
    "name": "Extra White Sugar Free Lemon Lime Chewing Gum 4 x 10 Piece Pack",
    "imageUrl": "https://shop.coles.com.au/wcsstore/Coles-CAS/images/7/5/8/7585875-th.jpg",
    "categories": ["pantry"],
    "tags": ["confectionery", "gum-mints"],
    "locations": {
      "vic": {
        "price": 2.8,
        "promoText": "$0.70 ",
        "packageSize": "56g",
        "packagePrice": "$5.00 per 100G"
      }
    }
  },
  {
    "id": "wrigleys-extra-envelope-peppermint",
    "brand": "Wrigley's",
    "name": "Extra Peppermint Sugar Free Chewing Gum 14 Piece",
    "imageUrl": "https://shop.coles.com.au/wcsstore/Coles-CAS/images/5/7/0/5703176-th.jpg",
    "categories": ["pantry"],
    "tags": ["confectionery", "gum-mints"],
    "locations": {
      "vic": {
        "price": 2,
        "promoText": " ",
        "packageSize": "27g",
        "packagePrice": "$7.41 per 100G"
      }
    }
  },
  {
    "id": "extra-chewing-gum-peppermint-10-piece-4-pack",
    "brand": "Wrigley's",
    "name": "Extra Peppermint Sugar Free Chewing Gum 4 x 10 Piece Pack",
    "imageUrl": "https://shop.coles.com.au/wcsstore/Coles-CAS/images/2/6/5/2655146-th.jpg",
    "categories": ["pantry"],
    "tags": ["confectionery", "gum-mints"],
    "locations": {
      "vic": {
        "price": 2.8,
        "promoText": "$0.70 ",
        "packageSize": "56g",
        "packagePrice": "$5.00 per 100G"
      }
    }
  },
  {
    "id": "hubba-bubba-bubble-gum-tape-sberry",
    "brand": "Wrigley's",
    "name": "Hubba Bubba Seriously Strawberry Bubble Gum Tape 180cm",
    "imageUrl": "https://shop.coles.com.au/wcsstore/Coles-CAS/images/9/5/6/9564526-th.jpg",
    "categories": ["pantry"],
    "tags": ["confectionery", "gum-mints"],
    "locations": {
      "vic": {
        "price": 2,
        "promoText": "$0.40 ",
        "packageSize": "56g",
        "packagePrice": "$3.57 per 100G"
      }
    }
  },
  {
    "id": "wrigleys-extra-soft-chew-bottle-spearmint",
    "brand": "Wrigley's",
    "name": "Extra Soft Chew Sugar Free White Spearmint Chewing Gum  Bottle 30 Piece",
    "imageUrl": "https://shop.coles.com.au/wcsstore/Coles-CAS/images/3/4/5/3455313-th.jpg",
    "categories": ["pantry"],
    "tags": ["confectionery", "gum-mints"],
    "locations": {
      "vic": {
        "price": 4,
        "promoText": " ",
        "packageSize": "67g",
        "packagePrice": "$5.97 per 100G"
      }
    }
  },
  {
    "id": "wrigleys-eclipse-mints-strawberry",
    "brand": "Wrigley's",
    "name": "Eclipse Sugar Free Strawberry Mints Large Tin",
    "imageUrl": "https://shop.coles.com.au/wcsstore/Coles-CAS/images/3/4/5/3454707-th.jpg",
    "categories": ["pantry"],
    "tags": ["confectionery", "gum-mints"],
    "locations": {
      "vic": {
        "price": 3,
        "promoText": "Any 2 $5",
        "packageSize": "40g",
        "packagePrice": "$7.50 per 100G"
      }
    }
  },
  {
    "id": "wrigleys-extra-soft-chew-bottle-peppermint-3455324p",
    "brand": "Wrigley's",
    "name": "Extra Soft Chew Sugar Free White Peppermint Chewing Gum  Bottle 30 Piece",
    "imageUrl": "https://shop.coles.com.au/wcsstore/Coles-CAS/images/3/4/5/3455324-th.jpg",
    "categories": ["pantry"],
    "tags": ["confectionery", "gum-mints"],
    "locations": {
      "vic": {
        "price": 4,
        "promoText": " ",
        "packageSize": "67g",
        "packagePrice": "$5.97 per 100G"
      }
    }
  },
  {
    "id": "5-gum-stick-chewing-gum-watermelon",
    "brand": "5 Gum",
    "name": "Watermelon Chewing Gum Stick",
    "imageUrl": "https://shop.coles.com.au/wcsstore/Coles-CAS/images/3/6/9/3696706-th.jpg",
    "categories": ["pantry"],
    "tags": ["confectionery", "gum-mints"],
    "locations": {
      "vic": {
        "price": 2,
        "promoText": " ",
        "packageSize": "32g",
        "packagePrice": "$6.25 per 100G"
      }
    }
  },
  {
    "id": "jila-sugar-free-spearmint-mints",
    "brand": "Jila",
    "name": "Sugar Free Spearmint Mints",
    "imageUrl": "https://shop.coles.com.au/wcsstore/Coles-CAS/images/6/7/8/6783953-th.jpg",
    "categories": ["pantry"],
    "tags": ["confectionery", "gum-mints"],
    "locations": {
      "vic": {
        "price": 2,
        "promoText": "Was $2.30 on Apr 2016 ",
        "packageSize": "34g",
        "packagePrice": "$5.88 per 100G"
      }
    }
  },
  {
    "id": "tic-tac-mint-rush",
    "brand": "Tic Tac",
    "name": "Mint Rush",
    "imageUrl": "https://shop.coles.com.au/wcsstore/Coles-CAS/images/3/4/5/3455539-th.jpg",
    "categories": ["pantry"],
    "tags": ["confectionery", "gum-mints"],
    "locations": {
      "vic": {
        "price": 0,
        "promoText": " ",
        "packageSize": "24g",
        "packagePrice": ""
      }
    }
  },
  {
    "id": "tic-tac-x-freze-mints-spearmint",
    "brand": "Tic Tac",
    "name": "X-Freeze Mints Spearmint",
    "imageUrl": "https://shop.coles.com.au/wcsstore/Coles-CAS/images/3/7/3/3733154-th.jpg",
    "categories": ["pantry"],
    "tags": ["confectionery", "gum-mints"],
    "locations": {
      "vic": {
        "price": 1.5,
        "promoText": "$0.50 ",
        "packageSize": "16.5g",
        "packagePrice": "$9.09 per 100G"
      }
    }
  },
  {
    "id": "wrigleys-extra-strawberry-envelope-14-pieces",
    "brand": "Wrigley's",
    "name": "Extra Sugar Free Strawberry Chewing Gum 14 Piece",
    "imageUrl": "https://shop.coles.com.au/wcsstore/Coles-CAS/images/6/0/2/6023031-th.jpg",
    "categories": ["pantry"],
    "tags": ["confectionery", "gum-mints"],
    "locations": {
      "vic": {
        "price": 2,
        "promoText": " ",
        "packageSize": "27g",
        "packagePrice": "$7.41 per 100G"
      }
    }
  },
  {
    "id": "wrigleys-juicy-fruit-chewing-gum",
    "brand": "Wrigley's",
    "name": "Juicy Fruit Chewing Gum 5 x 10 Piece Pack",
    "imageUrl": "https://shop.coles.com.au/wcsstore/Coles-CAS/images/4/1/7/417067-th.jpg",
    "categories": ["pantry"],
    "tags": ["confectionery", "gum-mints"],
    "locations": {
      "vic": {
        "price": 2.8,
        "promoText": "$0.70 ",
        "packageSize": "70g",
        "packagePrice": "$4.00 per 100G"
      }
    }
  },
  {
    "id": "wrigleys-pk-chewing-gum-family-pack",
    "brand": "Wrigley's",
    "name": "P.K Gold Original Chewing Gum Multipack 5 x 10 Piece Pack",
    "imageUrl": "https://shop.coles.com.au/wcsstore/Coles-CAS/images/4/1/7/417056-th.jpg",
    "categories": ["pantry"],
    "tags": ["confectionery", "gum-mints"],
    "locations": {
      "vic": {
        "price": 2.8,
        "promoText": "$0.70 ",
        "packageSize": "70g",
        "packagePrice": "$4.00 per 100G"
      }
    }
  },
  {
    "id": "wrigley-eclipse-chewy-mints-peppermint",
    "brand": "Wrigley's",
    "name": "Eclipse Peppermint Chewy Mints Tin",
    "imageUrl": "https://shop.coles.com.au/wcsstore/Coles-CAS/images/9/8/9/9898270-th.jpg",
    "categories": ["pantry"],
    "tags": ["confectionery", "gum-mints"],
    "locations": {
      "vic": {
        "price": 1.5,
        "promoText": " ",
        "packageSize": "27g",
        "packagePrice": "$5.56 per 100G"
      }
    }
  },
  {
    "id": "wrigleys-extra-chewing-gum-white",
    "brand": "Wrigley's",
    "name": "Extra White Sugar Free Chewing Gum 4x10 Pieces Pack",
    "imageUrl": "https://shop.coles.com.au/wcsstore/Coles-CAS/images/8/7/5/8752316-th.jpg",
    "categories": ["pantry"],
    "tags": ["confectionery", "gum-mints"],
    "locations": {
      "vic": {
        "price": 2.8,
        "promoText": "$0.70 ",
        "packageSize": "56g",
        "packagePrice": "$5.00 per 100G"
      }
    }
  },
  {
    "id": "wrigley-extra-spearmint-chewing-gum-bottle-46-pack",
    "brand": "Wrigley's",
    "name": "Extra Spearmint Sugar Free Chewing Gum Bottle 46 Piece",
    "imageUrl": "https://shop.coles.com.au/wcsstore/Coles-CAS/images/1/8/0/1804513-th.jpg",
    "categories": ["pantry"],
    "tags": ["confectionery", "gum-mints"],
    "locations": {
      "vic": {
        "price": 4,
        "promoText": " ",
        "packageSize": "64g",
        "packagePrice": "$6.25 per 100G"
      }
    }
  },
  {
    "id": "wrigleys-extra-bubblemint-gum-4-pack",
    "brand": "Wrigley's",
    "name": "Extra White Sugar Free Bubblemint Chewing Gum  4 x 10 Piece Pack",
    "imageUrl": "https://shop.coles.com.au/wcsstore/Coles-CAS/images/2/2/2/2229192-th.jpg",
    "categories": ["pantry"],
    "tags": ["confectionery", "gum-mints"],
    "locations": {
      "vic": {
        "price": 2.8,
        "promoText": "$0.70 ",
        "packageSize": "56g",
        "packagePrice": "$5.00 per 100G"
      }
    }
  },
  {
    "id": "extra-chewing-gum-spearmint-10-piece-4-pack",
    "brand": "Wrigley's",
    "name": "Extra Spearmint Sugar Free Chewing Gum 4 x 10 Piece Pack",
    "imageUrl": "https://shop.coles.com.au/wcsstore/Coles-CAS/images/2/6/5/2655135-th.jpg",
    "categories": ["pantry"],
    "tags": ["confectionery", "gum-mints"],
    "locations": {
      "vic": {
        "price": 2.8,
        "promoText": "$0.70 ",
        "packageSize": "56g",
        "packagePrice": "$5.00 per 100G"
      }
    }
  },
  {
    "id": "extra-chewing-gum-strawberry-14-piece-3-pack",
    "brand": "Wrigley's",
    "name": "Extra Strawberry Sugar Free Chewing Gum 3 x 14 Piece Pack",
    "imageUrl": "https://shop.coles.com.au/wcsstore/Coles-CAS/images/2/6/5/2655102-th.jpg",
    "categories": ["pantry"],
    "tags": ["confectionery", "gum-mints"],
    "locations": {
      "vic": {
        "price": 4,
        "promoText": "Was $4.30 on Jun 2017 ",
        "packageSize": "81g",
        "packagePrice": "$4.94 per 100G"
      }
    }
  },
  {
    "id": "wrigleys-extra-s-f-chewing-gum-bubble-mint",
    "brand": "Wrigley's",
    "name": "Extra Bubblemint Sugar Free Chewing Gum 3 x 14 Piece Pack",
    "imageUrl": "https://shop.coles.com.au/wcsstore/Coles-CAS/images/2/7/9/2799260-th.jpg",
    "categories": ["pantry"],
    "tags": ["confectionery", "gum-mints"],
    "locations": {
      "vic": {
        "price": 4,
        "promoText": "Was $4.30 on Jun 2017 ",
        "packageSize": "81g",
        "packagePrice": "$4.94 per 100G"
      }
    }
  },
  {
    "id": "wrigleys-eclipse-mint-3pk-peppermint",
    "brand": "Wrigley's",
    "name": "Eclipse Sugar Free Peppermint Mints Small Tin 3 x 17g Pack",
    "imageUrl": "https://shop.coles.com.au/wcsstore/Coles-CAS/images/3/4/5/3455299-th.jpg",
    "categories": ["pantry"],
    "tags": ["confectionery", "gum-mints"],
    "locations": {
      "vic": {
        "price": 0,
        "promoText": " ",
        "packageSize": "51g",
        "packagePrice": ""
      }
    }
  },
  {
    "id": "wrigleys-extra-soft-chew-bottle-spearmint-3455346p",
    "brand": "Wrigley's",
    "name": "Extra Soft Chew Sugar Free White Spearmint Chewing Gum Bottle 10 Piece",
    "imageUrl": "https://shop.coles.com.au/wcsstore/Coles-CAS/images/3/4/5/3455346-th.jpg",
    "categories": ["pantry"],
    "tags": ["confectionery", "gum-mints"],
    "locations": {
      "vic": {
        "price": 0,
        "promoText": " ",
        "packageSize": "22g",
        "packagePrice": ""
      }
    }
  },
  {
    "id": "allens-butter-menthol-lozenges",
    "brand": "Soothers",
    "name": "Butter-Menthol Medicated Throat Lozenges",
    "imageUrl": "https://shop.coles.com.au/wcsstore/Coles-CAS/images/5/0/9/5096459-th.jpg",
    "categories": ["pantry"],
    "tags": ["confectionery", "medicated-lozenges"],
    "locations": {
      "vic": {
        "price": 4,
        "promoText": " ",
        "packageSize": "3 pack",
        "packagePrice": "$4.00 per 1Ea"
      }
    }
  },
  {
    "id": "allens-anticol",
    "brand": "Anticol",
    "name": "Medicated Throat Lozenges Original Menthol",
    "imageUrl": "https://shop.coles.com.au/wcsstore/Coles-CAS/images/5/0/9/5096448-th.jpg",
    "categories": ["pantry"],
    "tags": ["confectionery", "medicated-lozenges"],
    "locations": {
      "vic": {
        "price": 4,
        "promoText": " ",
        "packageSize": "3 pack",
        "packagePrice": "$4.00 per 1Ea"
      }
    }
  },
  {
    "id": "nicorette-cooldrops-extra-strength-icy-mint-lozenges-1744171p",
    "brand": "Nicorette",
    "name": "Cooldrops Extra Strength Icy Mint Lozenges",
    "imageUrl": "https://shop.coles.com.au/wcsstore/Coles-CAS/images/1/7/4/1744171-th.jpg",
    "categories": ["pantry"],
    "tags": ["confectionery", "medicated-lozenges"],
    "locations": {
      "vic": {
        "price": 36,
        "promoText": "Was $40.00 on Feb 2020 ",
        "packageSize": "80 pack",
        "packagePrice": "$0.45 per 1Ea"
      }
    }
  },
  {
    "id": "nicorette-gum-icy-mint-4mg-8790950p",
    "brand": "Nicorette",
    "name": "Icy Mint Gum",
    "imageUrl": "https://shop.coles.com.au/wcsstore/Coles-CAS/images/8/7/9/8790950-th.jpg",
    "categories": ["pantry"],
    "tags": ["confectionery", "medicated-lozenges"],
    "locations": {
      "vic": {
        "price": 29,
        "promoText": " ",
        "packageSize": "75 pack",
        "packagePrice": "$29.00 per 1ea"
      }
    }
  },
  {
    "id": "soothers-medicated-blackcurrant",
    "brand": "Soothers",
    "name": "Blackcurrant Dry Sore Throat",
    "imageUrl": "https://shop.coles.com.au/wcsstore/Coles-CAS/images/5/5/1/5516011-th.jpg",
    "categories": ["pantry"],
    "tags": ["confectionery", "medicated-lozenges"],
    "locations": {
      "vic": {
        "price": 4.2,
        "promoText": " ",
        "packageSize": "3 pack",
        "packagePrice": "$1.40 per 1Ea"
      }
    }
  },
  {
    "id": "nicorette-cooldrops-regular-strength-icy-mint-lozenges",
    "brand": "Nicorette",
    "name": "Cooldrops Regular Strength Icy Mint Lozenges",
    "imageUrl": "https://shop.coles.com.au/wcsstore/Coles-CAS/images/1/7/4/1744150-th.jpg",
    "categories": ["pantry"],
    "tags": ["confectionery", "medicated-lozenges"],
    "locations": {
      "vic": {
        "price": 36,
        "promoText": "Was $40.00 on Feb 2020 ",
        "packageSize": "80 pack",
        "packagePrice": "$0.45 per 1Ea"
      }
    }
  },
  {
    "id": "quick-eze-antacid-tablets-310507p",
    "brand": "Quick-Eze",
    "name": "Antacid Original Tablets",
    "imageUrl": "https://shop.coles.com.au/wcsstore/Coles-CAS/images/3/1/0/310507-th.jpg",
    "categories": ["pantry"],
    "tags": ["confectionery", "medicated-lozenges"],
    "locations": {
      "vic": {
        "price": 6.5,
        "promoText": " ",
        "packageSize": "5 pack",
        "packagePrice": "$4.45 per 100G"
      }
    }
  },
  {
    "id": "strepsils-throat-lozenges-orange",
    "brand": "Strepsils",
    "name": "Orange Throat Lozenges",
    "imageUrl": "https://shop.coles.com.au/wcsstore/Coles-CAS/images/6/4/2/6420348-th.jpg",
    "categories": ["pantry"],
    "tags": ["confectionery", "medicated-lozenges"],
    "locations": {
      "vic": {
        "price": 10.5,
        "promoText": " ",
        "packageSize": "36 pack",
        "packagePrice": "$0.29 per 1Ea"
      }
    }
  },
  {
    "id": "fishermans-friend-throat-lozenges-sugar-free-mint",
    "brand": "Fisherman's Friend",
    "name": "Peppermint Throat Lozenge",
    "imageUrl": "https://shop.coles.com.au/wcsstore/Coles-CAS/images/5/5/4/5541347-th.jpg",
    "categories": ["pantry"],
    "tags": ["confectionery", "medicated-lozenges"],
    "locations": {
      "vic": {
        "price": 2.3,
        "promoText": " ",
        "packageSize": "25g",
        "packagePrice": "$9.20 per 100G"
      }
    }
  },
  {
    "id": "nestle-liquid-centre-butter-menthol-honey-lemon",
    "brand": "Soothers",
    "name": "Butter-Menthol Honey & Lemon Liquid Centres Medicated Throat Lozenges",
    "imageUrl": "https://shop.coles.com.au/wcsstore/Coles-CAS/images/7/5/4/7543117-th.jpg",
    "categories": ["pantry"],
    "tags": ["confectionery", "medicated-lozenges"],
    "locations": {
      "vic": {
        "price": 2.2,
        "promoText": " ",
        "packageSize": "10 pack",
        "packagePrice": "$0.22 per 1Ea"
      }
    }
  },
  {
    "id": "allens-butter-menthol-stick-throat-lozenges",
    "brand": "Soothers",
    "name": "Butter-Menthol Medicated Throat Lozenges",
    "imageUrl": "https://shop.coles.com.au/wcsstore/Coles-CAS/images/1/6/1/161597-th.jpg",
    "categories": ["pantry"],
    "tags": ["confectionery", "medicated-lozenges"],
    "locations": {
      "vic": {
        "price": 2.2,
        "promoText": " ",
        "packageSize": "1pack",
        "packagePrice": "$5.50 per 100G"
      }
    }
  },
  {
    "id": "soothers-liquid-centres-lemon-lime",
    "brand": "Soothers",
    "name": "Medicated Lemon & Lime Liquid Centres Throat Lozenges",
    "imageUrl": "https://shop.coles.com.au/wcsstore/Coles-CAS/images/9/7/0/9702856-th.jpg",
    "categories": ["pantry"],
    "tags": ["confectionery", "medicated-lozenges"],
    "locations": {
      "vic": {
        "price": 2.2,
        "promoText": " ",
        "packageSize": "1 pack",
        "packagePrice": "$4.40 per 100G"
      }
    }
  },
  {
    "id": "allens-throat-lozenges-anticol",
    "brand": "Anticol",
    "name": "Medicated Throat Lozenges Original Menthol",
    "imageUrl": "https://shop.coles.com.au/wcsstore/Coles-CAS/images/1/6/5/165168-th.jpg",
    "categories": ["pantry"],
    "tags": ["confectionery", "medicated-lozenges"],
    "locations": {
      "vic": {
        "price": 2.2,
        "promoText": " ",
        "packageSize": "50g",
        "packagePrice": "$4.40 per 100G"
      }
    }
  },
  {
    "id": "fishermans-friend-throat-lozenges-original",
    "brand": "Fisherman's Friend",
    "name": "Original Throat Lozenge",
    "imageUrl": "https://shop.coles.com.au/wcsstore/Coles-CAS/images/2/2/5/225485-th.jpg",
    "categories": ["pantry"],
    "tags": ["confectionery", "medicated-lozenges"],
    "locations": {
      "vic": {
        "price": 2.3,
        "promoText": " ",
        "packageSize": "25g",
        "packagePrice": "$9.20 per 100G"
      }
    }
  },
  {
    "id": "herron-nicaway-nicotine-lozenge-4mg-72pk",
    "brand": "Herron Nicaway",
    "name": "Nicotine Lozenge 4mg",
    "imageUrl": "https://shop.coles.com.au/wcsstore/Coles-CAS/images/3/0/5/3058437-th.jpg",
    "categories": ["pantry"],
    "tags": ["confectionery", "medicated-lozenges"],
    "locations": {
      "vic": {
        "price": 20,
        "promoText": " ",
        "packageSize": "72 pack",
        "packagePrice": "$0.28 per 1Ea"
      }
    }
  },
  {
    "id": "strepsils-lozenges-plus-anaesthetic",
    "brand": "Strepsils",
    "name": "Plus Anaesthetic Sore Throat Numbing Pain Relief 16 Lozenges",
    "imageUrl": "https://shop.coles.com.au/wcsstore/Coles-CAS/images/1/2/1/1216333-th.jpg",
    "categories": ["pantry"],
    "tags": ["confectionery", "medicated-lozenges"],
    "locations": {
      "vic": {
        "price": 7,
        "promoText": " ",
        "packageSize": "1 pack",
        "packagePrice": "$7.00 per 1Ea"
      }
    }
  },
  {
    "id": "herron-nicaway-nicotine-lozenge-2mg",
    "brand": "Herron Nicaway",
    "name": "Nicotine Lozenge 2mg",
    "imageUrl": "https://shop.coles.com.au/wcsstore/Coles-CAS/images/3/0/5/3058390-th.jpg",
    "categories": ["pantry"],
    "tags": ["confectionery", "medicated-lozenges"],
    "locations": {
      "vic": {
        "price": 20,
        "promoText": " ",
        "packageSize": "72 pack",
        "packagePrice": "$0.28 per 1Ea"
      }
    }
  },
  {
    "id": "allens-soothers-eucalyptus-menthol",
    "brand": "Nestle",
    "name": "Soothers Eucalyptus & Menthol With Vitamin C Medicated Lozenges",
    "imageUrl": "https://shop.coles.com.au/wcsstore/Coles-CAS/images/5/0/9/5096437-th.jpg",
    "categories": ["pantry"],
    "tags": ["confectionery", "medicated-lozenges"],
    "locations": {
      "vic": {
        "price": 4,
        "promoText": " ",
        "packageSize": "3 pack",
        "packagePrice": "$1.33 per 1Ea"
      }
    }
  },
  {
    "id": "nicabate-minis-mint-mint-lozenges-15mg",
    "brand": "Nicabate",
    "name": "Mini Mint Lozenges 1.5mg",
    "imageUrl": "https://shop.coles.com.au/wcsstore/Coles-CAS/images/6/9/9/6998870-th.jpg",
    "categories": ["pantry"],
    "tags": ["confectionery", "medicated-lozenges"],
    "locations": {
      "vic": {
        "price": 33.2,
        "promoText": " ",
        "packageSize": "60 pack",
        "packagePrice": "$0.55 per 1Ea"
      }
    }
  },
  {
    "id": "nicabate-minis-mint-lozenges-4mg",
    "brand": "Nicabate",
    "name": "Minis Quit Smoking Lozenge 4mg",
    "imageUrl": "https://shop.coles.com.au/wcsstore/Coles-CAS/images/7/0/0/7003867-th.jpg",
    "categories": ["pantry"],
    "tags": ["confectionery", "medicated-lozenges"],
    "locations": {
      "vic": {
        "price": 33.2,
        "promoText": " ",
        "packageSize": "60 Pack",
        "packagePrice": "$0.55 per 1Ea"
      }
    }
  },
  {
    "id": "nicabate-minis-mint-lozenges-4mg-7003834p",
    "brand": "Nicabate",
    "name": "Minis Quit Smoking Lozenge 4mg",
    "imageUrl": "https://shop.coles.com.au/wcsstore/Coles-CAS/images/7/0/0/7003834-th.jpg",
    "categories": ["pantry"],
    "tags": ["confectionery", "medicated-lozenges"],
    "locations": {
      "vic": {
        "price": 12.8,
        "promoText": " ",
        "packageSize": "20 pack",
        "packagePrice": "$0.64 per 1Ea"
      }
    }
  },
  {
    "id": "nicabate-cq-patches-clear-21mg",
    "brand": "Nicabate",
    "name": "Clear Patch Quit Smoking Step 1 21mg Patches",
    "imageUrl": "https://shop.coles.com.au/wcsstore/Coles-CAS/images/5/0/6/5069321-th.jpg",
    "categories": ["pantry"],
    "tags": ["confectionery", "medicated-lozenges"],
    "locations": {
      "vic": {
        "price": 35,
        "promoText": " ",
        "packageSize": "7 pack",
        "packagePrice": "$5.00 per 1Ea"
      }
    }
  },
  {
    "id": "nicabate-cq-patches-clear-14mg",
    "brand": "Nicabate",
    "name": "Clear Patch Quit Smoking Step 2 Patches 14mg",
    "imageUrl": "https://shop.coles.com.au/wcsstore/Coles-CAS/images/5/0/6/5069310-th.jpg",
    "categories": ["pantry"],
    "tags": ["confectionery", "medicated-lozenges"],
    "locations": {
      "vic": {
        "price": 35,
        "promoText": " ",
        "packageSize": "7 pack",
        "packagePrice": "$5.00 per 1Ea"
      }
    }
  },
  {
    "id": "nicabate-gum-4mg-extra-fresh-mint",
    "brand": "Nicabate",
    "name": "Extra Fresh Mint Gum Quit Smoking 4mg",
    "imageUrl": "https://shop.coles.com.au/wcsstore/Coles-CAS/images/2/8/3/2837471-th.jpg",
    "categories": ["pantry"],
    "tags": ["confectionery", "medicated-lozenges"],
    "locations": {
      "vic": {
        "price": 28,
        "promoText": "Was $34.00 on Apr 2019 ",
        "packageSize": "100 pack",
        "packagePrice": "$0.28 per 1Ea"
      }
    }
  },
  {
    "id": "nicabate-gum-2mg-extra-fresh-mint",
    "brand": "Nicabate",
    "name": "Extra Fresh 2mg Gum",
    "imageUrl": "https://shop.coles.com.au/wcsstore/Coles-CAS/images/2/8/3/2837450-th.jpg",
    "categories": ["pantry"],
    "tags": ["confectionery", "medicated-lozenges"],
    "locations": {
      "vic": {
        "price": 28,
        "promoText": "Was $34.00 on Apr 2019 ",
        "packageSize": "100 pack",
        "packagePrice": "$0.28 per 1Ea"
      }
    }
  },
  {
    "id": "nicorette-gum-icy-mint-2mg",
    "brand": "Nicorette",
    "name": "Icy Mint Gum 2 mg",
    "imageUrl": "https://shop.coles.com.au/wcsstore/Coles-CAS/images/8/7/9/8790949-th.jpg",
    "categories": ["pantry"],
    "tags": ["confectionery", "medicated-lozenges"],
    "locations": {
      "vic": {
        "price": 29,
        "promoText": " ",
        "packageSize": "75 pack",
        "packagePrice": "$29.00 per 1ea"
      }
    }
  },
  {
    "id": "nicorette-gum-classic-4mg",
    "brand": "Nicorette",
    "name": "Classic Gum",
    "imageUrl": "https://shop.coles.com.au/wcsstore/Coles-CAS/images/8/7/9/8791078-th.jpg",
    "categories": ["pantry"],
    "tags": ["confectionery", "medicated-lozenges"],
    "locations": {
      "vic": {
        "price": 29,
        "promoText": " ",
        "packageSize": "75 pack",
        "packagePrice": "$29.00 per 1ea"
      }
    }
  },
  {
    "id": "nicorette-gum-classic-2mg",
    "brand": "Nicorette",
    "name": "Classic Gum",
    "imageUrl": "https://shop.coles.com.au/wcsstore/Coles-CAS/images/8/7/9/8791067-th.jpg",
    "categories": ["pantry"],
    "tags": ["confectionery", "medicated-lozenges"],
    "locations": {
      "vic": {
        "price": 29,
        "promoText": " ",
        "packageSize": "75 pack",
        "packagePrice": "$29.00 per 1ea"
      }
    }
  },
  {
    "id": "nicorette-gum-icy-mint-2mg-2838113p",
    "brand": "Nicorette",
    "name": "Icy Mint Gum 2mg",
    "imageUrl": "https://shop.coles.com.au/wcsstore/Coles-CAS/images/2/8/3/2838113-th.jpg",
    "categories": ["pantry"],
    "tags": ["confectionery", "medicated-lozenges"],
    "locations": {
      "vic": {
        "price": 48,
        "promoText": "Was $51.00 on Feb 2020 ",
        "packageSize": "150 pack",
        "packagePrice": "$0.32 per 1Ea"
      }
    }
  },
  {
    "id": "nicorette-gum-icy-mint-4mg-2838190p",
    "brand": "Nicorette",
    "name": "Icy Mint Gum 4mg",
    "imageUrl": "https://shop.coles.com.au/wcsstore/Coles-CAS/images/2/8/3/2838190-th.jpg",
    "categories": ["pantry"],
    "tags": ["confectionery", "medicated-lozenges"],
    "locations": {
      "vic": {
        "price": 48,
        "promoText": "Was $51.00 on Feb 2020 ",
        "packageSize": "150 pack",
        "packagePrice": "$0.32 per 1Ea"
      }
    }
  },
  {
    "id": "nicorette-invisipatch-step-1-25mg-7-pack",
    "brand": "Nicorette",
    "name": "Invisipatch Step 1 25mg",
    "imageUrl": "https://shop.coles.com.au/wcsstore/Coles-CAS/images/2/8/6/2864769-th.jpg",
    "categories": ["pantry"],
    "tags": ["confectionery", "medicated-lozenges"],
    "locations": {
      "vic": {
        "price": 30,
        "promoText": "Was $33.50 on Apr 2020 ",
        "packageSize": "7 pack",
        "packagePrice": "$4.29 per 1Ea"
      }
    }
  },
  {
    "id": "quick-eze-chewy-tablets-peppermint",
    "brand": "Quick Eze",
    "name": "Peppermint Chewy Tablets 8 Pack",
    "imageUrl": "https://shop.coles.com.au/wcsstore/Coles-CAS/images/3/7/4/3745109-th.jpg",
    "categories": ["pantry"],
    "tags": ["confectionery", "medicated-lozenges"],
    "locations": {
      "vic": {
        "price": 2.3,
        "promoText": " ",
        "packageSize": "40g",
        "packagePrice": "$5.75 per 100G"
      }
    }
  },
  {
    "id": "sothers-immune-stick-3-pack",
    "brand": "Soothers",
    "name": "Immune+ Stick",
    "imageUrl": "https://shop.coles.com.au/wcsstore/Coles-CAS/images/3/7/3/3732050-th.jpg",
    "categories": ["pantry"],
    "tags": ["confectionery", "medicated-lozenges"],
    "locations": {
      "vic": {
        "price": 4.3,
        "promoText": " ",
        "packageSize": "3 pack",
        "packagePrice": "$1.43 per 1Ea"
      }
    }
  },
  {
    "id": "sothers-immune-stick",
    "brand": "Soothers",
    "name": "Immune+ Stick",
    "imageUrl": "https://shop.coles.com.au/wcsstore/Coles-CAS/images/3/7/3/3732005-th.jpg",
    "categories": ["pantry"],
    "tags": ["confectionery", "medicated-lozenges"],
    "locations": {
      "vic": {
        "price": 2.2,
        "promoText": " ",
        "packageSize": "1 pack",
        "packagePrice": "$5.50 per 100G"
      }
    }
  },
  {
    "id": "strepsils-honey-lemon-throat-lozenges-double-antibacterial-action",
    "brand": "Strepsils",
    "name": "Double Antibacterial  Soothing Sore Throat  Lozenges Honey and Lemon",
    "imageUrl": "https://shop.coles.com.au/wcsstore/Coles-CAS/images/7/2/5/7251326-th.jpg",
    "categories": ["pantry"],
    "tags": ["confectionery", "medicated-lozenges"],
    "locations": {
      "vic": {
        "price": 5.5,
        "promoText": " ",
        "packageSize": "16 pack",
        "packagePrice": "$0.34 per 1Ea"
      }
    }
  },
  {
    "id": "strepsils-lozenges-soothing-honey--lemon",
    "brand": "Strepsils",
    "name": "Double Antibacterial  Soothing Sore Throat Lozenges Honey and Lemon",
    "imageUrl": "https://shop.coles.com.au/wcsstore/Coles-CAS/images/6/4/2/6420213-th.jpg",
    "categories": ["pantry"],
    "tags": ["confectionery", "medicated-lozenges"],
    "locations": {
      "vic": {
        "price": 10.5,
        "promoText": " ",
        "packageSize": "36 pack",
        "packagePrice": "$0.29 per 1Ea"
      }
    }
  },
  {
    "id": "strepsils-plus-anaesthetic-lozenges",
    "brand": "Strepsils",
    "name": "Plus Anaesthetic Sore Throat Numbing Pain Relief 36 Lozenges",
    "imageUrl": "https://shop.coles.com.au/wcsstore/Coles-CAS/images/1/2/1/1216821-th.jpg",
    "categories": ["pantry"],
    "tags": ["confectionery", "medicated-lozenges"],
    "locations": {
      "vic": {
        "price": 15,
        "promoText": "Was $15.99 on Apr 2019 ",
        "packageSize": "36 pack",
        "packagePrice": "$15.00 per 1Ea"
      }
    }
  },
  {
    "id": "cadbury-christmas-plush-stocking",
    "brand": "Cadbury",
    "name": "Christmas Plush Stocking",
    "imageUrl": "https://shop.coles.com.au/wcsstore/Coles-CAS/images/3/5/1/3517578-th.jpg",
    "categories": ["pantry"],
    "tags": ["confectionery", "chocolates"],
    "locations": {
      "vic": {
        "price": 0,
        "promoText": " ",
        "packageSize": "181g",
        "packagePrice": ""
      }
    }
  },
  {
    "id": "ferrero-rocher-chocolate-t3-star",
    "brand": "Ferrero Rocher",
    "name": "T3 Star Chocolates",
    "imageUrl": "https://shop.coles.com.au/wcsstore/Coles-CAS/images/1/9/7/1976381-th.jpg",
    "categories": ["pantry"],
    "tags": ["confectionery", "chocolates"],
    "locations": {
      "vic": {
        "price": 0,
        "promoText": " ",
        "packageSize": "37.5g",
        "packagePrice": ""
      }
    }
  },
  {
    "id": "masterfoods-herbs-mixed-163672p",
    "brand": "MasterFoods",
    "name": "Mixed Herbs",
    "imageUrl": "https://shop.coles.com.au/wcsstore/Coles-CAS/images/1/6/3/163672-th.jpg",
    "categories": ["pantry"],
    "tags": ["herbs-spices", "dried-herbs-spices"],
    "locations": {
      "vic": {
        "price": 3.65,
        "promoText": " ",
        "packageSize": "40g",
        "packagePrice": "$0.91 per 10G"
      }
    }
  },
  {
    "id": "masterfoods-basil-leaves",
    "brand": "MasterFoods",
    "name": "Basil Leaves",
    "imageUrl": "https://shop.coles.com.au/wcsstore/Coles-CAS/images/3/1/8/318451-th.jpg",
    "categories": ["pantry"],
    "tags": ["herbs-spices", "dried-herbs-spices"],
    "locations": {
      "vic": {
        "price": 2.35,
        "promoText": " ",
        "packageSize": "10g",
        "packagePrice": "$2.35 per 10G"
      }
    }
  },
  {
    "id": "hoyts-turmeric",
    "brand": "Hoyts",
    "name": "Turmeric",
    "imageUrl": "https://shop.coles.com.au/wcsstore/Coles-CAS/images/2/8/6/286912-th.jpg",
    "categories": ["pantry"],
    "tags": ["herbs-spices", "dried-herbs-spices"],
    "locations": {
      "vic": {
        "price": 1.35,
        "promoText": "$0.15 ",
        "packageSize": "25g",
        "packagePrice": "$0.54 per 10G"
      }
    }
  },
  {
    "id": "hoyts-thyme",
    "brand": "Hoyts",
    "name": "Thyme",
    "imageUrl": "https://shop.coles.com.au/wcsstore/Coles-CAS/images/2/8/6/286901-th.jpg",
    "categories": ["pantry"],
    "tags": ["herbs-spices", "dried-herbs-spices"],
    "locations": {
      "vic": {
        "price": 1.3,
        "promoText": " ",
        "packageSize": "15g",
        "packagePrice": "$0.87 per 10G"
      }
    }
  },
  {
    "id": "masterfoods-rosemary-leaves",
    "brand": "MasterFoods",
    "name": "Rosemary Leaves",
    "imageUrl": "https://shop.coles.com.au/wcsstore/Coles-CAS/images/3/1/8/318542-th.jpg",
    "categories": ["pantry"],
    "tags": ["herbs-spices", "dried-herbs-spices"],
    "locations": {
      "vic": {
        "price": 2,
        "promoText": " ",
        "packageSize": "16g",
        "packagePrice": "$1.25 per 10G"
      }
    }
  },
  {
    "id": "hoyts-italian-herb-mix",
    "brand": "Hoyts",
    "name": "Italian Herb Mix",
    "imageUrl": "https://shop.coles.com.au/wcsstore/Coles-CAS/images/9/4/9/9495081-th.jpg",
    "categories": ["pantry"],
    "tags": ["herbs-spices", "dried-herbs-spices"],
    "locations": {
      "vic": {
        "price": 2.6,
        "promoText": " ",
        "packageSize": "35g",
        "packagePrice": "$0.74 per 10G"
      }
    }
  },
  {
    "id": "masterfoods-thyme-leaves",
    "brand": "MasterFoods",
    "name": "Thyme Leaves",
    "imageUrl": "https://shop.coles.com.au/wcsstore/Coles-CAS/images/3/1/5/315668-th.jpg",
    "categories": ["pantry"],
    "tags": ["herbs-spices", "dried-herbs-spices"],
    "locations": {
      "vic": {
        "price": 2.6,
        "promoText": " ",
        "packageSize": "10g",
        "packagePrice": "$2.60 per 10G"
      }
    }
  },
  {
    "id": "masterfoods-garlic-powder-163719p",
    "brand": "MasterFoods",
    "name": "Garlic Powder",
    "imageUrl": "https://shop.coles.com.au/wcsstore/Coles-CAS/images/1/6/3/163719-th.jpg",
    "categories": ["pantry"],
    "tags": ["herbs-spices", "dried-herbs-spices"],
    "locations": {
      "vic": {
        "price": 5.8,
        "promoText": " ",
        "packageSize": "155g",
        "packagePrice": "$0.37 per 10G"
      }
    }
  },
  {
    "id": "coles-garlic-powder",
    "brand": "Coles",
    "name": "Garlic Powder",
    "imageUrl": "https://shop.coles.com.au/wcsstore/Coles-CAS/images/8/9/8/8985074-th.jpg",
    "categories": ["pantry"],
    "tags": ["herbs-spices", "dried-herbs-spices"],
    "locations": {
      "vic": {
        "price": 2.4,
        "promoText": " ",
        "packageSize": "60g",
        "packagePrice": "$0.40 per 10G"
      }
    }
  },
  {
    "id": "coles-fennel-seeds-whole",
    "brand": "Coles",
    "name": "Whole Fennel Seeds",
    "imageUrl": "https://shop.coles.com.au/wcsstore/Coles-CAS/images/8/9/8/8987386-th.jpg",
    "categories": ["pantry"],
    "tags": ["herbs-spices", "dried-herbs-spices"],
    "locations": {
      "vic": {
        "price": 2.9,
        "promoText": " ",
        "packageSize": "32g",
        "packagePrice": "$0.91 per 10G"
      }
    }
  },
  {
    "id": "coles-brand-oregano-leaves",
    "brand": "Coles",
    "name": "Oregano Leaves",
    "imageUrl": "https://shop.coles.com.au/wcsstore/Coles-CAS/images/8/9/8/8982881-th.jpg",
    "categories": ["pantry"],
    "tags": ["herbs-spices", "dried-herbs-spices"],
    "locations": {
      "vic": {
        "price": 1.8,
        "promoText": " ",
        "packageSize": "10g",
        "packagePrice": "$1.80 per 10G"
      }
    }
  },
  {
    "id": "coles-brand-parsley-flakes",
    "brand": "Coles",
    "name": "Parsley Flakes",
    "imageUrl": "https://shop.coles.com.au/wcsstore/Coles-CAS/images/8/9/8/8985063-th.jpg",
    "categories": ["pantry"],
    "tags": ["herbs-spices", "dried-herbs-spices"],
    "locations": {
      "vic": {
        "price": 1.6,
        "promoText": " ",
        "packageSize": "7g",
        "packagePrice": "$2.29 per 10G"
      }
    }
  },
  {
    "id": "hoyts-mixed-herbs-286843p",
    "brand": "Hoyts",
    "name": "Mixed Herbs",
    "imageUrl": "https://shop.coles.com.au/wcsstore/Coles-CAS/images/2/8/6/286843-th.jpg",
    "categories": ["pantry"],
    "tags": ["herbs-spices", "dried-herbs-spices"],
    "locations": {
      "vic": {
        "price": 1.4,
        "promoText": "$0.20 ",
        "packageSize": "25g",
        "packagePrice": "$0.56 per 10G"
      }
    }
  },
  {
    "id": "masterfoods-mixed-herbs",
    "brand": "MasterFoods",
    "name": "Mixed Herbs",
    "imageUrl": "https://shop.coles.com.au/wcsstore/Coles-CAS/images/3/1/8/318509-th.jpg",
    "categories": ["pantry"],
    "tags": ["herbs-spices", "dried-herbs-spices"],
    "locations": {
      "vic": {
        "price": 1.95,
        "promoText": " ",
        "packageSize": "10g",
        "packagePrice": "$19.50 per 100G"
      }
    }
  },
  {
    "id": "masterfoods-italian-herbs",
    "brand": "MasterFoods",
    "name": "Italian Herbs",
    "imageUrl": "https://shop.coles.com.au/wcsstore/Coles-CAS/images/3/1/7/317029-th.jpg",
    "categories": ["pantry"],
    "tags": ["herbs-spices", "dried-herbs-spices"],
    "locations": {
      "vic": {
        "price": 2.35,
        "promoText": " ",
        "packageSize": "10g",
        "packagePrice": "$2.35 per 10G"
      }
    }
  },
  {
    "id": "hoyts-parsley-286934p",
    "brand": "Hoyts",
    "name": "Parsley",
    "imageUrl": "https://shop.coles.com.au/wcsstore/Coles-CAS/images/2/8/6/286934-th.jpg",
    "categories": ["pantry"],
    "tags": ["herbs-spices", "dried-herbs-spices"],
    "locations": {
      "vic": {
        "price": 1.75,
        "promoText": " ",
        "packageSize": "15g",
        "packagePrice": "$1.17 per 10G"
      }
    }
  },
  {
    "id": "masterfoods-sage-leaves-ground",
    "brand": "MasterFoods",
    "name": "Ground Sage Leaves",
    "imageUrl": "https://shop.coles.com.au/wcsstore/Coles-CAS/images/3/1/8/318746-th.jpg",
    "categories": ["pantry"],
    "tags": ["herbs-spices", "dried-herbs-spices"],
    "locations": {
      "vic": {
        "price": 2.5,
        "promoText": " ",
        "packageSize": "20g",
        "packagePrice": "$1.25 per 10G"
      }
    }
  },
  {
    "id": "masterfoods-oregano-leaves-163945p",
    "brand": "MasterFoods",
    "name": "Regular Oregano Leaves",
    "imageUrl": "https://shop.coles.com.au/wcsstore/Coles-CAS/images/1/6/3/163945-th.jpg",
    "categories": ["pantry"],
    "tags": ["herbs-spices", "dried-herbs-spices"],
    "locations": {
      "vic": {
        "price": 2.3,
        "promoText": " ",
        "packageSize": "5g",
        "packagePrice": "$4.60 per 10G"
      }
    }
  },
  {
    "id": "masterfoods-garlic-granules-318338p",
    "brand": "MasterFoods",
    "name": "Garlic Granules",
    "imageUrl": "https://shop.coles.com.au/wcsstore/Coles-CAS/images/3/1/8/318338-th.jpg",
    "categories": ["pantry"],
    "tags": ["herbs-spices", "dried-herbs-spices"],
    "locations": {
      "vic": {
        "price": 2.9,
        "promoText": " ",
        "packageSize": "50g",
        "packagePrice": "$0.58 per 10G"
      }
    }
  },
  {
    "id": "coles-mixed-herbs",
    "brand": "Coles",
    "name": "Mixed Herbs",
    "imageUrl": "https://shop.coles.com.au/wcsstore/Coles-CAS/images/8/9/8/8987375-th.jpg",
    "categories": ["pantry"],
    "tags": ["herbs-spices", "dried-herbs-spices"],
    "locations": {
      "vic": {
        "price": 2.35,
        "promoText": " ",
        "packageSize": "12g",
        "packagePrice": "$1.96 per 10G"
      }
    }
  },
  {
    "id": "masterfoods--dill-leaf-tips",
    "brand": "MasterFoods",
    "name": "Dill Leaf Tips",
    "imageUrl": "https://shop.coles.com.au/wcsstore/Coles-CAS/images/3/1/8/318688-th.jpg",
    "categories": ["pantry"],
    "tags": ["herbs-spices", "dried-herbs-spices"],
    "locations": {
      "vic": {
        "price": 2.95,
        "promoText": " ",
        "packageSize": "10g",
        "packagePrice": "$2.95 per 10G"
      }
    }
  },
  {
    "id": "masterfoods-onion-powder",
    "brand": "MasterFoods",
    "name": "Onion Powder",
    "imageUrl": "https://shop.coles.com.au/wcsstore/Coles-CAS/images/3/1/8/318633-th.jpg",
    "categories": ["pantry"],
    "tags": ["herbs-spices", "dried-herbs-spices"],
    "locations": {
      "vic": {
        "price": 2.95,
        "promoText": " ",
        "packageSize": "40g",
        "packagePrice": "$0.74 per 10G"
      }
    }
  },
  {
    "id": "coles-thyme-leaves",
    "brand": "Coles",
    "name": "Thyme Leaves",
    "imageUrl": "https://shop.coles.com.au/wcsstore/Coles-CAS/images/8/9/8/8983046-th.jpg",
    "categories": ["pantry"],
    "tags": ["herbs-spices", "dried-herbs-spices"],
    "locations": {
      "vic": {
        "price": 2.45,
        "promoText": " ",
        "packageSize": "18g",
        "packagePrice": "$1.36 per 10G"
      }
    }
  },
  {
    "id": "coles-basil-leaves",
    "brand": "Coles",
    "name": "Basil Leaves",
    "imageUrl": "https://shop.coles.com.au/wcsstore/Coles-CAS/images/8/9/8/8984253-th.jpg",
    "categories": ["pantry"],
    "tags": ["herbs-spices", "dried-herbs-spices"],
    "locations": {
      "vic": {
        "price": 1.95,
        "promoText": " ",
        "packageSize": "13g",
        "packagePrice": "$1.50 per 10G"
      }
    }
  },
  {
    "id": "coles-sage-leaves-ground",
    "brand": "Coles",
    "name": "Ground Sage Leaves",
    "imageUrl": "https://shop.coles.com.au/wcsstore/Coles-CAS/images/8/9/8/8989359-th.jpg",
    "categories": ["pantry"],
    "tags": ["herbs-spices", "dried-herbs-spices"],
    "locations": {
      "vic": {
        "price": 2.2,
        "promoText": " ",
        "packageSize": "23g",
        "packagePrice": "$0.96 per 10G"
      }
    }
  },
  {
    "id": "coles-italian-herbs",
    "brand": "Coles",
    "name": "Italian Herbs",
    "imageUrl": "https://shop.coles.com.au/wcsstore/Coles-CAS/images/8/9/8/8985540-th.jpg",
    "categories": ["pantry"],
    "tags": ["herbs-spices", "dried-herbs-spices"],
    "locations": {
      "vic": {
        "price": 2.1,
        "promoText": " ",
        "packageSize": "11g",
        "packagePrice": "$1.91 per 10G"
      }
    }
  },
  {
    "id": "hoyts-mixed-herbs",
    "brand": "Hoyts",
    "name": "Mixed Herbs",
    "imageUrl": "https://shop.coles.com.au/wcsstore/Coles-CAS/images/5/2/7/5270035-th.jpg",
    "categories": ["pantry"],
    "tags": ["herbs-spices", "dried-herbs-spices"],
    "locations": {
      "vic": {
        "price": 3.1,
        "promoText": " ",
        "packageSize": "70g",
        "packagePrice": "$0.44 per 10G"
      }
    }
  },
  {
    "id": "masterfoods-ginger-ground",
    "brand": "MasterFoods",
    "name": "Ground Ginger",
    "imageUrl": "https://shop.coles.com.au/wcsstore/Coles-CAS/images/3/1/8/318713-th.jpg",
    "categories": ["pantry"],
    "tags": ["herbs-spices", "dried-herbs-spices"],
    "locations": {
      "vic": {
        "price": 2.2,
        "promoText": " ",
        "packageSize": "25g",
        "packagePrice": "$0.88 per 10G"
      }
    }
  },
  {
    "id": "part_5341122P",
    "brand": "MasterFoods",
    "name": "Parsley Flakes",
    "imageUrl": "https://shop.coles.com.au/wcsstore/Coles-CAS/images/5/3/4/5341122-th.jpg",
    "categories": ["pantry"],
    "tags": ["herbs-spices", "dried-herbs-spices"],
    "locations": {
      "vic": {
        "price": 1.8,
        "promoText": " ",
        "packageSize": "4g",
        "packagePrice": "$4.50 per 10G"
      }
    }
  },
  {
    "id": "obento-sushi-seasoning",
    "brand": "Obento",
    "name": "Sushi Seasoning",
    "imageUrl": "https://shop.coles.com.au/wcsstore/Coles-CAS/images/6/0/7/6070520-th.jpg",
    "categories": ["pantry"],
    "tags": ["herbs-spices", "dried-herbs-spices"],
    "locations": {
      "vic": {
        "price": 2.64,
        "promoText": "$0.66 ",
        "packageSize": "250mL",
        "packagePrice": "$1.06 per 100mL"
      }
    }
  },
  {
    "id": "coles-garlic-salt",
    "brand": "Coles",
    "name": "Garlic Salt",
    "imageUrl": "https://shop.coles.com.au/wcsstore/Coles-CAS/images/8/9/8/8983590-th.jpg",
    "categories": ["pantry"],
    "tags": ["herbs-spices", "dried-herbs-spices"],
    "locations": {
      "vic": {
        "price": 1.7,
        "promoText": " ",
        "packageSize": "84g",
        "packagePrice": "$0.20 per 10G"
      }
    }
  },
  {
    "id": "coles-ginger-ground",
    "brand": "Coles",
    "name": "Ground Ginger",
    "imageUrl": "https://shop.coles.com.au/wcsstore/Coles-CAS/images/8/9/8/8984231-th.jpg",
    "categories": ["pantry"],
    "tags": ["herbs-spices", "dried-herbs-spices"],
    "locations": {
      "vic": {
        "price": 2.15,
        "promoText": " ",
        "packageSize": "29g",
        "packagePrice": "$0.74 per 10G"
      }
    }
  },
  {
    "id": "coles-organic-ground-cumin",
    "brand": "Coles",
    "name": "Organic Ground Cumin",
    "imageUrl": "https://shop.coles.com.au/wcsstore/Coles-CAS/images/3/2/1/3219117-th.jpg",
    "categories": ["pantry"],
    "tags": ["herbs-spices", "dried-herbs-spices"],
    "locations": {
      "vic": {
        "price": 3.9,
        "promoText": " ",
        "packageSize": "40g",
        "packagePrice": "$0.98 per 10G"
      }
    }
  },
  {
    "id": "coles-organic-tumeric-3219081p",
    "brand": "Coles",
    "name": "Organic Turmeric",
    "imageUrl": "https://shop.coles.com.au/wcsstore/Coles-CAS/images/3/2/1/3219081-th.jpg",
    "categories": ["pantry"],
    "tags": ["herbs-spices", "dried-herbs-spices"],
    "locations": {
      "vic": {
        "price": 3.9,
        "promoText": "Was $4.50 on Apr 2019 ",
        "packageSize": "54g",
        "packagePrice": "$0.72 per 10G"
      }
    }
  },
  {
    "id": "coles-organic-chilli-flakes",
    "brand": "Coles",
    "name": "Organic Chilli Flakes",
    "imageUrl": "https://shop.coles.com.au/wcsstore/Coles-CAS/images/3/2/1/3219015-th.jpg",
    "categories": ["pantry"],
    "tags": ["herbs-spices", "dried-herbs-spices"],
    "locations": {
      "vic": {
        "price": 3.9,
        "promoText": "Was $4.50 on Apr 2019 ",
        "packageSize": "31g",
        "packagePrice": "$1.26 per 10G"
      }
    }
  },
  {
    "id": "coles-organic-rosemary",
    "brand": "Coles",
    "name": "Organic Rosemary Leaves",
    "imageUrl": "https://shop.coles.com.au/wcsstore/Coles-CAS/images/3/2/1/3219070-th.jpg",
    "categories": ["pantry"],
    "tags": ["herbs-spices", "dried-herbs-spices"],
    "locations": {
      "vic": {
        "price": 3.9,
        "promoText": " ",
        "packageSize": "16g",
        "packagePrice": "$2.44 per 10G"
      }
    }
  },
  {
    "id": "coles-organic-coriander-seeds",
    "brand": "Coles",
    "name": "Organic Coriander Seeds",
    "imageUrl": "https://shop.coles.com.au/wcsstore/Coles-CAS/images/3/2/1/3219037-th.jpg",
    "categories": ["pantry"],
    "tags": ["herbs-spices", "dried-herbs-spices"],
    "locations": {
      "vic": {
        "price": 3.9,
        "promoText": " ",
        "packageSize": "29g",
        "packagePrice": "$1.34 per 10G"
      }
    }
  },
  {
    "id": "hoyts-mint-leaves",
    "brand": "Hoyt's",
    "name": "Mint Leaves",
    "imageUrl": "https://shop.coles.com.au/wcsstore/Coles-CAS/images/3/2/2/3220830-th.jpg",
    "categories": ["pantry"],
    "tags": ["herbs-spices", "dried-herbs-spices"],
    "locations": {
      "vic": {
        "price": 2,
        "promoText": " ",
        "packageSize": "10g",
        "packagePrice": "$2.00 per 10G"
      }
    }
  },
  {
    "id": "hoyts-vanilla-beans",
    "brand": "Hoyts",
    "name": "Vanilla Beans",
    "imageUrl": "https://shop.coles.com.au/wcsstore/Coles-CAS/images/2/8/6/286923-th.jpg",
    "categories": ["pantry"],
    "tags": ["herbs-spices", "dried-herbs-spices"],
    "locations": {
      "vic": {
        "price": 6.3,
        "promoText": " ",
        "packageSize": "3g",
        "packagePrice": "$21.00 per 10G"
      }
    }
  },
  {
    "id": "masterfoods-family-garlic-granulated",
    "brand": "MasterFoods",
    "name": "Garlic Granules",
    "imageUrl": "https://shop.coles.com.au/wcsstore/Coles-CAS/images/1/6/3/163694-th.jpg",
    "categories": ["pantry"],
    "tags": ["herbs-spices", "dried-herbs-spices"],
    "locations": {
      "vic": {
        "price": 6,
        "promoText": " ",
        "packageSize": "155g",
        "packagePrice": "$0.39 per 10G"
      }
    }
  },
  {
    "id": "masterfoods-garlic-powder-318429p",
    "brand": "MasterFoods",
    "name": "Garlic Powder",
    "imageUrl": "https://shop.coles.com.au/wcsstore/Coles-CAS/images/3/1/8/318429-th.jpg",
    "categories": ["pantry"],
    "tags": ["herbs-spices", "dried-herbs-spices"],
    "locations": {
      "vic": {
        "price": 3.1,
        "promoText": " ",
        "packageSize": "50g",
        "packagePrice": "$0.62 per 10G"
      }
    }
  },
  {
    "id": "masterfods-flavour-mexican-bbq",
    "brand": "MasterFoods",
    "name": "Shaker Fries Seasoning Mexican BBQ Flavour",
    "imageUrl": "https://shop.coles.com.au/wcsstore/Coles-CAS/images/3/6/6/3669248-th.jpg",
    "categories": ["pantry"],
    "tags": ["herbs-spices", "dried-herbs-spices"],
    "locations": {
      "vic": {
        "price": 4,
        "promoText": " ",
        "packageSize": "185g",
        "packagePrice": "$2.16 per 100G"
      }
    }
  },
  {
    "id": "pandaro-rice-seasoning-seawed",
    "brand": "Pandaroo",
    "name": "Rice Seasoning Seaweed",
    "imageUrl": "https://shop.coles.com.au/wcsstore/Coles-CAS/images/3/7/3/3739762-th.jpg",
    "categories": ["pantry"],
    "tags": ["herbs-spices", "dried-herbs-spices"],
    "locations": {
      "vic": {
        "price": 5,
        "promoText": " ",
        "packageSize": "50g",
        "packagePrice": "$10.00 per 100G"
      }
    }
  },
  {
    "id": "coles-rosemary-leaves",
    "brand": "Coles",
    "name": "Rosemary Leaves",
    "imageUrl": "https://shop.coles.com.au/wcsstore/Coles-CAS/images/8/9/8/8984220-th.jpg",
    "categories": ["pantry"],
    "tags": ["herbs-spices", "dried-herbs-spices"],
    "locations": {
      "vic": {
        "price": 1.75,
        "promoText": " ",
        "packageSize": "25g",
        "packagePrice": "$0.70 per 10G"
      }
    }
  },
  {
    "id": "coles-dill-leaf-tips",
    "brand": "Coles",
    "name": "Dill Leaf Tips",
    "imageUrl": "https://shop.coles.com.au/wcsstore/Coles-CAS/images/8/9/8/8987557-th.jpg",
    "categories": ["pantry"],
    "tags": ["herbs-spices", "dried-herbs-spices"],
    "locations": {
      "vic": {
        "price": 2.5,
        "promoText": " ",
        "packageSize": "12g",
        "packagePrice": "$2.08 per 10G"
      }
    }
  },
  {
    "id": "conimex-sambal-oelek-344859p",
    "brand": "Conimex",
    "name": "Sambal Oelek",
    "imageUrl": "https://shop.coles.com.au/wcsstore/Coles-CAS/images/3/4/4/344859-th.jpg",
    "categories": ["pantry"],
    "tags": ["herbs-spices", "dried-herbs-spices"],
    "locations": {
      "vic": {
        "price": 5,
        "promoText": " ",
        "packageSize": "190g",
        "packagePrice": "$0.26 per 10G"
      }
    }
  },
  {
    "id": "hoyts-parsley",
    "brand": "Hoyts",
    "name": "Parsley",
    "imageUrl": "https://shop.coles.com.au/wcsstore/Coles-CAS/images/5/2/6/5269921-th.jpg",
    "categories": ["pantry"],
    "tags": ["herbs-spices", "dried-herbs-spices"],
    "locations": {
      "vic": {
        "price": 3.3,
        "promoText": " ",
        "packageSize": "40g",
        "packagePrice": "$0.83 per 10G"
      }
    }
  },
  {
    "id": "hoyts-vanillin-sugar",
    "brand": "Hoyts",
    "name": "Vanillin Sugar",
    "imageUrl": "https://shop.coles.com.au/wcsstore/Coles-CAS/images/2/8/7/287529-th.jpg",
    "categories": ["pantry"],
    "tags": ["herbs-spices", "dried-herbs-spices"],
    "locations": {
      "vic": {
        "price": 1.15,
        "promoText": " ",
        "packageSize": "25g",
        "packagePrice": "$0.46 per 10G"
      }
    }
  },
  {
    "id": "hoyts-marjoram",
    "brand": "Hoyts",
    "name": "Marjoram",
    "imageUrl": "https://shop.coles.com.au/wcsstore/Coles-CAS/images/2/8/7/287223-th.jpg",
    "categories": ["pantry"],
    "tags": ["herbs-spices", "dried-herbs-spices"],
    "locations": {
      "vic": {
        "price": 1.4,
        "promoText": " ",
        "packageSize": "25g",
        "packagePrice": "$0.56 per 10G"
      }
    }
  },
  {
    "id": "hoyts-italian-mix-herbs",
    "brand": "Hoyts",
    "name": "Italian Mix Herbs",
    "imageUrl": "https://shop.coles.com.au/wcsstore/ColesResponsiveStorefrontAssetStore/dist/ccfc54aed6e361b650bcf0582f7b576b/img/img_product-placeholder.png",
    "categories": ["pantry"],
    "tags": ["herbs-spices", "dried-herbs-spices"],
    "locations": {
      "vic": {
        "price": 5,
        "promoText": " ",
        "packageSize": "140g",
        "packagePrice": "$0.36 per 10G"
      }
    }
  },
  {
    "id": "masterfoods-parsley-flakes",
    "brand": "MasterFoods",
    "name": "Parsley Flakes",
    "imageUrl": "https://shop.coles.com.au/wcsstore/Coles-CAS/images/5/3/4/5341133-th.jpg",
    "categories": ["pantry"],
    "tags": ["herbs-spices", "dried-herbs-spices"],
    "locations": {
      "vic": {
        "price": 3.05,
        "promoText": " ",
        "packageSize": "13g",
        "packagePrice": "$2.35 per 10G"
      }
    }
  },
  {
    "id": "masterfoods-saffron",
    "brand": "MasterFoods",
    "name": "Saffron",
    "imageUrl": "https://shop.coles.com.au/wcsstore/Coles-CAS/images/5/7/4/5741889-th.jpg",
    "categories": ["pantry"],
    "tags": ["herbs-spices", "dried-herbs-spices"],
    "locations": {
      "vic": {
        "price": 7.1,
        "promoText": " ",
        "packageSize": "0.5g",
        "packagePrice": "$142.00 per 10G"
      }
    }
  },
  {
    "id": "masterfoods-tarragon-leaves",
    "brand": "MasterFoods",
    "name": "Tarragon Leaves",
    "imageUrl": "https://shop.coles.com.au/wcsstore/Coles-CAS/images/1/6/3/163956-th.jpg",
    "categories": ["pantry"],
    "tags": ["herbs-spices", "dried-herbs-spices"],
    "locations": {
      "vic": {
        "price": 3.05,
        "promoText": " ",
        "packageSize": "7g",
        "packagePrice": "$4.36 per 10G"
      }
    }
  },
  {
    "id": "masterfoods-chives-freeze-dried",
    "brand": "MasterFoods",
    "name": "Chives Chopped",
    "imageUrl": "https://shop.coles.com.au/wcsstore/Coles-CAS/images/1/6/3/163650-th.jpg",
    "categories": ["pantry"],
    "tags": ["herbs-spices", "dried-herbs-spices"],
    "locations": {
      "vic": {
        "price": 5,
        "promoText": " ",
        "packageSize": "7g",
        "packagePrice": "$7.14 per 10G"
      }
    }
  },
  {
    "id": "masterfoods-onion-flakes",
    "brand": "MasterFoods",
    "name": "Onion Flakes",
    "imageUrl": "https://shop.coles.com.au/wcsstore/Coles-CAS/images/3/1/8/318881-th.jpg",
    "categories": ["pantry"],
    "tags": ["herbs-spices", "dried-herbs-spices"],
    "locations": {
      "vic": {
        "price": 4.2,
        "promoText": " ",
        "packageSize": "100g",
        "packagePrice": "$0.42 per 10G"
      }
    }
  },
  {
    "id": "part_319272P",
    "brand": "MasterFoods",
    "name": "Family Italian Herbs",
    "imageUrl": "https://shop.coles.com.au/wcsstore/Coles-CAS/images/3/1/9/319272-th.jpg",
    "categories": ["pantry"],
    "tags": ["herbs-spices", "dried-herbs-spices"],
    "locations": {
      "vic": {
        "price": 5.75,
        "promoText": " ",
        "packageSize": "30g",
        "packagePrice": "$1.92 per 10G"
      }
    }
  },
  {
    "id": "masterfoods-oregano-leaves-163730p",
    "brand": "MasterFoods",
    "name": "Oregano Leaves",
    "imageUrl": "https://shop.coles.com.au/wcsstore/Coles-CAS/images/1/6/3/163730-th.jpg",
    "categories": ["pantry"],
    "tags": ["herbs-spices", "dried-herbs-spices"],
    "locations": {
      "vic": {
        "price": 4.6,
        "promoText": " ",
        "packageSize": "18g",
        "packagePrice": "$2.56 per 10G"
      }
    }
  },
  {
    "id": "masterfoods-rub-zesty-chilli-lime",
    "brand": "MasterFoods",
    "name": "Zesty Chilli & Lime Rub",
    "imageUrl": "https://shop.coles.com.au/wcsstore/Coles-CAS/images/3/3/2/3320697-th.jpg",
    "categories": ["pantry"],
    "tags": ["herbs-spices", "dried-herbs-spices"],
    "locations": {
      "vic": {
        "price": 3.5,
        "promoText": "$1.00 ",
        "packageSize": "140g",
        "packagePrice": "$0.25 per 10G"
      }
    }
  },
  {
    "id": "masterfods-flavour-charcoal-chicken",
    "brand": "MasterFoods",
    "name": "Shaker Fries Seasoning Charcoal Chicken Flavour",
    "imageUrl": "https://shop.coles.com.au/wcsstore/Coles-CAS/images/3/6/6/3669237-th.jpg",
    "categories": ["pantry"],
    "tags": ["herbs-spices", "dried-herbs-spices"],
    "locations": {
      "vic": {
        "price": 4,
        "promoText": " ",
        "packageSize": "185g",
        "packagePrice": "$2.16 per 100G"
      }
    }
  },
  {
    "id": "masterfoods-rubs-smokey",
    "brand": "MasterFoods Texan Style",
    "name": "Smoky Rubs",
    "imageUrl": "https://shop.coles.com.au/wcsstore/Coles-CAS/images/3/3/2/3320777-th.jpg",
    "categories": ["pantry"],
    "tags": ["herbs-spices", "dried-herbs-spices"],
    "locations": {
      "vic": {
        "price": 3.5,
        "promoText": "$1.00 ",
        "packageSize": "135g",
        "packagePrice": "$0.26 per 10G"
      }
    }
  },
  {
    "id": "mckenzies-saffron",
    "brand": "Mckenzie's",
    "name": "Hand Picked Australian Saffron",
    "imageUrl": "https://shop.coles.com.au/wcsstore/Coles-CAS/images/3/3/0/3307542-th.jpg",
    "categories": ["pantry"],
    "tags": ["herbs-spices", "dried-herbs-spices"],
    "locations": {
      "vic": {
        "price": 13,
        "promoText": " ",
        "packageSize": "100mg",
        "packagePrice": "$1,300.00 per 10G"
      }
    }
  },
  {
    "id": "mingle-seasonling-spag-bol-italian-blend",
    "brand": "Mingle Seasoning",
    "name": "Spag Bol Italian Blend",
    "imageUrl": "https://shop.coles.com.au/wcsstore/Coles-CAS/images/3/5/1/3512541-th.jpg",
    "categories": ["pantry"],
    "tags": ["herbs-spices", "dried-herbs-spices"],
    "locations": {
      "vic": {
        "price": 3,
        "promoText": " ",
        "packageSize": "30g",
        "packagePrice": "$1.00 per 10G"
      }
    }
  },
  {
    "id": "ottogi-gouchujang-",
    "brand": "Ottogi Gochujang",
    "name": "Hot Pepper Paste",
    "imageUrl": "https://shop.coles.com.au/wcsstore/Coles-CAS/images/3/3/2/3328768-th.jpg",
    "categories": ["pantry"],
    "tags": ["herbs-spices", "dried-herbs-spices"],
    "locations": {
      "vic": {
        "price": 2.8,
        "promoText": " ",
        "packageSize": "170g",
        "packagePrice": "$1.65 per 100G"
      }
    }
  },
  {
    "id": "masterfoods-chilli-flakes-hot",
    "brand": "MasterFoods",
    "name": "Hot Chilli Flakes",
    "imageUrl": "https://shop.coles.com.au/wcsstore/Coles-CAS/images/5/4/4/5448352-th.jpg",
    "categories": ["pantry"],
    "tags": ["herbs-spices", "dried-spices"],
    "locations": {
      "vic": {
        "price": 2.9,
        "promoText": " ",
        "packageSize": "18g",
        "packagePrice": "$1.61 per 10G"
      }
    }
  },
  {
    "id": "hoyts-cinnamon-dutch",
    "brand": "Hoyts",
    "name": "Dutch Cinnamon",
    "imageUrl": "https://shop.coles.com.au/wcsstore/Coles-CAS/images/2/8/7/287187-th.jpg",
    "categories": ["pantry"],
    "tags": ["herbs-spices", "dried-spices"],
    "locations": {
      "vic": {
        "price": 1.5,
        "promoText": " ",
        "packageSize": "25g",
        "packagePrice": "$0.60 per 10G"
      }
    }
  },
  {
    "id": "hoyts-coriander-ground",
    "brand": "Hoyts",
    "name": "Ground Coriander",
    "imageUrl": "https://shop.coles.com.au/wcsstore/Coles-CAS/images/2/8/7/287008-th.jpg",
    "categories": ["pantry"],
    "tags": ["herbs-spices", "dried-spices"],
    "locations": {
      "vic": {
        "price": 1.4,
        "promoText": "$0.20 ",
        "packageSize": "25g",
        "packagePrice": "$0.56 per 10G"
      }
    }
  },
  {
    "id": "hoyts-cumin-ground",
    "brand": "Hoyts",
    "name": "Ground Cumin",
    "imageUrl": "https://shop.coles.com.au/wcsstore/Coles-CAS/images/2/8/7/287143-th.jpg",
    "categories": ["pantry"],
    "tags": ["herbs-spices", "dried-spices"],
    "locations": {
      "vic": {
        "price": 1.95,
        "promoText": " ",
        "packageSize": "25g",
        "packagePrice": "$0.78 per 10G"
      }
    }
  },
  {
    "id": "hoyts-cinnamon-sticks",
    "brand": "Hoyts",
    "name": "Cinnamon Sticks",
    "imageUrl": "https://shop.coles.com.au/wcsstore/Coles-CAS/images/2/8/8/288066-th.jpg",
    "categories": ["pantry"],
    "tags": ["herbs-spices", "dried-spices"],
    "locations": {
      "vic": {
        "price": 2.95,
        "promoText": " ",
        "packageSize": "15g",
        "packagePrice": "$1.97 per 10G"
      }
    }
  },
  {
    "id": "coles-brand-cumin-seeds-ground",
    "brand": "Coles",
    "name": "Ground Cumin Seeds",
    "imageUrl": "https://shop.coles.com.au/wcsstore/Coles-CAS/images/8/9/8/8982837-th.jpg",
    "categories": ["pantry"],
    "tags": ["herbs-spices", "dried-spices"],
    "locations": {
      "vic": {
        "price": 2.05,
        "promoText": " ",
        "packageSize": "33g",
        "packagePrice": "$0.62 per 10G"
      }
    }
  },
  {
    "id": "hoyts-mustard-seed",
    "brand": "Hoyts",
    "name": "Mustard Seed",
    "imageUrl": "https://shop.coles.com.au/wcsstore/Coles-CAS/images/2/8/6/286876-th.jpg",
    "categories": ["pantry"],
    "tags": ["herbs-spices", "dried-spices"],
    "locations": {
      "vic": {
        "price": 1.3,
        "promoText": " ",
        "packageSize": "25g",
        "packagePrice": "$0.52 per 10G"
      }
    }
  },
  {
    "id": "keens-curry-powder-121275p",
    "brand": "Keens",
    "name": "Curry Powder",
    "imageUrl": "https://shop.coles.com.au/wcsstore/Coles-CAS/images/1/2/1/121275-th.jpg",
    "categories": ["pantry"],
    "tags": ["herbs-spices", "dried-spices"],
    "locations": {
      "vic": {
        "price": 2.95,
        "promoText": " ",
        "packageSize": "60g",
        "packagePrice": "$0.49 per 10G"
      }
    }
  },
  {
    "id": "coles-paprika-smoked",
    "brand": "Coles",
    "name": "Smoked Paprika",
    "imageUrl": "https://shop.coles.com.au/wcsstore/Coles-CAS/images/8/9/8/8984210-th.jpg",
    "categories": ["pantry"],
    "tags": ["herbs-spices", "dried-spices"],
    "locations": {
      "vic": {
        "price": 2.5,
        "promoText": " ",
        "packageSize": "38g",
        "packagePrice": "$0.66 per 10G"
      }
    }
  },
  {
    "id": "masterfoods-cumin-seed-ground",
    "brand": "MasterFoods",
    "name": "Ground Cumin Seeds",
    "imageUrl": "https://shop.coles.com.au/wcsstore/Coles-CAS/images/3/1/6/316332-th.jpg",
    "categories": ["pantry"],
    "tags": ["herbs-spices", "dried-spices"],
    "locations": {
      "vic": {
        "price": 2.7,
        "promoText": " ",
        "packageSize": "25g",
        "packagePrice": "$1.08 per 10G"
      }
    }
  },
  {
    "id": "hoyts-star-anise",
    "brand": "Hoyts",
    "name": "Star Anise",
    "imageUrl": "https://shop.coles.com.au/wcsstore/Coles-CAS/images/9/0/8/9087960-th.jpg",
    "categories": ["pantry"],
    "tags": ["herbs-spices", "dried-spices"],
    "locations": {
      "vic": {
        "price": 2.25,
        "promoText": " ",
        "packageSize": "12g",
        "packagePrice": "$1.88 per 10G"
      }
    }
  },
  {
    "id": "hoyts-rosemary",
    "brand": "Hoyts",
    "name": "Rosemary",
    "imageUrl": "https://shop.coles.com.au/wcsstore/Coles-CAS/images/2/8/7/287493-th.jpg",
    "categories": ["pantry"],
    "tags": ["herbs-spices", "dried-spices"],
    "locations": {
      "vic": {
        "price": 1.25,
        "promoText": "$0.15 ",
        "packageSize": "25g",
        "packagePrice": "$0.50 per 10G"
      }
    }
  },
  {
    "id": "hoyts-curry-powder-mild",
    "brand": "Hoyts",
    "name": "Mild Curry Powder",
    "imageUrl": "https://shop.coles.com.au/wcsstore/Coles-CAS/images/4/7/5/475959-th.jpg",
    "categories": ["pantry"],
    "tags": ["herbs-spices", "dried-spices"],
    "locations": {
      "vic": {
        "price": 1.95,
        "promoText": " ",
        "packageSize": "50g",
        "packagePrice": "$0.39 per 10G"
      }
    }
  },
  {
    "id": "hoyts-oregano-287314p",
    "brand": "Hoyts",
    "name": "Oregano",
    "imageUrl": "https://shop.coles.com.au/wcsstore/Coles-CAS/images/2/8/7/287314-th.jpg",
    "categories": ["pantry"],
    "tags": ["herbs-spices", "dried-spices"],
    "locations": {
      "vic": {
        "price": 1.45,
        "promoText": " ",
        "packageSize": "25g",
        "packagePrice": "$0.58 per 10G"
      }
    }
  },
  {
    "id": "hoyts-cummin-seed-whole",
    "brand": "Hoyts",
    "name": "Whole Cumin Seeds",
    "imageUrl": "https://shop.coles.com.au/wcsstore/Coles-CAS/images/2/8/7/287132-th.jpg",
    "categories": ["pantry"],
    "tags": ["herbs-spices", "dried-spices"],
    "locations": {
      "vic": {
        "price": 1.85,
        "promoText": " ",
        "packageSize": "25g",
        "packagePrice": "$0.74 per 10G"
      }
    }
  },
  {
    "id": "hoyts-sesame-seeds-286887p",
    "brand": "Hoyts",
    "name": "Sesame Seeds",
    "imageUrl": "https://shop.coles.com.au/wcsstore/Coles-CAS/images/2/8/6/286887-th.jpg",
    "categories": ["pantry"],
    "tags": ["herbs-spices", "dried-spices"],
    "locations": {
      "vic": {
        "price": 2.5,
        "promoText": " ",
        "packageSize": "100g",
        "packagePrice": "$0.25 per 10G"
      }
    }
  },
  {
    "id": "keens-curry-powder-165022p",
    "brand": "Keens",
    "name": "Curry Powder",
    "imageUrl": "https://shop.coles.com.au/wcsstore/Coles-CAS/images/1/6/5/165022-th.jpg",
    "categories": ["pantry"],
    "tags": ["herbs-spices", "dried-spices"],
    "locations": {
      "vic": {
        "price": 4.65,
        "promoText": " ",
        "packageSize": "120g",
        "packagePrice": "$0.39 per 10G"
      }
    }
  },
  {
    "id": "coles-chilli-flakes-hot",
    "brand": "Coles",
    "name": "Hot Chilli Flakes",
    "imageUrl": "https://shop.coles.com.au/wcsstore/Coles-CAS/images/8/9/8/8983625-th.jpg",
    "categories": ["pantry"],
    "tags": ["herbs-spices", "dried-spices"],
    "locations": {
      "vic": {
        "price": 2.2,
        "promoText": " ",
        "packageSize": "30g",
        "packagePrice": "$0.73 per 10G"
      }
    }
  },
  {
    "id": "coles-cinnamon-ground",
    "brand": "Coles",
    "name": "Ground Cinnamon",
    "imageUrl": "https://shop.coles.com.au/wcsstore/Coles-CAS/images/8/9/8/8982826-th.jpg",
    "categories": ["pantry"],
    "tags": ["herbs-spices", "dried-spices"],
    "locations": {
      "vic": {
        "price": 1.9,
        "promoText": " ",
        "packageSize": "36g",
        "packagePrice": "$0.53 per 10G"
      }
    }
  },
  {
    "id": "hoyts-chilli-dried-crushed",
    "brand": "Hoyts",
    "name": "Crushed Dried Chilli",
    "imageUrl": "https://shop.coles.com.au/wcsstore/Coles-CAS/images/5/2/6/5269841-th.jpg",
    "categories": ["pantry"],
    "tags": ["herbs-spices", "dried-spices"],
    "locations": {
      "vic": {
        "price": 4.45,
        "promoText": " ",
        "packageSize": "100g",
        "packagePrice": "$0.45 per 10G"
      }
    }
  },
  {
    "id": "hoyts-sesame-seeds",
    "brand": "Hoyts",
    "name": "Sesame Seeds",
    "imageUrl": "https://shop.coles.com.au/wcsstore/Coles-CAS/images/5/4/4/5448578-th.jpg",
    "categories": ["pantry"],
    "tags": ["herbs-spices", "dried-spices"],
    "locations": {
      "vic": {
        "price": 4.45,
        "promoText": " ",
        "packageSize": "230g",
        "packagePrice": "$0.19 per 10G"
      }
    }
  },
  {
    "id": "hoyts-oregano",
    "brand": "Hoyts",
    "name": "Oregano",
    "imageUrl": "https://shop.coles.com.au/wcsstore/Coles-CAS/images/5/2/6/5269874-th.jpg",
    "categories": ["pantry"],
    "tags": ["herbs-spices", "dried-spices"],
    "locations": {
      "vic": {
        "price": 2.75,
        "promoText": " ",
        "packageSize": "60g",
        "packagePrice": "$0.46 per 10G"
      }
    }
  },
  {
    "id": "hoyts-seasoning-smoked-paprika",
    "brand": "Hoyts",
    "name": "Smoked Paprika",
    "imageUrl": "https://shop.coles.com.au/wcsstore/Coles-CAS/images/1/3/4/1343749-th.jpg",
    "categories": ["pantry"],
    "tags": ["herbs-spices", "dried-spices"],
    "locations": {
      "vic": {
        "price": 3.1,
        "promoText": " ",
        "packageSize": "50g",
        "packagePrice": "$0.62 per 10G"
      }
    }
  },
  {
    "id": "saxa-black-pepper-ground",
    "brand": "Saxa",
    "name": "Ground Black Pepper",
    "imageUrl": "https://shop.coles.com.au/wcsstore/Coles-CAS/images/3/3/3/333207-th.jpg",
    "categories": ["pantry"],
    "tags": ["herbs-spices", "dried-spices"],
    "locations": {
      "vic": {
        "price": 3.65,
        "promoText": " ",
        "packageSize": "50g",
        "packagePrice": "$0.73 per 10G"
      }
    }
  },
  {
    "id": "coles-peppercorns-black-whole",
    "brand": "Coles",
    "name": "Whole Black Peppercorns",
    "imageUrl": "https://shop.coles.com.au/wcsstore/Coles-CAS/images/8/9/9/8990234-th.jpg",
    "categories": ["pantry"],
    "tags": ["herbs-spices", "dried-spices"],
    "locations": {
      "vic": {
        "price": 2.3,
        "promoText": " ",
        "packageSize": "44g",
        "packagePrice": "$0.52 per 10G"
      }
    }
  },
  {
    "id": "coles-smart-buy-pepper-ground-white",
    "brand": "Coles",
    "name": "Ground White Pepper",
    "imageUrl": "https://shop.coles.com.au/wcsstore/Coles-CAS/images/9/0/4/9044719-th.jpg",
    "categories": ["pantry"],
    "tags": ["herbs-spices", "dried-spices"],
    "locations": {
      "vic": {
        "price": 3,
        "promoText": " ",
        "packageSize": "100g",
        "packagePrice": "$0.30 per 10G"
      }
    }
  },
  {
    "id": "hoyts-paprika-sweet",
    "brand": "Hoyts",
    "name": "Sweet Paprika",
    "imageUrl": "https://shop.coles.com.au/wcsstore/Coles-CAS/images/5/2/6/5269900-th.jpg",
    "categories": ["pantry"],
    "tags": ["herbs-spices", "dried-spices"],
    "locations": {
      "vic": {
        "price": 3.8,
        "promoText": " ",
        "packageSize": "190g",
        "packagePrice": "$0.20 per 10G"
      }
    }
  },
  {
    "id": "anchor-salt-chicken-chippy",
    "brand": "Anchor",
    "name": "Chicken Chippy Salt",
    "imageUrl": "https://shop.coles.com.au/wcsstore/Coles-CAS/images/8/0/0/8008232-th.jpg",
    "categories": ["pantry"],
    "tags": ["herbs-spices", "dried-spices"],
    "locations": {
      "vic": {
        "price": 2.8,
        "promoText": " ",
        "packageSize": "170g",
        "packagePrice": "$0.16 per 10G"
      }
    }
  },
  {
    "id": "clive-of-india-curry-powder-hot-madras",
    "brand": "Clive of India",
    "name": "Hot Madras Curry Powder",
    "imageUrl": "https://shop.coles.com.au/wcsstore/Coles-CAS/images/2/4/8/248866-th.jpg",
    "categories": ["pantry"],
    "tags": ["herbs-spices", "dried-spices"],
    "locations": {
      "vic": {
        "price": 2.25,
        "promoText": "$0.30 ",
        "packageSize": "50g",
        "packagePrice": "$0.45 per 10G"
      }
    }
  },
  {
    "id": "clive-of-india-curry-powder",
    "brand": "Clive of India",
    "name": "Curry Powder",
    "imageUrl": "https://shop.coles.com.au/wcsstore/Coles-CAS/images/1/2/1/121297-th.jpg",
    "categories": ["pantry"],
    "tags": ["herbs-spices", "dried-spices"],
    "locations": {
      "vic": {
        "price": 3.45,
        "promoText": " ",
        "packageSize": "100g",
        "packagePrice": "$0.35 per 10G"
      }
    }
  },
  {
    "id": "coles-cayenne-pepper-ground-extra-hot",
    "brand": "Coles",
    "name": "Extra Hot Ground Cayenne Pepper",
    "imageUrl": "https://shop.coles.com.au/wcsstore/Coles-CAS/images/8/9/8/8983556-th.jpg",
    "categories": ["pantry"],
    "tags": ["herbs-spices", "dried-spices"],
    "locations": {
      "vic": {
        "price": 2.9,
        "promoText": " ",
        "packageSize": "34g",
        "packagePrice": "$0.85 per 10G"
      }
    }
  },
  {
    "id": "coles-nutmeg-ground",
    "brand": "Coles",
    "name": "Ground Nutmeg",
    "imageUrl": "https://shop.coles.com.au/wcsstore/Coles-CAS/images/8/9/9/8991260-th.jpg",
    "categories": ["pantry"],
    "tags": ["herbs-spices", "dried-spices"],
    "locations": {
      "vic": {
        "price": 2.55,
        "promoText": " ",
        "packageSize": "36g",
        "packagePrice": "$0.71 per 10G"
      }
    }
  },
  {
    "id": "coles-ground-black-pepper",
    "brand": "Coles",
    "name": "Ground Black Pepper",
    "imageUrl": "https://shop.coles.com.au/wcsstore/Coles-CAS/images/2/6/7/2677830-th.jpg",
    "categories": ["pantry"],
    "tags": ["herbs-spices", "dried-spices"],
    "locations": {
      "vic": {
        "price": 1.65,
        "promoText": " ",
        "packageSize": "50g",
        "packagePrice": "$0.33 per 10G"
      }
    }
  },
  {
    "id": "hoyts-chilli-powder",
    "brand": "Hoyts",
    "name": "Chilli Powder",
    "imageUrl": "https://shop.coles.com.au/wcsstore/Coles-CAS/images/3/1/8/318021-th.jpg",
    "categories": ["pantry"],
    "tags": ["herbs-spices", "dried-spices"],
    "locations": {
      "vic": {
        "price": 1.4,
        "promoText": "$0.20 ",
        "packageSize": "50g",
        "packagePrice": "$0.28 per 10G"
      }
    }
  },
  {
    "id": "hoyts-paprika-hungarian-sweet-286956p",
    "brand": "Hoyts",
    "name": "Hungarian Sweet Paprika",
    "imageUrl": "https://shop.coles.com.au/wcsstore/Coles-CAS/images/2/8/6/286956-th.jpg",
    "categories": ["pantry"],
    "tags": ["herbs-spices", "dried-spices"],
    "locations": {
      "vic": {
        "price": 2.4,
        "promoText": " ",
        "packageSize": "100g",
        "packagePrice": "$0.24 per 10G"
      }
    }
  },
  {
    "id": "masterfoods-cayenne-pepper-ground-extra-hot",
    "brand": "MasterFoods",
    "name": "Ground Extra Hot Cayenne Pepper",
    "imageUrl": "https://shop.coles.com.au/wcsstore/Coles-CAS/images/3/1/8/318655-th.jpg",
    "categories": ["pantry"],
    "tags": ["herbs-spices", "dried-spices"],
    "locations": {
      "vic": {
        "price": 3.5,
        "promoText": " ",
        "packageSize": "30g",
        "packagePrice": "$1.17 per 10G"
      }
    }
  },
  {
    "id": "masterfoods-paprika-ground",
    "brand": "MasterFoods",
    "name": "Ground Paprika",
    "imageUrl": "https://shop.coles.com.au/wcsstore/Coles-CAS/images/3/1/8/318393-th.jpg",
    "categories": ["pantry"],
    "tags": ["herbs-spices", "dried-spices"],
    "locations": {
      "vic": {
        "price": 2.65,
        "promoText": " ",
        "packageSize": "35g",
        "packagePrice": "$0.76 per 10G"
      }
    }
  },
  {
    "id": "masterfoods-chinese-five-spices",
    "brand": "MasterFoods",
    "name": "Chinese Five Spice",
    "imageUrl": "https://shop.coles.com.au/wcsstore/Coles-CAS/images/3/1/8/318531-th.jpg",
    "categories": ["pantry"],
    "tags": ["herbs-spices", "dried-spices"],
    "locations": {
      "vic": {
        "price": 2.6,
        "promoText": " ",
        "packageSize": "30g",
        "packagePrice": "$0.87 per 10G"
      }
    }
  },
  {
    "id": "nandos-rub-peri-peri-lemon-herb",
    "brand": "Nando's",
    "name": "Peri Peri Lemon & Herb Rub",
    "imageUrl": "https://shop.coles.com.au/wcsstore/Coles-CAS/images/2/4/7/2473310-th.jpg",
    "categories": ["pantry"],
    "tags": ["herbs-spices", "dried-spices"],
    "locations": {
      "vic": {
        "price": 3,
        "promoText": " ",
        "packageSize": "25g",
        "packagePrice": "$1.20 per 10G"
      }
    }
  },
  {
    "id": "saxa-pepper-white-ground",
    "brand": "Saxa",
    "name": "Ground White Pepper",
    "imageUrl": "https://shop.coles.com.au/wcsstore/Coles-CAS/images/1/5/3/153715-th.jpg",
    "categories": ["pantry"],
    "tags": ["herbs-spices", "dried-spices"],
    "locations": {
      "vic": {
        "price": 3.65,
        "promoText": " ",
        "packageSize": "50g",
        "packagePrice": "$0.73 per 10G"
      }
    }
  },
  {
    "id": "coles-chilli-ground-hot",
    "brand": "Coles",
    "name": "Ground Hot Chilli",
    "imageUrl": "https://shop.coles.com.au/wcsstore/Coles-CAS/images/8/9/8/8983636-th.jpg",
    "categories": ["pantry"],
    "tags": ["herbs-spices", "dried-spices"],
    "locations": {
      "vic": {
        "price": 2.5,
        "promoText": " ",
        "packageSize": "34g",
        "packagePrice": "$0.74 per 10G"
      }
    }
  },
  {
    "id": "coles-brand-peppercorns-black-cracked",
    "brand": "Coles",
    "name": "Cracked Black Peppercorns",
    "imageUrl": "https://shop.coles.com.au/wcsstore/Coles-CAS/images/8/9/8/8987808-th.jpg",
    "categories": ["pantry"],
    "tags": ["herbs-spices", "dried-spices"],
    "locations": {
      "vic": {
        "price": 2.5,
        "promoText": " ",
        "packageSize": "48g",
        "packagePrice": "$0.52 per 10G"
      }
    }
  },
  {
    "id": "hoyts-garam-masala",
    "brand": "Hoyt's",
    "name": "Garam Masala",
    "imageUrl": "https://shop.coles.com.au/wcsstore/Coles-CAS/images/5/1/7/5171849-th.jpg",
    "categories": ["pantry"],
    "tags": ["herbs-spices", "dried-spices"],
    "locations": {
      "vic": {
        "price": 2.1,
        "promoText": " ",
        "packageSize": "25g",
        "packagePrice": "$0.84 per 10G"
      }
    }
  },
  {
    "id": "hoyts-poppy-seeds",
    "brand": "Hoyts",
    "name": "Poppy Seeds",
    "imageUrl": "https://shop.coles.com.au/wcsstore/Coles-CAS/images/5/2/7/5270079-th.jpg",
    "categories": ["pantry"],
    "tags": ["herbs-spices", "dried-spices"],
    "locations": {
      "vic": {
        "price": 4.45,
        "promoText": " ",
        "packageSize": "240g",
        "packagePrice": "$0.19 per 10G"
      }
    }
  },
  {
    "id": "hoyts-pine-nuts",
    "brand": "Hoyts",
    "name": "Pine Nuts",
    "imageUrl": "https://shop.coles.com.au/wcsstore/Coles-CAS/images/3/9/9/399045-th.jpg",
    "categories": ["pantry"],
    "tags": ["herbs-spices", "dried-spices"],
    "locations": {
      "vic": {
        "price": 3.2,
        "promoText": " ",
        "packageSize": "25g",
        "packagePrice": "$1.28 per 10G"
      }
    }
  },
  {
    "id": "hoyts-nutmeg-whole",
    "brand": "Hoyts",
    "name": "Whole Nutmeg",
    "imageUrl": "https://shop.coles.com.au/wcsstore/Coles-CAS/images/2/8/7/287267-th.jpg",
    "categories": ["pantry"],
    "tags": ["herbs-spices", "dried-spices"],
    "locations": {
      "vic": {
        "price": 2.1,
        "promoText": " ",
        "packageSize": "25g",
        "packagePrice": "$0.84 per 10G"
      }
    }
  },
  {
    "id": "hoyts-five-spice-chinese",
    "brand": "Hoyts",
    "name": "Chinese Five Spice",
    "imageUrl": "https://shop.coles.com.au/wcsstore/Coles-CAS/images/5/1/6/5168334-th.jpg",
    "categories": ["pantry"],
    "tags": ["herbs-spices", "dried-spices"],
    "locations": {
      "vic": {
        "price": 1.8,
        "promoText": " ",
        "packageSize": "25g",
        "packagePrice": "$0.72 per 10G"
      }
    }
  },
  {
    "id": "hoyts-garlic-powder",
    "brand": "Hoyts",
    "name": "Garlic Powder",
    "imageUrl": "https://shop.coles.com.au/wcsstore/Coles-CAS/images/2/8/7/287041-th.jpg",
    "categories": ["pantry"],
    "tags": ["herbs-spices", "dried-spices"],
    "locations": {
      "vic": {
        "price": 1.15,
        "promoText": " ",
        "packageSize": "25g",
        "packagePrice": "$0.46 per 10G"
      }
    }
  },
  {
    "id": "hoyts-garlic-dried",
    "brand": "Hoyts",
    "name": "Dried Garlic",
    "imageUrl": "https://shop.coles.com.au/wcsstore/Coles-CAS/images/2/8/7/287052-th.jpg",
    "categories": ["pantry"],
    "tags": ["herbs-spices", "dried-spices"],
    "locations": {
      "vic": {
        "price": 1.75,
        "promoText": " ",
        "packageSize": "40g",
        "packagePrice": "$0.44 per 10G"
      }
    }
  },
  {
    "id": "hoyts-chillies-dry-hot",
    "brand": "Hoyts",
    "name": "Dry Hot Chillies",
    "imageUrl": "https://shop.coles.com.au/wcsstore/Coles-CAS/images/2/8/7/287201-th.jpg",
    "categories": ["pantry"],
    "tags": ["herbs-spices", "dried-spices"],
    "locations": {
      "vic": {
        "price": 1.75,
        "promoText": " ",
        "packageSize": "25g",
        "packagePrice": "$0.70 per 10G"
      }
    }
  },
  {
    "id": "hoyts-chives",
    "brand": "Hoyts",
    "name": "Chives",
    "imageUrl": "https://shop.coles.com.au/wcsstore/Coles-CAS/images/2/8/7/287121-th.jpg",
    "categories": ["pantry"],
    "tags": ["herbs-spices", "dried-spices"],
    "locations": {
      "vic": {
        "price": 2,
        "promoText": " ",
        "packageSize": "15g",
        "packagePrice": "$1.33 per 10G"
      }
    }
  },
  {
    "id": "hoyts-ginger-ground",
    "brand": "Hoyts",
    "name": "Ground Ginger",
    "imageUrl": "https://shop.coles.com.au/wcsstore/Coles-CAS/images/2/8/7/287085-th.jpg",
    "categories": ["pantry"],
    "tags": ["herbs-spices", "dried-spices"],
    "locations": {
      "vic": {
        "price": 1.65,
        "promoText": "$0.20 ",
        "packageSize": "25g",
        "packagePrice": "$0.66 per 10G"
      }
    }
  },
  {
    "id": "keens-mustard-121300p",
    "brand": "Keens",
    "name": "Mustard Powder",
    "imageUrl": "https://shop.coles.com.au/wcsstore/Coles-CAS/images/1/2/1/121300-th.jpg",
    "categories": ["pantry"],
    "tags": ["herbs-spices", "dried-spices"],
    "locations": {
      "vic": {
        "price": 4.2,
        "promoText": " ",
        "packageSize": "50g",
        "packagePrice": "$0.84 per 10G"
      }
    }
  },
  {
    "id": "masterfoods-coriander-seeds-ground",
    "brand": "MasterFoods",
    "name": "Ground Coriander Seeds",
    "imageUrl": "https://shop.coles.com.au/wcsstore/Coles-CAS/images/3/1/8/318859-th.jpg",
    "categories": ["pantry"],
    "tags": ["herbs-spices", "dried-spices"],
    "locations": {
      "vic": {
        "price": 2.3,
        "promoText": " ",
        "packageSize": "25g",
        "packagePrice": "$0.92 per 10G"
      }
    }
  },
  {
    "id": "masterfoods-cloves-whole",
    "brand": "MasterFoods",
    "name": "Whole Cloves",
    "imageUrl": "https://shop.coles.com.au/wcsstore/Coles-CAS/images/3/1/6/316321-th.jpg",
    "categories": ["pantry"],
    "tags": ["herbs-spices", "dried-spices"],
    "locations": {
      "vic": {
        "price": 4.3,
        "promoText": " ",
        "packageSize": "20g",
        "packagePrice": "$2.15 per 10G"
      }
    }
  },
  {
    "id": "masterfoods-cardamom-ground",
    "brand": "MasterFoods",
    "name": "Ground Cardamom",
    "imageUrl": "https://shop.coles.com.au/wcsstore/Coles-CAS/images/8/6/0/8602120-th.jpg",
    "categories": ["pantry"],
    "tags": ["herbs-spices", "dried-spices"],
    "locations": {
      "vic": {
        "price": 4.5,
        "promoText": " ",
        "packageSize": "35g",
        "packagePrice": "$1.29 per 10G"
      }
    }
  },
  {
    "id": "masterfoods-spices-middle-eastern-harissa",
    "brand": "MasterFoods",
    "name": "Middle Eastern Harissa Blend",
    "imageUrl": "https://shop.coles.com.au/wcsstore/Coles-CAS/images/1/3/9/1391275-th.jpg",
    "categories": ["pantry"],
    "tags": ["herbs-spices", "dried-spices"],
    "locations": {
      "vic": {
        "price": 3.4,
        "promoText": " ",
        "packageSize": "37g",
        "packagePrice": "$0.92 per 10G"
      }
    }
  },
  {
    "id": "masterfoods-coriander-leaves-328218p",
    "brand": "MasterFoods",
    "name": "Coriander Leaves",
    "imageUrl": "https://shop.coles.com.au/wcsstore/Coles-CAS/images/3/2/8/328218-th.jpg",
    "categories": ["pantry"],
    "tags": ["herbs-spices", "dried-spices"],
    "locations": {
      "vic": {
        "price": 3.5,
        "promoText": " ",
        "packageSize": "5g",
        "packagePrice": "$7.00 per 10G"
      }
    }
  },
  {
    "id": "nandos-rub-peri-peri-medium",
    "brand": "Nando's",
    "name": "Peri Peri Medium Rub",
    "imageUrl": "https://shop.coles.com.au/wcsstore/Coles-CAS/images/2/4/7/2473309-th.jpg",
    "categories": ["pantry"],
    "tags": ["herbs-spices", "dried-spices"],
    "locations": {
      "vic": {
        "price": 3,
        "promoText": " ",
        "packageSize": "25g",
        "packagePrice": "$1.20 per 10G"
      }
    }
  },
  {
    "id": "coles-paprika-ground",
    "brand": "Coles",
    "name": "Ground Paprika",
    "imageUrl": "https://shop.coles.com.au/wcsstore/Coles-CAS/images/8/9/8/8982961-th.jpg",
    "categories": ["pantry"],
    "tags": ["herbs-spices", "dried-spices"],
    "locations": {
      "vic": {
        "price": 2.05,
        "promoText": " ",
        "packageSize": "38g",
        "packagePrice": "$0.54 per 10G"
      }
    }
  },
  {
    "id": "coles-brand-five-spice-chinese",
    "brand": "Coles",
    "name": "Chinese Five Spice",
    "imageUrl": "https://shop.coles.com.au/wcsstore/Coles-CAS/images/8/9/8/8987150-th.jpg",
    "categories": ["pantry"],
    "tags": ["herbs-spices", "dried-spices"],
    "locations": {
      "vic": {
        "price": 2.1,
        "promoText": " ",
        "packageSize": "34g",
        "packagePrice": "$0.62 per 10G"
      }
    }
  },
  {
    "id": "coles-brand-all-spice",
    "brand": "Coles",
    "name": "All Spice",
    "imageUrl": "https://shop.coles.com.au/wcsstore/Coles-CAS/images/8/9/8/8982859-th.jpg",
    "categories": ["pantry"],
    "tags": ["herbs-spices", "dried-spices"],
    "locations": {
      "vic": {
        "price": 2.6,
        "promoText": " ",
        "packageSize": "39g",
        "packagePrice": "$0.67 per 10G"
      }
    }
  },
  {
    "id": "hoyts-imitation-saffron-yellow",
    "brand": "Hoyts",
    "name": "Imitation Yellow Saffron",
    "imageUrl": "https://shop.coles.com.au/wcsstore/Coles-CAS/images/2/8/7/287518-th.jpg",
    "categories": ["pantry"],
    "tags": ["herbs-spices", "dried-spices"],
    "locations": {
      "vic": {
        "price": 1.75,
        "promoText": " ",
        "packageSize": "15g",
        "packagePrice": "$1.17 per 10G"
      }
    }
  },
  {
    "id": "hoyts-cloves-whole",
    "brand": "Hoyts",
    "name": "Whole Cloves",
    "imageUrl": "https://shop.coles.com.au/wcsstore/Coles-CAS/images/2/8/7/287460-th.jpg",
    "categories": ["pantry"],
    "tags": ["herbs-spices", "dried-spices"],
    "locations": {
      "vic": {
        "price": 1.8,
        "promoText": " ",
        "packageSize": "15g",
        "packagePrice": "$1.20 per 10G"
      }
    }
  },
  {
    "id": "hoyts-nutmeg-ground",
    "brand": "Hoyts",
    "name": "Ground Nutmeg",
    "imageUrl": "https://shop.coles.com.au/wcsstore/Coles-CAS/images/2/8/7/287278-th.jpg",
    "categories": ["pantry"],
    "tags": ["herbs-spices", "dried-spices"],
    "locations": {
      "vic": {
        "price": 2,
        "promoText": " ",
        "packageSize": "25g",
        "packagePrice": "$0.80 per 10G"
      }
    }
  },
  {
    "id": "hoyts-cumin-ground-2480530p",
    "brand": "Hoyts",
    "name": "Cumin Ground",
    "imageUrl": "https://shop.coles.com.au/wcsstore/ColesResponsiveStorefrontAssetStore/dist/ccfc54aed6e361b650bcf0582f7b576b/img/img_product-placeholder.png",
    "categories": ["pantry"],
    "tags": ["herbs-spices", "dried-spices"],
    "locations": {
      "vic": {
        "price": 5,
        "promoText": " ",
        "packageSize": "130g",
        "packagePrice": "$0.38 per 10G"
      }
    }
  },
  {
    "id": "masterfoods-cinnamon-sugar",
    "brand": "MasterFoods",
    "name": "Cinnamon Sugar",
    "imageUrl": "https://shop.coles.com.au/wcsstore/Coles-CAS/images/3/1/8/318597-th.jpg",
    "categories": ["pantry"],
    "tags": ["herbs-spices", "dried-spices"],
    "locations": {
      "vic": {
        "price": 2.05,
        "promoText": " ",
        "packageSize": "55g",
        "packagePrice": "$0.37 per 10G"
      }
    }
  },
  {
    "id": "masterfoods-cinnamon-ground",
    "brand": "MasterFoods",
    "name": "Ground Cinnamon",
    "imageUrl": "https://shop.coles.com.au/wcsstore/Coles-CAS/images/3/1/8/318495-th.jpg",
    "categories": ["pantry"],
    "tags": ["herbs-spices", "dried-spices"],
    "locations": {
      "vic": {
        "price": 2.6,
        "promoText": " ",
        "packageSize": "28g",
        "packagePrice": "$0.93 per 10G"
      }
    }
  },
  {
    "id": "table-of-plenty-dukkah-lemon-herb",
    "brand": "Table Of Plenty",
    "name": "Dukkah Lemon & Herb Spice Mix",
    "imageUrl": "https://shop.coles.com.au/wcsstore/Coles-CAS/images/7/1/2/7123100-th.jpg",
    "categories": ["pantry"],
    "tags": ["herbs-spices", "dried-spices"],
    "locations": {
      "vic": {
        "price": 3.6,
        "promoText": " ",
        "packageSize": "45g",
        "packagePrice": "$0.80 per 10G"
      }
    }
  },
  {
    "id": "coles-coriander-leaves",
    "brand": "Coles",
    "name": "Coriander Leaves",
    "imageUrl": "https://shop.coles.com.au/wcsstore/Coles-CAS/images/8/9/8/8987230-th.jpg",
    "categories": ["pantry"],
    "tags": ["herbs-spices", "dried-spices"],
    "locations": {
      "vic": {
        "price": 3,
        "promoText": " ",
        "packageSize": "6g",
        "packagePrice": "$5.00 per 10G"
      }
    }
  },
  {
    "id": "coles-cloves-ground",
    "brand": "Coles",
    "name": "Ground Cloves",
    "imageUrl": "https://shop.coles.com.au/wcsstore/Coles-CAS/images/8/9/9/8990019-th.jpg",
    "categories": ["pantry"],
    "tags": ["herbs-spices", "dried-spices"],
    "locations": {
      "vic": {
        "price": 3.65,
        "promoText": " ",
        "packageSize": "34g",
        "packagePrice": "$1.07 per 10G"
      }
    }
  },
  {
    "id": "coles-brand-cinnamon-sugar",
    "brand": "Coles",
    "name": "Cinnamon Sugar",
    "imageUrl": "https://shop.coles.com.au/wcsstore/Coles-CAS/images/8/9/8/8983523-th.jpg",
    "categories": ["pantry"],
    "tags": ["herbs-spices", "dried-spices"],
    "locations": {
      "vic": {
        "price": 1.7,
        "promoText": " ",
        "packageSize": "69g",
        "packagePrice": "$0.25 per 10G"
      }
    }
  },
  {
    "id": "coles-brand-cloves-whole",
    "brand": "Coles",
    "name": "Whole Cloves",
    "imageUrl": "https://shop.coles.com.au/wcsstore/Coles-CAS/images/8/9/8/8989304-th.jpg",
    "categories": ["pantry"],
    "tags": ["herbs-spices", "dried-spices"],
    "locations": {
      "vic": {
        "price": 3.7,
        "promoText": " ",
        "packageSize": "24g",
        "packagePrice": "$1.54 per 10G"
      }
    }
  },
  {
    "id": "hoyts-pure-saffron",
    "brand": "Hoyts",
    "name": "Pure Saffron",
    "imageUrl": "https://shop.coles.com.au/wcsstore/Coles-CAS/images/8/3/9/8397586-th.jpg",
    "categories": ["pantry"],
    "tags": ["herbs-spices", "dried-spices"],
    "locations": {
      "vic": {
        "price": 12.4,
        "promoText": "$1.40 ",
        "packageSize": "0.1g",
        "packagePrice": "$1.24 per 10G"
      }
    }
  },
  {
    "id": "hoyts-caraway-seeds",
    "brand": "Hoyts",
    "name": "Caraway Seeds",
    "imageUrl": "https://shop.coles.com.au/wcsstore/Coles-CAS/images/2/8/7/287427-th.jpg",
    "categories": ["pantry"],
    "tags": ["herbs-spices", "dried-spices"],
    "locations": {
      "vic": {
        "price": 1.5,
        "promoText": " ",
        "packageSize": "15g",
        "packagePrice": "$1.00 per 10G"
      }
    }
  },
  {
    "id": "hoyts-poppy-seeds-287482p",
    "brand": "Hoyts",
    "name": "Poppy Seeds",
    "imageUrl": "https://shop.coles.com.au/wcsstore/Coles-CAS/images/2/8/7/287482-th.jpg",
    "categories": ["pantry"],
    "tags": ["herbs-spices", "dried-spices"],
    "locations": {
      "vic": {
        "price": 1.85,
        "promoText": " ",
        "packageSize": "100g",
        "packagePrice": "$0.19 per 10G"
      }
    }
  },
  {
    "id": "hoyts-coriander-whole",
    "brand": "Hoyts",
    "name": "Whole Coriander Seeds",
    "imageUrl": "https://shop.coles.com.au/wcsstore/Coles-CAS/images/2/8/7/287165-th.jpg",
    "categories": ["pantry"],
    "tags": ["herbs-spices", "dried-spices"],
    "locations": {
      "vic": {
        "price": 1.3,
        "promoText": " ",
        "packageSize": "25g",
        "packagePrice": "$0.52 per 10G"
      }
    }
  },
  {
    "id": "hoyts-onion-flakes-dried",
    "brand": "Hoyts",
    "name": "Dried Onion Flakes",
    "imageUrl": "https://shop.coles.com.au/wcsstore/Coles-CAS/images/2/8/7/287289-th.jpg",
    "categories": ["pantry"],
    "tags": ["herbs-spices", "dried-spices"],
    "locations": {
      "vic": {
        "price": 1.65,
        "promoText": " ",
        "packageSize": "40g",
        "packagePrice": "$0.41 per 10G"
      }
    }
  },
  {
    "id": "hoyts-mixed-spice",
    "brand": "Hoyts",
    "name": "Mixed Spice",
    "imageUrl": "https://shop.coles.com.au/wcsstore/Coles-CAS/images/2/8/6/286854-th.jpg",
    "categories": ["pantry"],
    "tags": ["herbs-spices", "dried-spices"],
    "locations": {
      "vic": {
        "price": 1.45,
        "promoText": " ",
        "packageSize": "25g",
        "packagePrice": "$0.58 per 10G"
      }
    }
  },
  {
    "id": "masterfoods-chillies-ground-hot",
    "brand": "MasterFoods",
    "name": "Ground Hot Chillies",
    "imageUrl": "https://shop.coles.com.au/wcsstore/Coles-CAS/images/3/1/8/318553-th.jpg",
    "categories": ["pantry"],
    "tags": ["herbs-spices", "dried-spices"],
    "locations": {
      "vic": {
        "price": 2.9,
        "promoText": " ",
        "packageSize": "27g",
        "packagePrice": "$1.07 per 10G"
      }
    }
  },
  {
    "id": "masterfoods-mixed-spice",
    "brand": "MasterFoods",
    "name": "Mixed Spice",
    "imageUrl": "https://shop.coles.com.au/wcsstore/Coles-CAS/images/3/1/6/316376-th.jpg",
    "categories": ["pantry"],
    "tags": ["herbs-spices", "dried-spices"],
    "locations": {
      "vic": {
        "price": 2.9,
        "promoText": " ",
        "packageSize": "30g",
        "packagePrice": "$0.97 per 10G"
      }
    }
  },
  {
    "id": "masterfoods-cumin-seed-whole",
    "brand": "MasterFoods",
    "name": "Whole Cumin Seeds",
    "imageUrl": "https://shop.coles.com.au/wcsstore/Coles-CAS/images/4/3/5/4355937-th.jpg",
    "categories": ["pantry"],
    "tags": ["herbs-spices", "dried-spices"],
    "locations": {
      "vic": {
        "price": 3,
        "promoText": " ",
        "packageSize": "28g",
        "packagePrice": "$1.07 per 10G"
      }
    }
  },
  {
    "id": "masterfoods-mexican-chilli-powder",
    "brand": "MasterFoods",
    "name": "Mexican Chilli Powder",
    "imageUrl": "https://shop.coles.com.au/wcsstore/Coles-CAS/images/3/1/8/318644-th.jpg",
    "categories": ["pantry"],
    "tags": ["herbs-spices", "dried-spices"],
    "locations": {
      "vic": {
        "price": 3,
        "promoText": " ",
        "packageSize": "30g",
        "packagePrice": "$1.00 per 10G"
      }
    }
  },
  {
    "id": "masterfoods-nutmeg-ground",
    "brand": "MasterFoods",
    "name": "Ground Nutmeg",
    "imageUrl": "https://shop.coles.com.au/wcsstore/Coles-CAS/images/3/1/8/318371-th.jpg",
    "categories": ["pantry"],
    "tags": ["herbs-spices", "dried-spices"],
    "locations": {
      "vic": {
        "price": 3,
        "promoText": " ",
        "packageSize": "30g",
        "packagePrice": "$1.00 per 10G"
      }
    }
  },
  {
    "id": "masterfoods-all-spice-ground",
    "brand": "MasterFoods",
    "name": "All Spice Ground",
    "imageUrl": "https://shop.coles.com.au/wcsstore/Coles-CAS/images/3/1/6/316310-th.jpg",
    "categories": ["pantry"],
    "tags": ["herbs-spices", "dried-spices"],
    "locations": {
      "vic": {
        "price": 3.4,
        "promoText": " ",
        "packageSize": "30g",
        "packagePrice": "$1.13 per 10G"
      }
    }
  },
  {
    "id": "masterfoods-fennel-seeds-whole",
    "brand": "MasterFoods",
    "name": "Whole Fennel Seeds",
    "imageUrl": "https://shop.coles.com.au/wcsstore/Coles-CAS/images/9/7/5/9755579-th.jpg",
    "categories": ["pantry"],
    "tags": ["herbs-spices", "dried-spices"],
    "locations": {
      "vic": {
        "price": 3.1,
        "promoText": " ",
        "packageSize": "26g",
        "packagePrice": "$1.19 per 10G"
      }
    }
  },
  {
    "id": "masterfoods-ground-mild-paprika",
    "brand": "MasterFoods",
    "name": "Ground Mild Paprika",
    "imageUrl": "https://shop.coles.com.au/wcsstore/Coles-CAS/images/1/6/3/163810-th.jpg",
    "categories": ["pantry"],
    "tags": ["herbs-spices", "dried-spices"],
    "locations": {
      "vic": {
        "price": 6.3,
        "promoText": " ",
        "packageSize": "115g",
        "packagePrice": "$0.55 per 10G"
      }
    }
  },
  {
    "id": "mccormick-grill-mates-all-star-burger-mix",
    "brand": "McCormick",
    "name": "Grill Mates All Star Burger Mix",
    "imageUrl": "https://shop.coles.com.au/wcsstore/Coles-CAS/images/2/4/7/2472022-th.jpg",
    "categories": ["pantry"],
    "tags": ["herbs-spices", "dried-spices"],
    "locations": {
      "vic": {
        "price": 2,
        "promoText": " ",
        "packageSize": "40g",
        "packagePrice": "$0.50 per 10G"
      }
    }
  },
  {
    "id": "mccormick-grill-mates-tennesee-smokehouse-bbq-rub",
    "brand": "McCormick",
    "name": "Grill Mates Tennessee Smokehouse BBQ Rub",
    "imageUrl": "https://shop.coles.com.au/wcsstore/Coles-CAS/images/2/4/7/2471868-th.jpg",
    "categories": ["pantry"],
    "tags": ["herbs-spices", "dried-spices"],
    "locations": {
      "vic": {
        "price": 2,
        "promoText": " ",
        "packageSize": "40g",
        "packagePrice": "$0.50 per 10G"
      }
    }
  },
  {
    "id": "mccormick--grill-mates-chipotle-dry-marinade",
    "brand": "McCormick",
    "name": "Grill Mates Chipotle & Roasted Garlic Dry Marinade",
    "imageUrl": "https://shop.coles.com.au/wcsstore/Coles-CAS/images/2/4/7/2471722-th.jpg",
    "categories": ["pantry"],
    "tags": ["herbs-spices", "dried-spices"],
    "locations": {
      "vic": {
        "price": 2,
        "promoText": " ",
        "packageSize": "40g",
        "packagePrice": "$0.50 per 10G"
      }
    }
  },
  {
    "id": "mccormick-grill-mates-slow-low-smokin-texas-bbq-rub",
    "brand": "McCormick",
    "name": "Grill Mates Slow & Low Smokin Texas BBQ Rub",
    "imageUrl": "https://shop.coles.com.au/wcsstore/Coles-CAS/images/2/4/7/2471879-th.jpg",
    "categories": ["pantry"],
    "tags": ["herbs-spices", "dried-spices"],
    "locations": {
      "vic": {
        "price": 2,
        "promoText": " ",
        "packageSize": "40g",
        "packagePrice": "$0.50 per 10G"
      }
    }
  },
  {
    "id": "mccormick-grill-mates-hickory-smoke",
    "brand": "McCormick",
    "name": "Grill Mates Hickory Smoke & Roasted Onion Dry Marinade",
    "imageUrl": "https://shop.coles.com.au/wcsstore/Coles-CAS/images/3/2/2/3220852-th.jpg",
    "categories": ["pantry"],
    "tags": ["herbs-spices", "dried-spices"],
    "locations": {
      "vic": {
        "price": 2,
        "promoText": " ",
        "packageSize": "40g",
        "packagePrice": "$0.50 per 10G"
      }
    }
  },
  {
    "id": "mingle-seasoning-curry-in-a-hurry-spice",
    "brand": "Mingle Seasoning",
    "name": "Curry In A Hurry Spice",
    "imageUrl": "https://shop.coles.com.au/wcsstore/Coles-CAS/images/3/5/1/3512520-th.jpg",
    "categories": ["pantry"],
    "tags": ["herbs-spices", "dried-spices"],
    "locations": {
      "vic": {
        "price": 3,
        "promoText": " ",
        "packageSize": "30g",
        "packagePrice": "$1.00 per 10G"
      }
    }
  },
  {
    "id": "nandos-rub-peri-peri-hot",
    "brand": "Nando's",
    "name": "Peri Peri Hot Rub",
    "imageUrl": "https://shop.coles.com.au/wcsstore/Coles-CAS/images/2/4/7/2473295-th.jpg",
    "categories": ["pantry"],
    "tags": ["herbs-spices", "dried-spices"],
    "locations": {
      "vic": {
        "price": 3,
        "promoText": " ",
        "packageSize": "25g",
        "packagePrice": "$1.20 per 10G"
      }
    }
  },
  {
    "id": "nice-n-tasty-seasoning-chicken-salt",
    "brand": "Nice N' Tasty",
    "name": "Seasoning Chicken Salt",
    "imageUrl": "https://shop.coles.com.au/wcsstore/Coles-CAS/images/7/8/7/7870226-th.jpg",
    "categories": ["pantry"],
    "tags": ["herbs-spices", "dried-spices"],
    "locations": {
      "vic": {
        "price": 4.95,
        "promoText": " ",
        "packageSize": "400g",
        "packagePrice": "$0.12 per 10G"
      }
    }
  },
  {
    "id": "table-of-plenty-dukkah-pistachio",
    "brand": "Table Of Plenty",
    "name": "Dukkah Pistachio Spice Mix",
    "imageUrl": "https://shop.coles.com.au/wcsstore/Coles-CAS/images/7/1/2/7123086-th.jpg",
    "categories": ["pantry"],
    "tags": ["herbs-spices", "dried-spices"],
    "locations": {
      "vic": {
        "price": 3.6,
        "promoText": " ",
        "packageSize": "45g",
        "packagePrice": "$0.80 per 10G"
      }
    }
  },
  {
    "id": "table-of-plenty-spicy-dukkah",
    "brand": "Table Of Plenty",
    "name": "Spicy Dukkah",
    "imageUrl": "https://shop.coles.com.au/wcsstore/Coles-CAS/images/2/4/7/2472055-th.jpg",
    "categories": ["pantry"],
    "tags": ["herbs-spices", "dried-spices"],
    "locations": {
      "vic": {
        "price": 3.6,
        "promoText": " ",
        "packageSize": "45g",
        "packagePrice": "$0.80 per 10G"
      }
    }
  },
  {
    "id": "masterfoods-garlic-salt",
    "brand": "MasterFoods",
    "name": "Garlic Salt",
    "imageUrl": "https://shop.coles.com.au/wcsstore/Coles-CAS/images/3/1/8/318892-th.jpg",
    "categories": ["pantry"],
    "tags": ["herbs-spices", "salt-pepper"],
    "locations": {
      "vic": {
        "price": 3.6,
        "promoText": " ",
        "packageSize": "210g",
        "packagePrice": "$0.17 per 10G"
      }
    }
  },
  {
    "id": "masterfoods-garlic-herb-salt",
    "brand": "MasterFoods",
    "name": "Garlic & Herb Salt",
    "imageUrl": "https://shop.coles.com.au/wcsstore/Coles-CAS/images/7/2/3/7237926-th.jpg",
    "categories": ["pantry"],
    "tags": ["herbs-spices", "salt-pepper"],
    "locations": {
      "vic": {
        "price": 2.3,
        "promoText": " ",
        "packageSize": "62g",
        "packagePrice": "$0.37 per 10G"
      }
    }
  },
  {
    "id": "masterfoods-all-purpose-seasoning",
    "brand": "MasterFoods",
    "name": "All Purpose Seasoning",
    "imageUrl": "https://shop.coles.com.au/wcsstore/Coles-CAS/images/7/1/9/7190913-th.jpg",
    "categories": ["pantry"],
    "tags": ["herbs-spices", "salt-pepper"],
    "locations": {
      "vic": {
        "price": 5.7,
        "promoText": " ",
        "packageSize": "200g",
        "packagePrice": "$0.29 per 10G"
      }
    }
  },
  {
    "id": "saxa-gourmet-grinders-sea-salt-mediterranean",
    "brand": "Saxa",
    "name": "Natural Sea Salt Grinder",
    "imageUrl": "https://shop.coles.com.au/wcsstore/Coles-CAS/images/9/1/1/9115216-th.jpg",
    "categories": ["pantry"],
    "tags": ["herbs-spices", "salt-pepper"],
    "locations": {
      "vic": {
        "price": 5,
        "promoText": " ",
        "packageSize": "90g",
        "packagePrice": "$0.56 per 10G"
      }
    }
  },
  {
    "id": "saxa-grinder-black-peppercorn",
    "brand": "Saxa",
    "name": "Black Peppercorn Grinder",
    "imageUrl": "https://shop.coles.com.au/wcsstore/Coles-CAS/images/9/1/1/9115453-th.jpg",
    "categories": ["pantry"],
    "tags": ["herbs-spices", "salt-pepper"],
    "locations": {
      "vic": {
        "price": 5,
        "promoText": " ",
        "packageSize": "45g",
        "packagePrice": "$1.11 per 10G"
      }
    }
  },
  {
    "id": "saxa-table-salt-plain",
    "brand": "Saxa",
    "name": "Plain Table Salt",
    "imageUrl": "https://shop.coles.com.au/wcsstore/Coles-CAS/images/1/2/0/120512-th.jpg",
    "categories": ["pantry"],
    "tags": ["herbs-spices", "salt-pepper"],
    "locations": {
      "vic": {
        "price": 2.95,
        "promoText": " ",
        "packageSize": "750g",
        "packagePrice": "$0.04 per 10G"
      }
    }
  },
  {
    "id": "coles-peppercorns-black-whole-grinder",
    "brand": "Coles",
    "name": "Whole Black Peppercorn Grinder",
    "imageUrl": "https://shop.coles.com.au/wcsstore/Coles-CAS/images/9/0/0/9009707-th.jpg",
    "categories": ["pantry"],
    "tags": ["herbs-spices", "salt-pepper"],
    "locations": {
      "vic": {
        "price": 2.95,
        "promoText": " ",
        "packageSize": "50g",
        "packagePrice": "$0.59 per 10G"
      }
    }
  },
  {
    "id": "saxa-black-whole-peppercorns",
    "brand": "Saxa",
    "name": "Black Whole Peppercorns",
    "imageUrl": "https://shop.coles.com.au/wcsstore/Coles-CAS/images/3/3/2/3321361-th.jpg",
    "categories": ["pantry"],
    "tags": ["herbs-spices", "salt-pepper"],
    "locations": {
      "vic": {
        "price": 6,
        "promoText": " ",
        "packageSize": "190g",
        "packagePrice": "$0.32 per 10G"
      }
    }
  },
  {
    "id": "maldon-sea-salt-flaky-crystals",
    "brand": "Maldon",
    "name": "Sea Salt Flakes",
    "imageUrl": "https://shop.coles.com.au/wcsstore/Coles-CAS/images/9/7/6/9762199-th.jpg",
    "categories": ["pantry"],
    "tags": ["herbs-spices", "salt-pepper"],
    "locations": {
      "vic": {
        "price": 8.95,
        "promoText": " ",
        "packageSize": "240g",
        "packagePrice": "$0.37 per 10G"
      }
    }
  },
  {
    "id": "saxa-rock-sea-salt",
    "brand": "Saxa",
    "name": "Natural Rock Salt",
    "imageUrl": "https://shop.coles.com.au/wcsstore/Coles-CAS/images/4/0/8/408576-th.jpg",
    "categories": ["pantry"],
    "tags": ["herbs-spices", "salt-pepper"],
    "locations": {
      "vic": {
        "price": 2.05,
        "promoText": " ",
        "packageSize": "500g",
        "packagePrice": "$0.04 per 10G"
      }
    }
  },
  {
    "id": "coles-grinder-sea-salt",
    "brand": "Coles",
    "name": "Sea Salt Grinder",
    "imageUrl": "https://shop.coles.com.au/wcsstore/Coles-CAS/images/3/4/8/3483964-th.jpg",
    "categories": ["pantry"],
    "tags": ["herbs-spices", "salt-pepper"],
    "locations": {
      "vic": {
        "price": 2.95,
        "promoText": " ",
        "packageSize": "103g",
        "packagePrice": "$0.29 per 10G"
      }
    }
  },
  {
    "id": "coles-smart-buy-salt-iodised",
    "brand": "Coles",
    "name": "Iodised Table Salt",
    "imageUrl": "https://shop.coles.com.au/wcsstore/Coles-CAS/images/5/9/2/5925123-th.jpg",
    "categories": ["pantry"],
    "tags": ["herbs-spices", "salt-pepper"],
    "locations": {
      "vic": {
        "price": 0.9,
        "promoText": " ",
        "packageSize": "500g",
        "packagePrice": "$0.18 per 100G"
      }
    }
  },
  {
    "id": "coles-smart-buy-table-salt-drum",
    "brand": "Coles",
    "name": "Table Salt",
    "imageUrl": "https://shop.coles.com.au/wcsstore/Coles-CAS/images/5/9/2/5925112-th.jpg",
    "categories": ["pantry"],
    "tags": ["herbs-spices", "salt-pepper"],
    "locations": {
      "vic": {
        "price": 0.9,
        "promoText": " ",
        "packageSize": "500g",
        "packagePrice": "$0.18 per 100G"
      }
    }
  },
  {
    "id": "coles-grinder-pink-himalayan-salt",
    "brand": "Coles",
    "name": "Pink Himalayan Salt Grinder",
    "imageUrl": "https://shop.coles.com.au/wcsstore/Coles-CAS/images/3/4/8/3484005-th.jpg",
    "categories": ["pantry"],
    "tags": ["herbs-spices", "salt-pepper"],
    "locations": {
      "vic": {
        "price": 2.95,
        "promoText": " ",
        "packageSize": "103g",
        "packagePrice": "$0.29 per 10G"
      }
    }
  },
  {
    "id": "saxa-table-salt-iodised",
    "brand": "Saxa",
    "name": "Iodised Table Salt",
    "imageUrl": "https://shop.coles.com.au/wcsstore/Coles-CAS/images/1/2/0/120523-th.jpg",
    "categories": ["pantry"],
    "tags": ["herbs-spices", "salt-pepper"],
    "locations": {
      "vic": {
        "price": 2.95,
        "promoText": " ",
        "packageSize": "750g",
        "packagePrice": "$0.04 per 10G"
      }
    }
  },
  {
    "id": "coles-smart-buy-salt-cooking",
    "brand": "Coles",
    "name": "Cooking Salt",
    "imageUrl": "https://shop.coles.com.au/wcsstore/Coles-CAS/images/8/7/6/8766751-th.jpg",
    "categories": ["pantry"],
    "tags": ["herbs-spices", "salt-pepper"],
    "locations": {
      "vic": {
        "price": 2,
        "promoText": " ",
        "packageSize": "2kg",
        "packagePrice": "$1.00 per 1Kg"
      }
    }
  },
  {
    "id": "hoyts-cardamom-pods",
    "brand": "Hoyts",
    "name": "Cardamom Pods",
    "imageUrl": "https://shop.coles.com.au/wcsstore/Coles-CAS/images/5/1/2/5121603-th.jpg",
    "categories": ["pantry"],
    "tags": ["herbs-spices", "salt-pepper"],
    "locations": {
      "vic": {
        "price": 2.6,
        "promoText": " ",
        "packageSize": "10g",
        "packagePrice": "$2.60 per 10G"
      }
    }
  },
  {
    "id": "hoyts-bay-leaves-288055p",
    "brand": "Hoyts",
    "name": "Bay Leaves",
    "imageUrl": "https://shop.coles.com.au/wcsstore/Coles-CAS/images/2/8/8/288055-th.jpg",
    "categories": ["pantry"],
    "tags": ["herbs-spices", "salt-pepper"],
    "locations": {
      "vic": {
        "price": 1.4,
        "promoText": " ",
        "packageSize": "15g",
        "packagePrice": "$0.93 per 10G"
      }
    }
  },
  {
    "id": "coles-pink-himalyan-fine-salt",
    "brand": "Coles",
    "name": "Pink Himalayan Fine Table Salt",
    "imageUrl": "https://shop.coles.com.au/wcsstore/Coles-CAS/images/3/0/2/3021040-th.jpg",
    "categories": ["pantry"],
    "tags": ["herbs-spices", "salt-pepper"],
    "locations": {
      "vic": {
        "price": 3,
        "promoText": " ",
        "packageSize": "1kg",
        "packagePrice": "$0.03 per 10G"
      }
    }
  },
  {
    "id": "saxa-salt-sea-iodised-grinder",
    "brand": "Saxa",
    "name": "Iodised Grinder Sea Salt",
    "imageUrl": "https://shop.coles.com.au/wcsstore/Coles-CAS/images/4/6/3/4634056-th.jpg",
    "categories": ["pantry"],
    "tags": ["herbs-spices", "salt-pepper"],
    "locations": {
      "vic": {
        "price": 5,
        "promoText": " ",
        "packageSize": "90g",
        "packagePrice": "$0.56 per 10G"
      }
    }
  },
  {
    "id": "saxa-salt-sea-grinder-pink-crystal",
    "brand": "Saxa",
    "name": "Pink Himalayan Salt Grinder",
    "imageUrl": "https://shop.coles.com.au/wcsstore/Coles-CAS/images/1/3/3/1337189-th.jpg",
    "categories": ["pantry"],
    "tags": ["herbs-spices", "salt-pepper"],
    "locations": {
      "vic": {
        "price": 5.5,
        "promoText": " ",
        "packageSize": "95g",
        "packagePrice": "$0.58 per 10G"
      }
    }
  },
  {
    "id": "coles-tumeric-ground",
    "brand": "Coles",
    "name": "Ground Turmeric",
    "imageUrl": "https://shop.coles.com.au/wcsstore/Coles-CAS/images/8/9/8/8983341-th.jpg",
    "categories": ["pantry"],
    "tags": ["herbs-spices", "salt-pepper"],
    "locations": {
      "vic": {
        "price": 1.9,
        "promoText": " ",
        "packageSize": "36g",
        "packagePrice": "$0.53 per 10G"
      }
    }
  },
  {
    "id": "hoyts-pepper-black-whole",
    "brand": "Hoyts",
    "name": "Whole Black Pepper",
    "imageUrl": "https://shop.coles.com.au/wcsstore/Coles-CAS/images/3/1/8/318214-th.jpg",
    "categories": ["pantry"],
    "tags": ["herbs-spices", "salt-pepper"],
    "locations": {
      "vic": {
        "price": 4.25,
        "promoText": " ",
        "packageSize": "100g",
        "packagePrice": "$0.43 per 10G"
      }
    }
  },
  {
    "id": "masterfoods-turmeric-ground",
    "brand": "MasterFoods",
    "name": "Ground Turmeric",
    "imageUrl": "https://shop.coles.com.au/wcsstore/Coles-CAS/images/3/1/6/316354-th.jpg",
    "categories": ["pantry"],
    "tags": ["herbs-spices", "salt-pepper"],
    "locations": {
      "vic": {
        "price": 2.4,
        "promoText": " ",
        "packageSize": "28g",
        "packagePrice": "$0.86 per 10G"
      }
    }
  },
  {
    "id": "saxa-iodised-table-salt",
    "brand": "Saxa",
    "name": "Iodised Table Salt",
    "imageUrl": "https://shop.coles.com.au/wcsstore/Coles-CAS/images/6/5/4/6542822-th.jpg",
    "categories": ["pantry"],
    "tags": ["herbs-spices", "salt-pepper"],
    "locations": {
      "vic": {
        "price": 2,
        "promoText": " ",
        "packageSize": "125g",
        "packagePrice": "$0.16 per 10G"
      }
    }
  },
  {
    "id": "saxa-sea-salt-iodised-crystals",
    "brand": "Saxa",
    "name": "Iodised Rock Salt",
    "imageUrl": "https://shop.coles.com.au/wcsstore/Coles-CAS/images/4/6/3/4632549-th.jpg",
    "categories": ["pantry"],
    "tags": ["herbs-spices", "salt-pepper"],
    "locations": {
      "vic": {
        "price": 2.05,
        "promoText": " ",
        "packageSize": "500g",
        "packagePrice": "$0.04 per 10G"
      }
    }
  },
  {
    "id": "saxa-grinder-4-seasons-pepper",
    "brand": "Saxa",
    "name": "Gourmet Four Seasons Peppercorns Grinder",
    "imageUrl": "https://shop.coles.com.au/wcsstore/Coles-CAS/images/9/1/1/9115475-th.jpg",
    "categories": ["pantry"],
    "tags": ["herbs-spices", "salt-pepper"],
    "locations": {
      "vic": {
        "price": 5,
        "promoText": " ",
        "packageSize": "35g",
        "packagePrice": "$1.43 per 10G"
      }
    }
  },
  {
    "id": "saxa-blended-whole-peppercorns",
    "brand": "Saxa",
    "name": "Blended Whole Peppercorns",
    "imageUrl": "https://shop.coles.com.au/wcsstore/Coles-CAS/images/3/3/2/3321394-th.jpg",
    "categories": ["pantry"],
    "tags": ["herbs-spices", "salt-pepper"],
    "locations": {
      "vic": {
        "price": 6,
        "promoText": " ",
        "packageSize": "190g",
        "packagePrice": "$0.32 per 10G"
      }
    }
  },
  {
    "id": "coles-brand-garam-masala",
    "brand": "Coles",
    "name": "Garam Masala",
    "imageUrl": "https://shop.coles.com.au/wcsstore/Coles-CAS/images/8/9/8/8987477-th.jpg",
    "categories": ["pantry"],
    "tags": ["herbs-spices", "salt-pepper"],
    "locations": {
      "vic": {
        "price": 2.5,
        "promoText": " ",
        "packageSize": "34g",
        "packagePrice": "$0.74 per 10G"
      }
    }
  },
  {
    "id": "diet-rite-salt-lite",
    "brand": "Diet Rite",
    "name": "Lite Salt",
    "imageUrl": "https://shop.coles.com.au/wcsstore/Coles-CAS/images/3/9/5/395146-th.jpg",
    "categories": ["pantry"],
    "tags": ["herbs-spices", "salt-pepper"],
    "locations": {
      "vic": {
        "price": 2.75,
        "promoText": " ",
        "packageSize": "170g",
        "packagePrice": "$0.16 per 10G"
      }
    }
  },
  {
    "id": "hoyts-turmeric-2480552p",
    "brand": "Hoyts",
    "name": "Turmeric Powder Ground",
    "imageUrl": "https://shop.coles.com.au/wcsstore/ColesResponsiveStorefrontAssetStore/dist/ccfc54aed6e361b650bcf0582f7b576b/img/img_product-placeholder.png",
    "categories": ["pantry"],
    "tags": ["herbs-spices", "salt-pepper"],
    "locations": {
      "vic": {
        "price": 4.5,
        "promoText": " ",
        "packageSize": "140g",
        "packagePrice": "$0.32 per 10G"
      }
    }
  },
  {
    "id": "masterfoods-sesame-seeds",
    "brand": "MasterFoods",
    "name": "Sesame Seeds",
    "imageUrl": "https://shop.coles.com.au/wcsstore/Coles-CAS/images/3/1/6/316343-th.jpg",
    "categories": ["pantry"],
    "tags": ["herbs-spices", "salt-pepper"],
    "locations": {
      "vic": {
        "price": 2.7,
        "promoText": " ",
        "packageSize": "37g",
        "packagePrice": "$0.73 per 10G"
      }
    }
  },
  {
    "id": "masterfoods-paprika-smoked",
    "brand": "MasterFoods",
    "name": "Smoked Paprika",
    "imageUrl": "https://shop.coles.com.au/wcsstore/Coles-CAS/images/9/7/5/9755739-th.jpg",
    "categories": ["pantry"],
    "tags": ["herbs-spices", "salt-pepper"],
    "locations": {
      "vic": {
        "price": 3.25,
        "promoText": " ",
        "packageSize": "35g",
        "packagePrice": "$0.93 per 10G"
      }
    }
  },
  {
    "id": "masterfoods-moroccan-seasoning-5245763p",
    "brand": "MasterFoods",
    "name": "Moroccan Seasoning",
    "imageUrl": "https://shop.coles.com.au/wcsstore/Coles-CAS/images/5/2/4/5245763-th.jpg",
    "categories": ["pantry"],
    "tags": ["herbs-spices", "salt-pepper"],
    "locations": {
      "vic": {
        "price": 6.7,
        "promoText": " ",
        "packageSize": "160g",
        "packagePrice": "$0.42 per 10G"
      }
    }
  },
  {
    "id": "masterfoods-onion-salt-seasoning",
    "brand": "MasterFoods",
    "name": "Onion Salt Seasoning",
    "imageUrl": "https://shop.coles.com.au/wcsstore/Coles-CAS/images/3/1/8/318316-th.jpg",
    "categories": ["pantry"],
    "tags": ["herbs-spices", "salt-pepper"],
    "locations": {
      "vic": {
        "price": 1.9,
        "promoText": " ",
        "packageSize": "68g",
        "packagePrice": "$0.28 per 10G"
      }
    }
  },
  {
    "id": "saxa-salt-cooking-iodised",
    "brand": "Saxa",
    "name": "Iodised Cooking Salt",
    "imageUrl": "https://shop.coles.com.au/wcsstore/Coles-CAS/images/6/0/8/6083168-th.jpg",
    "categories": ["pantry"],
    "tags": ["herbs-spices", "salt-pepper"],
    "locations": {
      "vic": {
        "price": 1.85,
        "promoText": " ",
        "packageSize": "1kg",
        "packagePrice": "$0.02 per 10G"
      }
    }
  },
  {
    "id": "saxa-cooking-salt",
    "brand": "Saxa",
    "name": "Cooking Salt",
    "imageUrl": "https://shop.coles.com.au/wcsstore/Coles-CAS/images/2/1/8/218526-th.jpg",
    "categories": ["pantry"],
    "tags": ["herbs-spices", "salt-pepper"],
    "locations": {
      "vic": {
        "price": 1.85,
        "promoText": " ",
        "packageSize": "1kg",
        "packagePrice": "$1.85 per 1Kg"
      }
    }
  },
  {
    "id": "coles-smart-buy-salt-table",
    "brand": "Coles",
    "name": "Table Salt",
    "imageUrl": "https://shop.coles.com.au/wcsstore/Coles-CAS/images/8/7/6/8766810-th.jpg",
    "categories": ["pantry"],
    "tags": ["herbs-spices", "salt-pepper"],
    "locations": {
      "vic": {
        "price": 0.9,
        "promoText": " ",
        "packageSize": "1kg",
        "packagePrice": "$0.01 per 10G"
      }
    }
  },
  {
    "id": "hoyts-basil-287405p",
    "brand": "Hoyts",
    "name": "Basil",
    "imageUrl": "https://shop.coles.com.au/wcsstore/Coles-CAS/images/2/8/7/287405-th.jpg",
    "categories": ["pantry"],
    "tags": ["herbs-spices", "salt-pepper"],
    "locations": {
      "vic": {
        "price": 1.6,
        "promoText": "$0.20 ",
        "packageSize": "15g",
        "packagePrice": "$1.07 per 10G"
      }
    }
  },
  {
    "id": "hoyts-lemon-pepper",
    "brand": "Hoyts",
    "name": "Lemon Pepper",
    "imageUrl": "https://shop.coles.com.au/wcsstore/Coles-CAS/images/2/7/6/276690-th.jpg",
    "categories": ["pantry"],
    "tags": ["herbs-spices", "salt-pepper"],
    "locations": {
      "vic": {
        "price": 2.15,
        "promoText": " ",
        "packageSize": "50g",
        "packagePrice": "$0.43 per 10G"
      }
    }
  },
  {
    "id": "masterfoods-moroccan-mild-seasoning",
    "brand": "MasterFoods",
    "name": "Moroccan Mild Seasoning",
    "imageUrl": "https://shop.coles.com.au/wcsstore/Coles-CAS/images/6/8/3/6835933-th.jpg",
    "categories": ["pantry"],
    "tags": ["herbs-spices", "salt-pepper"],
    "locations": {
      "vic": {
        "price": 3.7,
        "promoText": " ",
        "packageSize": "47g",
        "packagePrice": "$0.79 per 10G"
      }
    }
  },
  {
    "id": "masterfoods-garlic-pepper",
    "brand": "MasterFoods",
    "name": "Garlic Pepper",
    "imageUrl": "https://shop.coles.com.au/wcsstore/Coles-CAS/images/3/6/8/368722-th.jpg",
    "categories": ["pantry"],
    "tags": ["herbs-spices", "salt-pepper"],
    "locations": {
      "vic": {
        "price": 3.4,
        "promoText": " ",
        "packageSize": "50g",
        "packagePrice": "$0.68 per 10G"
      }
    }
  },
  {
    "id": "masterfoods-vanilla-sugar",
    "brand": "MasterFoods",
    "name": "Vanilla Sugar",
    "imageUrl": "https://shop.coles.com.au/wcsstore/Coles-CAS/images/3/1/8/318473-th.jpg",
    "categories": ["pantry"],
    "tags": ["herbs-spices", "salt-pepper"],
    "locations": {
      "vic": {
        "price": 2,
        "promoText": " ",
        "packageSize": "65g",
        "packagePrice": "$0.31 per 10G"
      }
    }
  },
  {
    "id": "masterfoods-celery-salt",
    "brand": "MasterFoods",
    "name": "Celery Salt",
    "imageUrl": "https://shop.coles.com.au/wcsstore/Coles-CAS/images/3/1/8/318462-th.jpg",
    "categories": ["pantry"],
    "tags": ["herbs-spices", "salt-pepper"],
    "locations": {
      "vic": {
        "price": 1.85,
        "promoText": " ",
        "packageSize": "57g",
        "packagePrice": "$0.32 per 10G"
      }
    }
  },
  {
    "id": "saxa-natural-sea-salt-flakes",
    "brand": "Saxa",
    "name": "Natural Sea Salt Flakes",
    "imageUrl": "https://shop.coles.com.au/wcsstore/Coles-CAS/images/7/8/9/7890370-th.jpg",
    "categories": ["pantry"],
    "tags": ["herbs-spices", "salt-pepper"],
    "locations": {
      "vic": {
        "price": 8,
        "promoText": " ",
        "packageSize": "200g",
        "packagePrice": "$0.40 per 10G"
      }
    }
  },
  {
    "id": "saxa-pink-himalayan-salt",
    "brand": "Saxa",
    "name": "Pink Himalayan Salt",
    "imageUrl": "https://shop.coles.com.au/wcsstore/Coles-CAS/images/3/2/4/3243723-th.jpg",
    "categories": ["pantry"],
    "tags": ["herbs-spices", "salt-pepper"],
    "locations": {
      "vic": {
        "price": 3,
        "promoText": " ",
        "packageSize": "125g",
        "packagePrice": "$0.24 per 10G"
      }
    }
  },
  {
    "id": "coles-seasoning-cajun-hot",
    "brand": "Coles",
    "name": "Hot Cajun Seasoning",
    "imageUrl": "https://shop.coles.com.au/wcsstore/Coles-CAS/images/8/9/8/8987207-th.jpg",
    "categories": ["pantry"],
    "tags": ["herbs-spices", "salt-pepper"],
    "locations": {
      "vic": {
        "price": 2.4,
        "promoText": " ",
        "packageSize": "42g",
        "packagePrice": "$0.57 per 10G"
      }
    }
  },
  {
    "id": "hoyts-bouquet-garni-4-sachets",
    "brand": "Hoyt's",
    "name": "Bouquet Garni 4 Sachets",
    "imageUrl": "https://shop.coles.com.au/wcsstore/Coles-CAS/images/6/9/1/6919465-th.jpg",
    "categories": ["pantry"],
    "tags": ["herbs-spices", "salt-pepper"],
    "locations": {
      "vic": {
        "price": 1.85,
        "promoText": " ",
        "packageSize": "5g",
        "packagePrice": "$3.70 per 10G"
      }
    }
  },
  {
    "id": "masterfoods-garam-masala",
    "brand": "MasterFoods",
    "name": "Regular Garam Masala",
    "imageUrl": "https://shop.coles.com.au/wcsstore/Coles-CAS/images/3/1/8/318735-th.jpg",
    "categories": ["pantry"],
    "tags": ["herbs-spices", "salt-pepper"],
    "locations": {
      "vic": {
        "price": 2.8,
        "promoText": " ",
        "packageSize": "30g",
        "packagePrice": "$0.93 per 10G"
      }
    }
  },
  {
    "id": "masterfoods-chicken-mild-seasoning",
    "brand": "MasterFoods",
    "name": "Mild Chicken Seasoning",
    "imageUrl": "https://shop.coles.com.au/wcsstore/Coles-CAS/images/5/1/4/5146841-th.jpg",
    "categories": ["pantry"],
    "tags": ["herbs-spices", "salt-pepper"],
    "locations": {
      "vic": {
        "price": 2.5,
        "promoText": " ",
        "packageSize": "49g",
        "packagePrice": "$0.51 per 10G"
      }
    }
  },
  {
    "id": "masterfoods-cajun-seasoning-hot",
    "brand": "MasterFoods",
    "name": "Hot Cajun Seasoning",
    "imageUrl": "https://shop.coles.com.au/wcsstore/Coles-CAS/images/5/4/5/5451823-th.jpg",
    "categories": ["pantry"],
    "tags": ["herbs-spices", "salt-pepper"],
    "locations": {
      "vic": {
        "price": 2.9,
        "promoText": " ",
        "packageSize": "35g",
        "packagePrice": "$0.83 per 10G"
      }
    }
  },
  {
    "id": "part_7235250P",
    "brand": "MasterFoods",
    "name": "Tuscan Seasoning",
    "imageUrl": "https://shop.coles.com.au/wcsstore/Coles-CAS/images/7/2/3/7235250-th.jpg",
    "categories": ["pantry"],
    "tags": ["herbs-spices", "salt-pepper"],
    "locations": {
      "vic": {
        "price": 3.7,
        "promoText": " ",
        "packageSize": "40g",
        "packagePrice": "$0.93 per 10G"
      }
    }
  },
  {
    "id": "masterfoods-chicken-salt-seasoning",
    "brand": "MasterFoods",
    "name": "Chicken Salt Seasoning",
    "imageUrl": "https://shop.coles.com.au/wcsstore/Coles-CAS/images/5/2/2/5221142-th.jpg",
    "categories": ["pantry"],
    "tags": ["herbs-spices", "salt-pepper"],
    "locations": {
      "vic": {
        "price": 2.4,
        "promoText": " ",
        "packageSize": "65g",
        "packagePrice": "$0.37 per 10G"
      }
    }
  },
  {
    "id": "masterfoods-lemon-pepper-seasoning",
    "brand": "MasterFoods",
    "name": "Lemon Pepper Seasoning",
    "imageUrl": "https://shop.coles.com.au/wcsstore/Coles-CAS/images/1/6/3/163923-th.jpg",
    "categories": ["pantry"],
    "tags": ["herbs-spices", "salt-pepper"],
    "locations": {
      "vic": {
        "price": 3.2,
        "promoText": " ",
        "packageSize": "52g",
        "packagePrice": "$0.62 per 10G"
      }
    }
  },
  {
    "id": "mckenzie-s-whole-black-pepper-grinders",
    "brand": "McKenzie's",
    "name": "Whole Black Pepper Grinders",
    "imageUrl": "https://shop.coles.com.au/wcsstore/Coles-CAS/images/3/6/6/3669430-th.jpg",
    "categories": ["pantry"],
    "tags": ["herbs-spices", "salt-pepper"],
    "locations": {
      "vic": {
        "price": 7.5,
        "promoText": " ",
        "packageSize": "200g",
        "packagePrice": "$0.38 per 10G"
      }
    }
  },
  {
    "id": "mitani-salt-chicken",
    "brand": "Mitani",
    "name": "Classic Chicken Salt",
    "imageUrl": "https://shop.coles.com.au/wcsstore/Coles-CAS/images/9/1/0/9104865-th.jpg",
    "categories": ["pantry"],
    "tags": ["herbs-spices", "salt-pepper"],
    "locations": {
      "vic": {
        "price": 3.45,
        "promoText": " ",
        "packageSize": "200g",
        "packagePrice": "$0.17 per 10G"
      }
    }
  },
  {
    "id": "saxa-table-salt-picnic-pack",
    "brand": "Saxa",
    "name": "Table Salt Picnic Pack",
    "imageUrl": "https://shop.coles.com.au/wcsstore/Coles-CAS/images/2/0/6/206185-th.jpg",
    "categories": ["pantry"],
    "tags": ["herbs-spices", "salt-pepper"],
    "locations": {
      "vic": {
        "price": 2,
        "promoText": " ",
        "packageSize": "125g",
        "packagePrice": "$0.16 per 10G"
      }
    }
  },
  {
    "id": "coles-seasoning-moroccon",
    "brand": "Coles",
    "name": "Moroccan Seasoning",
    "imageUrl": "https://shop.coles.com.au/wcsstore/Coles-CAS/images/8/9/8/8989847-th.jpg",
    "categories": ["pantry"],
    "tags": ["herbs-spices", "salt-pepper"],
    "locations": {
      "vic": {
        "price": 2.9,
        "promoText": " ",
        "packageSize": "58g",
        "packagePrice": "$0.50 per 10G"
      }
    }
  },
  {
    "id": "coles-white-sea-salt-flakes",
    "brand": "Coles",
    "name": "Sea Salt Flakes Natural And Unrefined",
    "imageUrl": "https://shop.coles.com.au/wcsstore/Coles-CAS/images/3/0/2/3021051-th.jpg",
    "categories": ["pantry"],
    "tags": ["herbs-spices", "salt-pepper"],
    "locations": {
      "vic": {
        "price": 4.5,
        "promoText": " ",
        "packageSize": "250g",
        "packagePrice": "$18.00 per 1KG"
      }
    }
  },
  {
    "id": "coles-pink-himalayan-fine-salt-3402500p",
    "brand": "Coles",
    "name": "Pink Himalayan Fine Salt",
    "imageUrl": "https://shop.coles.com.au/wcsstore/ColesResponsiveStorefrontAssetStore/dist/ccfc54aed6e361b650bcf0582f7b576b/img/img_product-placeholder.png",
    "categories": ["pantry"],
    "tags": ["herbs-spices", "salt-pepper"],
    "locations": {
      "vic": {
        "price": 4,
        "promoText": " ",
        "packageSize": "750g",
        "packagePrice": "$0.05 per 10G"
      }
    }
  },
  {
    "id": "coles-himalayan-pink-fine-salt-shaker",
    "brand": "Coles",
    "name": "Himalayan Pink Fine Salt Shaker",
    "imageUrl": "https://shop.coles.com.au/wcsstore/Coles-CAS/images/3/7/7/3775959-th.jpg",
    "categories": ["pantry"],
    "tags": ["herbs-spices", "salt-pepper"],
    "locations": {
      "vic": {
        "price": 2.7,
        "promoText": " ",
        "packageSize": "125g",
        "packagePrice": "$0.22 per 10G"
      }
    }
  },
  {
    "id": "hoyts-pepper-mix-four-colour",
    "brand": "Hoyts",
    "name": "Four Colour Pepper Mix",
    "imageUrl": "https://shop.coles.com.au/wcsstore/Coles-CAS/images/9/4/9/9495117-th.jpg",
    "categories": ["pantry"],
    "tags": ["herbs-spices", "salt-pepper"],
    "locations": {
      "vic": {
        "price": 3.9,
        "promoText": " ",
        "packageSize": "50g",
        "packagePrice": "$7.80 per 100G"
      }
    }
  },
  {
    "id": "maldon-sea-salt-grinder",
    "brand": "Maldon",
    "name": "Sea Salt Grinder",
    "imageUrl": "https://shop.coles.com.au/wcsstore/Coles-CAS/images/3/2/1/3218930-th.jpg",
    "categories": ["pantry"],
    "tags": ["herbs-spices", "salt-pepper"],
    "locations": {
      "vic": {
        "price": 8,
        "promoText": " ",
        "packageSize": "55g",
        "packagePrice": "$1.45 per 10G"
      }
    }
  },
  {
    "id": "masterfoods-onion-salt",
    "brand": "MasterFoods",
    "name": "Onion Salt",
    "imageUrl": "https://shop.coles.com.au/wcsstore/Coles-CAS/images/8/5/6/8566297-th.jpg",
    "categories": ["pantry"],
    "tags": ["herbs-spices", "salt-pepper"],
    "locations": {
      "vic": {
        "price": 3.5,
        "promoText": " ",
        "packageSize": "178g",
        "packagePrice": "$1.97 per 100G"
      }
    }
  },
  {
    "id": "masterfoods-seasoning-all-purpose-garlic",
    "brand": "MasterFoods",
    "name": "All Purpose Garlic Seasoning",
    "imageUrl": "https://shop.coles.com.au/wcsstore/Coles-CAS/images/7/8/4/7841727-th.jpg",
    "categories": ["pantry"],
    "tags": ["herbs-spices", "salt-pepper"],
    "locations": {
      "vic": {
        "price": 3,
        "promoText": " ",
        "packageSize": "50g",
        "packagePrice": "$0.60 per 10G"
      }
    }
  },
  {
    "id": "masterfoods-seasoning-lemon-herb-garlic",
    "brand": "MasterFoods",
    "name": "Lemon Herb & Garlic Seasoning",
    "imageUrl": "https://shop.coles.com.au/wcsstore/Coles-CAS/images/7/8/4/7842220-th.jpg",
    "categories": ["pantry"],
    "tags": ["herbs-spices", "salt-pepper"],
    "locations": {
      "vic": {
        "price": 3.2,
        "promoText": " ",
        "packageSize": "46g",
        "packagePrice": "$0.70 per 10G"
      }
    }
  },
  {
    "id": "masterfoods-seasoning-all-purpose-spicy",
    "brand": "MasterFoods",
    "name": "All Purpose Spicy Seasoning",
    "imageUrl": "https://shop.coles.com.au/wcsstore/Coles-CAS/images/7/8/4/7841807-th.jpg",
    "categories": ["pantry"],
    "tags": ["herbs-spices", "salt-pepper"],
    "locations": {
      "vic": {
        "price": 5.3,
        "promoText": " ",
        "packageSize": "190g",
        "packagePrice": "$0.28 per 10G"
      }
    }
  },
  {
    "id": "masterfoods-seasoning-all-purpose-pepper",
    "brand": "MasterFoods",
    "name": "All Purpose Pepper Seasoning",
    "imageUrl": "https://shop.coles.com.au/wcsstore/Coles-CAS/images/7/8/4/7841738-th.jpg",
    "categories": ["pantry"],
    "tags": ["herbs-spices", "salt-pepper"],
    "locations": {
      "vic": {
        "price": 3,
        "promoText": " ",
        "packageSize": "50g",
        "packagePrice": "$0.60 per 10G"
      }
    }
  },
  {
    "id": "masterfoods-thai-seasoning",
    "brand": "MasterFoods",
    "name": "Thai Seasoning",
    "imageUrl": "https://shop.coles.com.au/wcsstore/Coles-CAS/images/7/2/3/7236082-th.jpg",
    "categories": ["pantry"],
    "tags": ["herbs-spices", "salt-pepper"],
    "locations": {
      "vic": {
        "price": 3.55,
        "promoText": " ",
        "packageSize": "35g",
        "packagePrice": "$1.01 per 10G"
      }
    }
  },
  {
    "id": "masterfoods-pepper-steak-seasoning",
    "brand": "MasterFoods",
    "name": "Medium Pepper Steak Seasoning",
    "imageUrl": "https://shop.coles.com.au/wcsstore/Coles-CAS/images/6/8/3/6835558-th.jpg",
    "categories": ["pantry"],
    "tags": ["herbs-spices", "salt-pepper"],
    "locations": {
      "vic": {
        "price": 3.35,
        "promoText": " ",
        "packageSize": "35g",
        "packagePrice": "$0.96 per 10G"
      }
    }
  },
  {
    "id": "masterfoods-garlic-steak-seasoning",
    "brand": "MasterFoods",
    "name": "Garlic Steak Seasoning",
    "imageUrl": "https://shop.coles.com.au/wcsstore/Coles-CAS/images/6/8/3/6837509-th.jpg",
    "categories": ["pantry"],
    "tags": ["herbs-spices", "salt-pepper"],
    "locations": {
      "vic": {
        "price": 3.4,
        "promoText": " ",
        "packageSize": "50g",
        "packagePrice": "$0.68 per 10G"
      }
    }
  },
  {
    "id": "masterfoods-roast-chicken-seasoning",
    "brand": "MasterFoods",
    "name": "Roast Chicken Seasoning",
    "imageUrl": "https://shop.coles.com.au/wcsstore/Coles-CAS/images/5/4/4/5448647-th.jpg",
    "categories": ["pantry"],
    "tags": ["herbs-spices", "salt-pepper"],
    "locations": {
      "vic": {
        "price": 3.4,
        "promoText": " ",
        "packageSize": "41g",
        "packagePrice": "$8.29 per 100G"
      }
    }
  },
  {
    "id": "masterfoods-hot-cajun-seasoning",
    "brand": "MasterFoods",
    "name": "Family Hot Cajun Seasoning",
    "imageUrl": "https://shop.coles.com.au/wcsstore/Coles-CAS/images/5/7/3/5735751-th.jpg",
    "categories": ["pantry"],
    "tags": ["herbs-spices", "salt-pepper"],
    "locations": {
      "vic": {
        "price": 7.4,
        "promoText": " ",
        "packageSize": "115g",
        "packagePrice": "$0.64 per 10G"
      }
    }
  },
  {
    "id": "masterfoods-roast-lamb-seasoning",
    "brand": "MasterFoods",
    "name": "Roast Lamb Seasoning",
    "imageUrl": "https://shop.coles.com.au/wcsstore/Coles-CAS/images/5/4/4/5448625-th.jpg",
    "categories": ["pantry"],
    "tags": ["herbs-spices", "salt-pepper"],
    "locations": {
      "vic": {
        "price": 3.25,
        "promoText": " ",
        "packageSize": "42g",
        "packagePrice": "$0.77 per 10G"
      }
    }
  },
  {
    "id": "masterfoods-tuscan-seasoning-5245752p",
    "brand": "MasterFoods",
    "name": "Tuscan Seasoning",
    "imageUrl": "https://shop.coles.com.au/wcsstore/Coles-CAS/images/5/2/4/5245752-th.jpg",
    "categories": ["pantry"],
    "tags": ["herbs-spices", "salt-pepper"],
    "locations": {
      "vic": {
        "price": 6.3,
        "promoText": " ",
        "packageSize": "155g",
        "packagePrice": "$0.41 per 10G"
      }
    }
  },
  {
    "id": "masterfoods-steak-seasoning",
    "brand": "MasterFoods",
    "name": "Steak Seasoning",
    "imageUrl": "https://shop.coles.com.au/wcsstore/Coles-CAS/images/3/6/8/368733-th.jpg",
    "categories": ["pantry"],
    "tags": ["herbs-spices", "salt-pepper"],
    "locations": {
      "vic": {
        "price": 3,
        "promoText": " ",
        "packageSize": "45g",
        "packagePrice": "$0.67 per 10G"
      }
    }
  },
  {
    "id": "masterfoods-family-all-purpose-seasoning-seasoned-salt",
    "brand": "MasterFoods",
    "name": "All Purpose Seasoning",
    "imageUrl": "https://shop.coles.com.au/wcsstore/Coles-CAS/images/3/6/8/368813-th.jpg",
    "categories": ["pantry"],
    "tags": ["herbs-spices", "salt-pepper"],
    "locations": {
      "vic": {
        "price": 5.7,
        "promoText": " ",
        "packageSize": "200g",
        "packagePrice": "$0.29 per 10G"
      }
    }
  },
  {
    "id": "masterfoods-lemon-pepper-317007p",
    "brand": "MasterFoods",
    "name": "Lemon Pepper Seasoning",
    "imageUrl": "https://shop.coles.com.au/wcsstore/Coles-CAS/images/3/1/7/317007-th.jpg",
    "categories": ["pantry"],
    "tags": ["herbs-spices", "salt-pepper"],
    "locations": {
      "vic": {
        "price": 4.9,
        "promoText": " ",
        "packageSize": "170g",
        "packagePrice": "$0.29 per 10G"
      }
    }
  },
  {
    "id": "masterfoods-spaghetti-bolognaise-seasoning",
    "brand": "MasterFoods",
    "name": "Spaghetti Bolognese Herbs",
    "imageUrl": "https://shop.coles.com.au/wcsstore/Coles-CAS/images/1/0/6/10693-th.jpg",
    "categories": ["pantry"],
    "tags": ["herbs-spices", "salt-pepper"],
    "locations": {
      "vic": {
        "price": 6,
        "promoText": " ",
        "packageSize": "40g",
        "packagePrice": "$1.50 per 10G"
      }
    }
  },
  {
    "id": "masterfoods-portuguese-chicken-seasoning",
    "brand": "MasterFoods",
    "name": "Portuguese Chicken Seasoning",
    "imageUrl": "https://shop.coles.com.au/wcsstore/Coles-CAS/images/9/7/5/9756119-th.jpg",
    "categories": ["pantry"],
    "tags": ["herbs-spices", "salt-pepper"],
    "locations": {
      "vic": {
        "price": 3.55,
        "promoText": " ",
        "packageSize": "50g",
        "packagePrice": "$0.71 per 10G"
      }
    }
  },
  {
    "id": "masterfoods-lemon-pepper-seasoning-(no-salt)",
    "brand": "MasterFoods",
    "name": "Lemon Pepper Seasoning No Added Salt",
    "imageUrl": "https://shop.coles.com.au/wcsstore/Coles-CAS/images/9/7/5/9755750-th.jpg",
    "categories": ["pantry"],
    "tags": ["herbs-spices", "salt-pepper"],
    "locations": {
      "vic": {
        "price": 3.45,
        "promoText": " ",
        "packageSize": "50g",
        "packagePrice": "$0.69 per 10G"
      }
    }
  },
  {
    "id": "masterfoods-roast-vegetable-seasoning",
    "brand": "MasterFoods",
    "name": "Roast Vegetable Seasoning",
    "imageUrl": "https://shop.coles.com.au/wcsstore/Coles-CAS/images/9/7/5/9755160-th.jpg",
    "categories": ["pantry"],
    "tags": ["herbs-spices", "salt-pepper"],
    "locations": {
      "vic": {
        "price": 2.85,
        "promoText": " ",
        "packageSize": "38g",
        "packagePrice": "$0.75 per 10G"
      }
    }
  },
  {
    "id": "masterfoods-garlic-herb-seasoning-no-added-salt",
    "brand": "MasterFoods",
    "name": "Garlic & Herb No Added Salt Seasoning",
    "imageUrl": "https://shop.coles.com.au/wcsstore/Coles-CAS/images/9/5/8/9581660-th.jpg",
    "categories": ["pantry"],
    "tags": ["herbs-spices", "salt-pepper"],
    "locations": {
      "vic": {
        "price": 2.9,
        "promoText": " ",
        "packageSize": "37g",
        "packagePrice": "$0.78 per 10G"
      }
    }
  },
  {
    "id": "part_316150P",
    "brand": "MasterFoods",
    "name": "All Purpose Seasoning",
    "imageUrl": "https://shop.coles.com.au/wcsstore/Coles-CAS/images/3/1/6/316150-th.jpg",
    "categories": ["pantry"],
    "tags": ["herbs-spices", "salt-pepper"],
    "locations": {
      "vic": {
        "price": 2.35,
        "promoText": " ",
        "packageSize": "65g",
        "packagePrice": "$0.36 per 10G"
      }
    }
  },
  {
    "id": "nandos-peri-peri-salt",
    "brand": "Nando's",
    "name": "Peri Peri Salt",
    "imageUrl": "https://shop.coles.com.au/wcsstore/Coles-CAS/images/3/2/1/3219682-th.jpg",
    "categories": ["pantry"],
    "tags": ["herbs-spices", "salt-pepper"],
    "locations": {
      "vic": {
        "price": 4,
        "promoText": " ",
        "packageSize": "50g",
        "packagePrice": "$80.00 per 1Kg"
      }
    }
  },
  {
    "id": "outback-spirit-tasmanian-pepper-salt",
    "brand": "Outback Spirit",
    "name": "Tasmanian Pepper Salt",
    "imageUrl": "https://shop.coles.com.au/wcsstore/Coles-CAS/images/2/4/8/2483732-th.jpg",
    "categories": ["pantry"],
    "tags": ["herbs-spices", "salt-pepper"],
    "locations": {
      "vic": {
        "price": 4.3,
        "promoText": " ",
        "packageSize": "150g",
        "packagePrice": "$0.29 per 10G"
      }
    }
  },
  {
    "id": "saxa-iodised-sea-salt-flakes",
    "brand": "Saxa",
    "name": "Iodised Sea Salt Flakes",
    "imageUrl": "https://shop.coles.com.au/wcsstore/Coles-CAS/images/7/8/9/7890380-th.jpg",
    "categories": ["pantry"],
    "tags": ["herbs-spices", "salt-pepper"],
    "locations": {
      "vic": {
        "price": 8,
        "promoText": " ",
        "packageSize": "200g",
        "packagePrice": "$0.40 per 10G"
      }
    }
  },
  {
    "id": "saxa-salt-flakes",
    "brand": "Saxa",
    "name": "Pink Himalayan Salt Flakes",
    "imageUrl": "https://shop.coles.com.au/wcsstore/Coles-CAS/images/2/8/6/2863970-th.jpg",
    "categories": ["pantry"],
    "tags": ["herbs-spices", "salt-pepper"],
    "locations": {
      "vic": {
        "price": 6,
        "promoText": " ",
        "packageSize": "95g",
        "packagePrice": "$0.63 per 10G"
      }
    }
  },
  {
    "id": "old-el-paso-taco-seasoning-mix",
    "brand": "Old El Paso",
    "name": "Spice Mix For Tacos Mild",
    "imageUrl": "https://shop.coles.com.au/wcsstore/Coles-CAS/images/2/9/1/291377-th.jpg",
    "categories": ["pantry"],
    "tags": ["herbs-spices", "marinades-seasonings"],
    "locations": {
      "vic": {
        "price": 2,
        "promoText": " ",
        "packageSize": "30g",
        "packagePrice": "$0.67 per 10G"
      }
    }
  },
  {
    "id": "old-el-paso-seasoning-mix-crispy-chicken",
    "brand": "Old El Paso",
    "name": "Spice Mix For Soft Tacos Mild",
    "imageUrl": "https://shop.coles.com.au/wcsstore/Coles-CAS/images/7/9/6/7962481-th.jpg",
    "categories": ["pantry"],
    "tags": ["herbs-spices", "marinades-seasonings"],
    "locations": {
      "vic": {
        "price": 2,
        "promoText": " ",
        "packageSize": "35g",
        "packagePrice": "$0.57 per 10G"
      }
    }
  },
  {
    "id": "old-el-paso-taco-seasoning-mix-salt-reduced",
    "brand": "Old El Paso",
    "name": "Reduced Salt Spice Mix Taco Mild",
    "imageUrl": "https://shop.coles.com.au/wcsstore/Coles-CAS/images/5/3/2/5322591-th.jpg",
    "categories": ["pantry"],
    "tags": ["herbs-spices", "marinades-seasonings"],
    "locations": {
      "vic": {
        "price": 2,
        "promoText": " ",
        "packageSize": "30g",
        "packagePrice": "$0.67 per 10G"
      }
    }
  },
  {
    "id": "old-el-paso-chilli-seasoning-mix",
    "brand": "Old El Paso",
    "name": "Spice Mix For Chili Medium",
    "imageUrl": "https://shop.coles.com.au/wcsstore/Coles-CAS/images/2/9/1/291388-th.jpg",
    "categories": ["pantry"],
    "tags": ["herbs-spices", "marinades-seasonings"],
    "locations": {
      "vic": {
        "price": 2,
        "promoText": " ",
        "packageSize": "35g",
        "packagePrice": "$0.57 per 10G"
      }
    }
  },
  {
    "id": "old-el-paso-guacamole-seasoning-spice",
    "brand": "Old El Paso",
    "name": "Spice Mix For Guacamole Mild",
    "imageUrl": "https://shop.coles.com.au/wcsstore/Coles-CAS/images/2/9/2/2926990-th.jpg",
    "categories": ["pantry"],
    "tags": ["herbs-spices", "marinades-seasonings"],
    "locations": {
      "vic": {
        "price": 2,
        "promoText": " ",
        "packageSize": "30g",
        "packagePrice": "$0.67 per 10G"
      }
    }
  },
  {
    "id": "masterfoods-schnitzel-mix-classic",
    "brand": "MasterFoods",
    "name": "Schnitzel Mix Classic",
    "imageUrl": "https://shop.coles.com.au/wcsstore/Coles-CAS/images/3/2/2/3220794-th.jpg",
    "categories": ["pantry"],
    "tags": ["herbs-spices", "marinades-seasonings"],
    "locations": {
      "vic": {
        "price": 2,
        "promoText": "$0.50 ",
        "packageSize": "80g",
        "packagePrice": "$25.00 per 1KG"
      }
    }
  },
  {
    "id": "old-el-paso-fajita-seasoning-mix",
    "brand": "Old El Paso",
    "name": "Spice Mix For Fajitas Mild",
    "imageUrl": "https://shop.coles.com.au/wcsstore/Coles-CAS/images/5/0/6/5066050-th.jpg",
    "categories": ["pantry"],
    "tags": ["herbs-spices", "marinades-seasonings"],
    "locations": {
      "vic": {
        "price": 2,
        "promoText": " ",
        "packageSize": "40g",
        "packagePrice": "$0.50 per 10G"
      }
    }
  },
  {
    "id": "masterfoods-rub-spicy-jerk",
    "brand": "MasterFoods",
    "name": "Jamaican Style Spicy Jerk Rub",
    "imageUrl": "https://shop.coles.com.au/wcsstore/Coles-CAS/images/3/3/2/3320493-th.jpg",
    "categories": ["pantry"],
    "tags": ["herbs-spices", "marinades-seasonings"],
    "locations": {
      "vic": {
        "price": 3.5,
        "promoText": "$1.00 ",
        "packageSize": "145g",
        "packagePrice": "$0.24 per 10G"
      }
    }
  },
  {
    "id": "old-el-paso-burrito-seasoning-mix",
    "brand": "Old El Paso",
    "name": "Spice Mix For Burritos Mild",
    "imageUrl": "https://shop.coles.com.au/wcsstore/Coles-CAS/images/6/0/4/6048848-th.jpg",
    "categories": ["pantry"],
    "tags": ["herbs-spices", "marinades-seasonings"],
    "locations": {
      "vic": {
        "price": 2,
        "promoText": " ",
        "packageSize": "40g",
        "packagePrice": "$5.00 per 100G"
      }
    }
  },
  {
    "id": "old-el-paso-spice-mix-nachos",
    "brand": "Old El Paso",
    "name": "Spice Mix Nachos",
    "imageUrl": "https://shop.coles.com.au/wcsstore/Coles-CAS/images/3/7/5/3750700-th.jpg",
    "categories": ["pantry"],
    "tags": ["herbs-spices", "marinades-seasonings"],
    "locations": {
      "vic": {
        "price": 2,
        "promoText": " ",
        "packageSize": "35g",
        "packagePrice": "$5.71 per 100G"
      }
    }
  },
  {
    "id": "masterfoods-taco-seasoning",
    "brand": "MasterFoods",
    "name": "Taco Seasoning",
    "imageUrl": "https://shop.coles.com.au/wcsstore/Coles-CAS/images/2/4/7/2473193-th.jpg",
    "categories": ["pantry"],
    "tags": ["herbs-spices", "marinades-seasonings"],
    "locations": {
      "vic": {
        "price": 5.25,
        "promoText": " ",
        "packageSize": "143g",
        "packagePrice": "$0.37 per 10G"
      }
    }
  },
  {
    "id": "masterfoods-schnitzel-mix-garlic-and-herb",
    "brand": "MasterFoods",
    "name": "Garlic And Herb Schnitzel Mix",
    "imageUrl": "https://shop.coles.com.au/wcsstore/Coles-CAS/images/3/2/2/3220783-th.jpg",
    "categories": ["pantry"],
    "tags": ["herbs-spices", "marinades-seasonings"],
    "locations": {
      "vic": {
        "price": 2,
        "promoText": "$0.50 ",
        "packageSize": "80g",
        "packagePrice": "$0.25 per 10G"
      }
    }
  },
  {
    "id": "masterfoods-garlic-freshly-crushed",
    "brand": "MasterFoods",
    "name": "Finely Crushed Garlic",
    "imageUrl": "https://shop.coles.com.au/wcsstore/Coles-CAS/images/6/0/2/6027101-th.jpg",
    "categories": ["pantry"],
    "tags": ["herbs-spices", "wet-herbs-spices"],
    "locations": {
      "vic": {
        "price": 3,
        "promoText": " ",
        "packageSize": "170g",
        "packagePrice": "$0.18 per 10G"
      }
    }
  },
  {
    "id": "coles-garlic-minced",
    "brand": "Coles",
    "name": "Minced Garlic",
    "imageUrl": "https://shop.coles.com.au/wcsstore/Coles-CAS/images/5/4/9/5493277-th.jpg",
    "categories": ["pantry"],
    "tags": ["herbs-spices", "wet-herbs-spices"],
    "locations": {
      "vic": {
        "price": 1.25,
        "promoText": " ",
        "packageSize": "250g",
        "packagePrice": "$0.05 per 10G"
      }
    }
  },
  {
    "id": "masterfoods-ginger-chopped",
    "brand": "MasterFoods",
    "name": "Freshly Grated Ginger",
    "imageUrl": "https://shop.coles.com.au/wcsstore/Coles-CAS/images/6/0/2/6027123-th.jpg",
    "categories": ["pantry"],
    "tags": ["herbs-spices", "wet-herbs-spices"],
    "locations": {
      "vic": {
        "price": 3,
        "promoText": " ",
        "packageSize": "160g",
        "packagePrice": "$0.19 per 10G"
      }
    }
  },
  {
    "id": "coles-ginger-crushed",
    "brand": "Coles",
    "name": "Crushed Ginger",
    "imageUrl": "https://shop.coles.com.au/wcsstore/Coles-CAS/images/7/0/1/7010895-th.jpg",
    "categories": ["pantry"],
    "tags": ["herbs-spices", "wet-herbs-spices"],
    "locations": {
      "vic": {
        "price": 2.8,
        "promoText": " ",
        "packageSize": "230g",
        "packagePrice": "$0.12 per 10G"
      }
    }
  },
  {
    "id": "masterfoods-chilli-freshly-chopped",
    "brand": "MasterFoods",
    "name": "Freshly Chopped Chilli",
    "imageUrl": "https://shop.coles.com.au/wcsstore/Coles-CAS/images/6/0/2/6027134-th.jpg",
    "categories": ["pantry"],
    "tags": ["herbs-spices", "wet-herbs-spices"],
    "locations": {
      "vic": {
        "price": 3,
        "promoText": " ",
        "packageSize": "160g",
        "packagePrice": "$0.19 per 10G"
      }
    }
  },
  {
    "id": "le-phare-du-cap-bon-harissa",
    "brand": "Le Phare Du Cap Bon",
    "name": "Harissa",
    "imageUrl": "https://shop.coles.com.au/wcsstore/Coles-CAS/images/3/2/1/3219208-th.jpg",
    "categories": ["pantry"],
    "tags": ["herbs-spices", "wet-herbs-spices"],
    "locations": {
      "vic": {
        "price": 2.6,
        "promoText": " ",
        "packageSize": "70g",
        "packagePrice": "$0.37 per 10G"
      }
    }
  },
  {
    "id": "coles-chilli-crushed",
    "brand": "Coles",
    "name": "Crushed Chilli",
    "imageUrl": "https://shop.coles.com.au/wcsstore/Coles-CAS/images/7/0/1/7010807-th.jpg",
    "categories": ["pantry"],
    "tags": ["herbs-spices", "wet-herbs-spices"],
    "locations": {
      "vic": {
        "price": 2.8,
        "promoText": " ",
        "packageSize": "230g",
        "packagePrice": "$0.12 per 10G"
      }
    }
  },
  {
    "id": "masterfoods-garlic-onion",
    "brand": "MasterFoods",
    "name": "Garlic & Onion With Italian Herbs",
    "imageUrl": "https://shop.coles.com.au/wcsstore/Coles-CAS/images/3/2/2/3220251-th.jpg",
    "categories": ["pantry"],
    "tags": ["herbs-spices", "wet-herbs-spices"],
    "locations": {
      "vic": {
        "price": 3,
        "promoText": " ",
        "packageSize": "170g",
        "packagePrice": "$0.18 per 10G"
      }
    }
  },
  {
    "id": "masterfoods-garlic-rosemary",
    "brand": "MasterFoods",
    "name": "Garlic & Rosemary",
    "imageUrl": "https://shop.coles.com.au/wcsstore/Coles-CAS/images/3/2/2/3220240-th.jpg",
    "categories": ["pantry"],
    "tags": ["herbs-spices", "wet-herbs-spices"],
    "locations": {
      "vic": {
        "price": 3.15,
        "promoText": " ",
        "packageSize": "170g",
        "packagePrice": "$0.19 per 10G"
      }
    }
  },
  {
    "id": "the-food-company-chopped-garlic",
    "brand": "The Food Company",
    "name": "Chopped Garlic",
    "imageUrl": "https://shop.coles.com.au/wcsstore/Coles-CAS/images/3/2/1/3219230-th.jpg",
    "categories": ["pantry"],
    "tags": ["herbs-spices", "wet-herbs-spices"],
    "locations": {
      "vic": {
        "price": 5,
        "promoText": " ",
        "packageSize": "375g",
        "packagePrice": "$0.13 per 10G"
      }
    }
  },
  {
    "id": "coles-minced-garlic",
    "brand": "Coles",
    "name": "Minced Garlic",
    "imageUrl": "https://shop.coles.com.au/wcsstore/Coles-CAS/images/3/7/6/3765423-th.jpg",
    "categories": ["pantry"],
    "tags": ["herbs-spices", "wet-herbs-spices"],
    "locations": {
      "vic": {
        "price": 2.4,
        "promoText": " ",
        "packageSize": "500g",
        "packagePrice": "$0.05 per 10G"
      }
    }
  },
  {
    "id": "gourmet-garden-lightly-dried-basil-pot",
    "brand": "Gourmet Garden",
    "name": "Lightly Dried Basil",
    "imageUrl": "https://shop.coles.com.au/wcsstore/Coles-CAS/images/2/9/9/2997944-th.jpg",
    "categories": ["pantry"],
    "tags": ["herbs-spices", "fresh-herbs"],
    "locations": {
      "vic": {
        "price": 3.5,
        "promoText": " ",
        "packageSize": "10g",
        "packagePrice": "$3.50 per 10G"
      }
    }
  },
  {
    "id": "gourmet-garden-lightly-dried-parsley-pot",
    "brand": "Gourmet Garden",
    "name": "Lightly Dried Parsley Prepacked",
    "imageUrl": "https://shop.coles.com.au/wcsstore/Coles-CAS/images/2/9/9/2999327-th.jpg",
    "categories": ["pantry"],
    "tags": ["herbs-spices", "fresh-herbs"],
    "locations": {
      "vic": {
        "price": 3.5,
        "promoText": " ",
        "packageSize": "8g",
        "packagePrice": "$4.38 per 10G"
      }
    }
  },
  {
    "id": "gourmet-garden-lightly-dried-coriander-pot-2999258p",
    "brand": "Gourmet Garden",
    "name": "Lightly Dried Coriander",
    "imageUrl": "https://shop.coles.com.au/wcsstore/Coles-CAS/images/2/9/9/2999258-th.jpg",
    "categories": ["pantry"],
    "tags": ["herbs-spices", "fresh-herbs"],
    "locations": {
      "vic": {
        "price": 3.5,
        "promoText": " ",
        "packageSize": "8g",
        "packagePrice": "$4.38 per 10G"
      }
    }
  },
  {
    "id": "cs-coles-coriander-punnet",
    "brand": "Coles",
    "name": "Coriander Punnet",
    "imageUrl": "https://shop.coles.com.au/wcsstore/Coles-CAS/images/3/2/1/3214612-th.jpg",
    "categories": ["pantry"],
    "tags": ["herbs-spices", "fresh-herbs"],
    "locations": {
      "vic": {
        "price": 3,
        "promoText": "Any 2 $5",
        "packageSize": "15g",
        "packagePrice": "$2.00 per 10G"
      }
    }
  },
  {
    "id": "cs-coles-basil-punnet",
    "brand": "Coles",
    "name": "Basil Punnet",
    "imageUrl": "https://shop.coles.com.au/wcsstore/Coles-CAS/images/3/2/1/3214521-th.jpg",
    "categories": ["pantry"],
    "tags": ["herbs-spices", "fresh-herbs"],
    "locations": {
      "vic": {
        "price": 3,
        "promoText": "Any 2 $5",
        "packageSize": "15g",
        "packagePrice": "$2.00 per 10G"
      }
    }
  },
  {
    "id": "cs-coles-mint-punnet",
    "brand": "Coles",
    "name": "Mint Punnet",
    "imageUrl": "https://shop.coles.com.au/wcsstore/Coles-CAS/images/3/2/1/3214725-th.jpg",
    "categories": ["pantry"],
    "tags": ["herbs-spices", "fresh-herbs"],
    "locations": {
      "vic": {
        "price": 3,
        "promoText": "Any 2 $5",
        "packageSize": "15g",
        "packagePrice": "$2.00 per 10G"
      }
    }
  },
  {
    "id": "gourmet-garden-lightly-dried-chives-pot",
    "brand": "Gourmet Garden",
    "name": "Lightly Dried Chives",
    "imageUrl": "https://shop.coles.com.au/wcsstore/Coles-CAS/images/2/9/9/2999316-th.jpg",
    "categories": ["pantry"],
    "tags": ["herbs-spices", "fresh-herbs"],
    "locations": {
      "vic": {
        "price": 3.5,
        "promoText": " ",
        "packageSize": "4g",
        "packagePrice": "$8.75 per 10G"
      }
    }
  },
  {
    "id": "gourmet-garden-lightly-dried-chilli-pot",
    "brand": "Gourmet Garden",
    "name": "Lightly Dried Chilli",
    "imageUrl": "https://shop.coles.com.au/wcsstore/Coles-CAS/images/2/9/9/2999214-th.jpg",
    "categories": ["pantry"],
    "tags": ["herbs-spices", "fresh-herbs"],
    "locations": {
      "vic": {
        "price": 3.5,
        "promoText": " ",
        "packageSize": "10g",
        "packagePrice": "$3.50 per 10G"
      }
    }
  },
  {
    "id": "gourmet-garden-lightly-dried-mixed-herb-pot",
    "brand": "Gourmet Garden",
    "name": "Lightly Dried Mixed Herbs Prepacked",
    "imageUrl": "https://shop.coles.com.au/wcsstore/Coles-CAS/images/2/9/9/2997999-th.jpg",
    "categories": ["pantry"],
    "tags": ["herbs-spices", "fresh-herbs"],
    "locations": {
      "vic": {
        "price": 3.5,
        "promoText": " ",
        "packageSize": "8g",
        "packagePrice": "$4.38 per 10G"
      }
    }
  },
  {
    "id": "gourmet-garden-lightly-dried-garlic-3307848p",
    "brand": "Gourmet Garden",
    "name": "Lightly Dried Garlic",
    "imageUrl": "https://shop.coles.com.au/wcsstore/Coles-CAS/images/3/3/0/3307848-th.jpg",
    "categories": ["pantry"],
    "tags": ["herbs-spices", "fresh-herbs"],
    "locations": {
      "vic": {
        "price": 3.5,
        "promoText": " ",
        "packageSize": "10g",
        "packagePrice": "$3.50 per 10G"
      }
    }
  },
  {
    "id": "buontempo-rice-pasta-spirals-gluten-free",
    "brand": "Buontempo",
    "name": "Gluten Free Spirals Pasta",
    "imageUrl": "https://shop.coles.com.au/wcsstore/Coles-CAS/images/7/2/4/7248944-th.jpg",
    "categories": ["pantry"],
    "tags": ["health-fods", "healthy-coking"],
    "locations": {
      "vic": {
        "price": 3.4,
        "promoText": " ",
        "packageSize": "500g",
        "packagePrice": "$0.68 per 100G"
      }
    }
  },
  {
    "id": "buontempo-rice-pasta-penne-gluten-free",
    "brand": "Buontempo",
    "name": "Gluten Free Penne Pasta",
    "imageUrl": "https://shop.coles.com.au/wcsstore/Coles-CAS/images/7/2/4/7248955-th.jpg",
    "categories": ["pantry"],
    "tags": ["health-fods", "healthy-coking"],
    "locations": {
      "vic": {
        "price": 3.4,
        "promoText": " ",
        "packageSize": "500g",
        "packagePrice": "$0.68 per 100G"
      }
    }
  },
  {
    "id": "slendier-slim-rice-konjac",
    "brand": "Slendier",
    "name": "Rice Style Konjac",
    "imageUrl": "https://shop.coles.com.au/wcsstore/Coles-CAS/images/1/4/6/1463194-th.jpg",
    "categories": ["pantry"],
    "tags": ["health-fods", "healthy-coking"],
    "locations": {
      "vic": {
        "price": 3.9,
        "promoText": " ",
        "packageSize": "400g",
        "packagePrice": "$0.98 per 100G"
      }
    }
  },
  {
    "id": "coles-chia-seeds-black",
    "brand": "Wellness Road",
    "name": "Black Chia Seeds",
    "imageUrl": "https://shop.coles.com.au/wcsstore/Coles-CAS/images/1/4/3/1436271-th.jpg",
    "categories": ["pantry"],
    "tags": ["health-fods", "healthy-coking"],
    "locations": {
      "vic": {
        "price": 5.5,
        "promoText": "Was $8.00 on Sep 2018 ",
        "packageSize": "300g",
        "packagePrice": "$1.83 per 100G"
      }
    }
  },
  {
    "id": "coles-chia-seeds-white",
    "brand": "Wellness Road",
    "name": "White Chia Seeds",
    "imageUrl": "https://shop.coles.com.au/wcsstore/Coles-CAS/images/1/4/3/1436282-th.jpg",
    "categories": ["pantry"],
    "tags": ["health-fods", "healthy-coking"],
    "locations": {
      "vic": {
        "price": 5.5,
        "promoText": "Was $8.00 on Sep 2018 ",
        "packageSize": "300g",
        "packagePrice": "$1.83 per 100G"
      }
    }
  },
  {
    "id": "coles-simply-gluten-free-banana-bread-mix",
    "brand": "Coles",
    "name": "Banana Bread Mix",
    "imageUrl": "https://shop.coles.com.au/wcsstore/Coles-CAS/images/1/2/5/1252166-th.jpg",
    "categories": ["pantry"],
    "tags": ["health-fods", "healthy-coking"],
    "locations": {
      "vic": {
        "price": 3.4,
        "promoText": " ",
        "packageSize": "400g",
        "packagePrice": "$0.85 per 100G"
      }
    }
  },
  {
    "id": "orgran-flour-self-raising-gluten-wheat-free",
    "brand": "Orgran",
    "name": "Gluten Free Self Raising Flour",
    "imageUrl": "https://shop.coles.com.au/wcsstore/Coles-CAS/images/8/9/0/8907252-th.jpg",
    "categories": ["pantry"],
    "tags": ["health-fods", "healthy-coking"],
    "locations": {
      "vic": {
        "price": 3.4,
        "promoText": " ",
        "packageSize": "500g",
        "packagePrice": "$6.80 per 1Kg"
      }
    }
  },
  {
    "id": "coles-simply-gluten-free-plain-flour",
    "brand": "I'm Free From",
    "name": "Plain Flour Gluten Free",
    "imageUrl": "https://shop.coles.com.au/wcsstore/Coles-CAS/images/2/4/7/2478197-th.jpg",
    "categories": ["pantry"],
    "tags": ["health-fods", "healthy-coking"],
    "locations": {
      "vic": {
        "price": 2.7,
        "promoText": " ",
        "packageSize": "500g",
        "packagePrice": "$5.40 per 1Kg"
      }
    }
  },
  {
    "id": "red-tractor-organic-gluten-free-organic-cacao-powder",
    "brand": "Red Tractor",
    "name": "Organic Cacao Powder",
    "imageUrl": "https://shop.coles.com.au/wcsstore/Coles-CAS/images/2/8/9/2898567-th.jpg",
    "categories": ["pantry"],
    "tags": ["health-fods", "healthy-coking"],
    "locations": {
      "vic": {
        "price": 8,
        "promoText": "$2.00 ",
        "packageSize": "300g",
        "packagePrice": "$26.67 per 1Kg"
      }
    }
  },
  {
    "id": "the-chia-co-chia-seed",
    "brand": "The Chia Co",
    "name": "Black Chia Seeds",
    "imageUrl": "https://shop.coles.com.au/wcsstore/Coles-CAS/images/1/4/6/1466170-th.jpg",
    "categories": ["pantry"],
    "tags": ["health-fods", "healthy-coking"],
    "locations": {
      "vic": {
        "price": 11,
        "promoText": " ",
        "packageSize": "500g",
        "packagePrice": "$2.20 per 100G"
      }
    }
  },
  {
    "id": "coles-polenta-gluten-free",
    "brand": "Wellness Road",
    "name": "Australian Polenta",
    "imageUrl": "https://shop.coles.com.au/wcsstore/Coles-CAS/images/8/6/6/8667636-th.jpg",
    "categories": ["pantry"],
    "tags": ["health-fods", "healthy-coking"],
    "locations": {
      "vic": {
        "price": 2.8,
        "promoText": " ",
        "packageSize": "500g",
        "packagePrice": "$0.56 per 100G"
      }
    }
  },
  {
    "id": "coles-premium-lsa-meal",
    "brand": "Wellness Road",
    "name": "Premium Lsa Meal",
    "imageUrl": "https://shop.coles.com.au/wcsstore/Coles-CAS/images/2/4/8/2483426-th.jpg",
    "categories": ["pantry"],
    "tags": ["health-fods", "healthy-coking"],
    "locations": {
      "vic": {
        "price": 5,
        "promoText": " ",
        "packageSize": "350g",
        "packagePrice": "$1.43 per 100G"
      }
    }
  },
  {
    "id": "coles-sunflower-kernals-premium",
    "brand": "Wellness Road",
    "name": "Sunflower Kernels",
    "imageUrl": "https://shop.coles.com.au/wcsstore/Coles-CAS/images/8/6/6/8669642-th.jpg",
    "categories": ["pantry"],
    "tags": ["health-fods", "healthy-coking"],
    "locations": {
      "vic": {
        "price": 3.5,
        "promoText": " ",
        "packageSize": "500g",
        "packagePrice": "$0.70 per 100G"
      }
    }
  },
  {
    "id": "coles-gluten-free-bread-crumbs",
    "brand": "Coles",
    "name": "Gluten Free Crunchy Crumb",
    "imageUrl": "https://shop.coles.com.au/wcsstore/Coles-CAS/images/3/1/3/3133044-th.jpg",
    "categories": ["pantry"],
    "tags": ["health-fods", "healthy-coking"],
    "locations": {
      "vic": {
        "price": 3.4,
        "promoText": "Was $4.00 on Sep 2018 ",
        "packageSize": "300g",
        "packagePrice": "$1.13 per 100G"
      }
    }
  },
  {
    "id": "keep-it-cleaner-gf-chickpea-penne-pasta",
    "brand": "Keep It Cleaner",
    "name": "Chickpea Penne Pasta",
    "imageUrl": "https://shop.coles.com.au/wcsstore/Coles-CAS/images/3/4/0/3406205-th.jpg",
    "categories": ["pantry"],
    "tags": ["health-fods", "healthy-coking"],
    "locations": {
      "vic": {
        "price": 4,
        "promoText": " ",
        "packageSize": "250g",
        "packagePrice": "$1.60 per 100G"
      }
    }
  },
  {
    "id": "flax-farms-australian-brown-flax-seeds",
    "brand": "Red Tractor",
    "name": "Flax Brown Seeds",
    "imageUrl": "https://shop.coles.com.au/wcsstore/Coles-CAS/images/2/1/3/2136229-th.jpg",
    "categories": ["pantry"],
    "tags": ["health-fods", "healthy-coking"],
    "locations": {
      "vic": {
        "price": 5,
        "promoText": " ",
        "packageSize": "500g",
        "packagePrice": "$1.00 per 100G"
      }
    }
  },
  {
    "id": "red-tractor-organic-hulled-hemp-seed",
    "brand": "Red Tractor",
    "name": "Gluten Free Organic Hemp Hulled Seeds",
    "imageUrl": "https://shop.coles.com.au/wcsstore/Coles-CAS/images/3/1/4/3145123-th.jpg",
    "categories": ["pantry"],
    "tags": ["health-fods", "healthy-coking"],
    "locations": {
      "vic": {
        "price": 10,
        "promoText": " ",
        "packageSize": "200g",
        "packagePrice": "$5.00 per 100G"
      }
    }
  },
  {
    "id": "slendier-slim-pasta-spaghetti",
    "brand": "Slendier",
    "name": "Spaghetti Style Pasta",
    "imageUrl": "https://shop.coles.com.au/wcsstore/Coles-CAS/images/9/9/0/9900816-th.jpg",
    "categories": ["pantry"],
    "tags": ["health-fods", "healthy-coking"],
    "locations": {
      "vic": {
        "price": 3.9,
        "promoText": " ",
        "packageSize": "400g",
        "packagePrice": "$0.98 per 100G"
      }
    }
  },
  {
    "id": "slendier-edamame-bean-organic-spaghetti",
    "brand": "Slendier",
    "name": "Gluten Free Edamame Bean Organic Spaghetti",
    "imageUrl": "https://shop.coles.com.au/wcsstore/Coles-CAS/images/3/4/0/3405257-th.jpg",
    "categories": ["pantry"],
    "tags": ["health-fods", "healthy-coking"],
    "locations": {
      "vic": {
        "price": 5.2,
        "promoText": " ",
        "packageSize": "200g",
        "packagePrice": "$2.60 per 100G"
      }
    }
  },
  {
    "id": "the-chia-co-chia-seed-white-pouch",
    "brand": "The Chia Co",
    "name": "White Chia Seed Pouch",
    "imageUrl": "https://shop.coles.com.au/wcsstore/Coles-CAS/images/1/4/6/1466181-th.jpg",
    "categories": ["pantry"],
    "tags": ["health-fods", "healthy-coking"],
    "locations": {
      "vic": {
        "price": 11,
        "promoText": " ",
        "packageSize": "500g",
        "packagePrice": "$2.20 per 100G"
      }
    }
  },
  {
    "id": "coles-gluten-free-pumpkin-kernels",
    "brand": "Wellness Road",
    "name": "Pumpkin Kernels",
    "imageUrl": "https://shop.coles.com.au/wcsstore/Coles-CAS/images/3/1/1/3117988-th.jpg",
    "categories": ["pantry"],
    "tags": ["health-fods", "healthy-coking"],
    "locations": {
      "vic": {
        "price": 4.8,
        "promoText": " ",
        "packageSize": "300g",
        "packagePrice": "$1.60 per 100G"
      }
    }
  },
  {
    "id": "keep-it-cleaner-gf-green-pea-penne-pasta",
    "brand": "Keep It Cleaner",
    "name": "Gluten Free Green Pea Penne Pasta",
    "imageUrl": "https://shop.coles.com.au/wcsstore/Coles-CAS/images/3/4/0/3406191-th.jpg",
    "categories": ["pantry"],
    "tags": ["health-fods", "healthy-coking"],
    "locations": {
      "vic": {
        "price": 4,
        "promoText": " ",
        "packageSize": "250g",
        "packagePrice": "$1.60 per 100G"
      }
    }
  },
  {
    "id": "orgran-flour-plain-gluten-wheat-free",
    "brand": "Orgran",
    "name": "Gluten Free All Purpose Plain Flour",
    "imageUrl": "https://shop.coles.com.au/wcsstore/Coles-CAS/images/8/9/0/8907220-th.jpg",
    "categories": ["pantry"],
    "tags": ["health-fods", "healthy-coking"],
    "locations": {
      "vic": {
        "price": 3.4,
        "promoText": " ",
        "packageSize": "500g",
        "packagePrice": "$6.80 per 1Kg"
      }
    }
  },
  {
    "id": "orgran-buckwheat-pancake-mix",
    "brand": "Orgran",
    "name": "Buckwheat Pancake Mix",
    "imageUrl": "https://shop.coles.com.au/wcsstore/Coles-CAS/images/5/9/2/5927956-th.jpg",
    "categories": ["pantry"],
    "tags": ["health-fods", "healthy-coking"],
    "locations": {
      "vic": {
        "price": 3.8,
        "promoText": " ",
        "packageSize": "375g",
        "packagePrice": "$1.01 per 100G"
      }
    }
  },
  {
    "id": "orgran-pasta-buckwheat",
    "brand": "Orgran",
    "name": "Buckwheat Pasta",
    "imageUrl": "https://shop.coles.com.au/wcsstore/Coles-CAS/images/5/3/7/5373027-th.jpg",
    "categories": ["pantry"],
    "tags": ["health-fods", "healthy-coking"],
    "locations": {
      "vic": {
        "price": 4,
        "promoText": " ",
        "packageSize": "250g",
        "packagePrice": "$1.60 per 100G"
      }
    }
  },
  {
    "id": "red-tractor-organic-coconut-flour",
    "brand": "Red Tractor",
    "name": "Organic Coconut Flour",
    "imageUrl": "https://shop.coles.com.au/wcsstore/Coles-CAS/images/2/8/9/2898534-th.jpg",
    "categories": ["pantry"],
    "tags": ["health-fods", "healthy-coking"],
    "locations": {
      "vic": {
        "price": 8,
        "promoText": "$2.00 ",
        "packageSize": "1kg",
        "packagePrice": "$8.00 per 1Kg"
      }
    }
  },
  {
    "id": "simply-wize-gluten-free-gnocchi",
    "brand": "Simply Wize",
    "name": "Gluten Free Gnocchi",
    "imageUrl": "https://shop.coles.com.au/wcsstore/Coles-CAS/images/7/5/7/7572986-th.jpg",
    "categories": ["pantry"],
    "tags": ["health-fods", "healthy-coking"],
    "locations": {
      "vic": {
        "price": 5.5,
        "promoText": " ",
        "packageSize": "500g",
        "packagePrice": "$1.10 per 100G"
      }
    }
  },
  {
    "id": "coles-premium-seasame-seeds-chemical-free",
    "brand": "Wellness Road",
    "name": "Sesame Seeds",
    "imageUrl": "https://shop.coles.com.au/wcsstore/Coles-CAS/images/8/6/6/8669609-th.jpg",
    "categories": ["pantry"],
    "tags": ["health-fods", "healthy-coking"],
    "locations": {
      "vic": {
        "price": 4,
        "promoText": " ",
        "packageSize": "250g",
        "packagePrice": "$1.60 per 100G"
      }
    }
  },
  {
    "id": "coles-australian-white-quinoa",
    "brand": "Wellness Road",
    "name": "Australian Quinoa White",
    "imageUrl": "https://shop.coles.com.au/wcsstore/Coles-CAS/images/2/7/2/2726379-th.jpg",
    "categories": ["pantry"],
    "tags": ["health-fods", "healthy-coking"],
    "locations": {
      "vic": {
        "price": 10,
        "promoText": "Was $14.50 on Dec 2019 ",
        "packageSize": "1kg",
        "packagePrice": "$10.00 per 1Kg"
      }
    }
  },
  {
    "id": "coles-australian-white-quinoa-2726233p",
    "brand": "Wellness Road",
    "name": "Australian White Quinoa",
    "imageUrl": "https://shop.coles.com.au/wcsstore/Coles-CAS/images/2/7/2/2726233-th.jpg",
    "categories": ["pantry"],
    "tags": ["health-fods", "healthy-coking"],
    "locations": {
      "vic": {
        "price": 5.5,
        "promoText": " ",
        "packageSize": "300g",
        "packagePrice": "$1.83 per 100G"
      }
    }
  },
  {
    "id": "coles-organic-cacao-powder",
    "brand": "Wellness Road",
    "name": "Organic Cacao Powder",
    "imageUrl": "https://shop.coles.com.au/wcsstore/Coles-CAS/images/3/1/1/3118302-th.jpg",
    "categories": ["pantry"],
    "tags": ["health-fods", "healthy-coking"],
    "locations": {
      "vic": {
        "price": 10,
        "promoText": " ",
        "packageSize": "500g",
        "packagePrice": "$2.00 per 100G"
      }
    }
  },
  {
    "id": "coles-organic-brown-gf-rice-pasta-brown-chia",
    "brand": "Wellness Road",
    "name": "Organic Brown Rice Noodles With Chia Brown Gluten Free",
    "imageUrl": "https://shop.coles.com.au/wcsstore/Coles-CAS/images/3/1/1/3113262-th.jpg",
    "categories": ["pantry"],
    "tags": ["health-fods", "healthy-coking"],
    "locations": {
      "vic": {
        "price": 3.75,
        "promoText": " ",
        "packageSize": "225g",
        "packagePrice": "$1.67 per 100G"
      }
    }
  },
  {
    "id": "coles-australian-almond-flour",
    "brand": "Wellness Road",
    "name": "Australian Almond Flour",
    "imageUrl": "https://shop.coles.com.au/wcsstore/Coles-CAS/images/3/1/1/3118164-th.jpg",
    "categories": ["pantry"],
    "tags": ["health-fods", "healthy-coking"],
    "locations": {
      "vic": {
        "price": 10,
        "promoText": " ",
        "packageSize": "300g",
        "packagePrice": "$33.33 per 1Kg"
      }
    }
  },
  {
    "id": "coles-organic-gluten-free-tri-colour-quinoa",
    "brand": "Wellness Road",
    "name": "Organic Tri Colour Quinoa",
    "imageUrl": "https://shop.coles.com.au/wcsstore/Coles-CAS/images/3/1/1/3117977-th.jpg",
    "categories": ["pantry"],
    "tags": ["health-fods", "healthy-coking"],
    "locations": {
      "vic": {
        "price": 7,
        "promoText": " ",
        "packageSize": "500g",
        "packagePrice": "$1.40 per 100G"
      }
    }
  },
  {
    "id": "coles-simply-gluten-free-self-raising-flour",
    "brand": "Coles",
    "name": "Gluten Free Self Raising Flour",
    "imageUrl": "https://shop.coles.com.au/wcsstore/Coles-CAS/images/2/4/7/2478200-th.jpg",
    "categories": ["pantry"],
    "tags": ["health-fods", "healthy-coking"],
    "locations": {
      "vic": {
        "price": 2.7,
        "promoText": " ",
        "packageSize": "500g",
        "packagePrice": "$5.40 per 1Kg"
      }
    }
  },
  {
    "id": "coles-organic-tapioca-flour-500g",
    "brand": "Coles",
    "name": "Organic Tapioca Flour",
    "imageUrl": "https://shop.coles.com.au/wcsstore/Coles-CAS/images/3/4/0/3405701-th.jpg",
    "categories": ["pantry"],
    "tags": ["health-fods", "healthy-coking"],
    "locations": {
      "vic": {
        "price": 5,
        "promoText": " ",
        "packageSize": "500g",
        "packagePrice": "$1.00 per 100G"
      }
    }
  },
  {
    "id": "keep-it-cleaner-gf-red-lentil-fusilli-pasta",
    "brand": "Keep It Cleaner",
    "name": "Red Lentil Fusilli Pasta",
    "imageUrl": "https://shop.coles.com.au/wcsstore/Coles-CAS/images/3/4/0/3406249-th.jpg",
    "categories": ["pantry"],
    "tags": ["health-fods", "healthy-coking"],
    "locations": {
      "vic": {
        "price": 4,
        "promoText": " ",
        "packageSize": "250g",
        "packagePrice": "$1.60 per 100G"
      }
    }
  },
  {
    "id": "naturally-good-cake-mix-gluten-free-chocolate-mud",
    "brand": "Naturally Good",
    "name": "Gluten Free Chocolate Mud Cake Mix",
    "imageUrl": "https://shop.coles.com.au/wcsstore/Coles-CAS/images/5/3/6/5362290-th.jpg",
    "categories": ["pantry"],
    "tags": ["health-fods", "healthy-coking"],
    "locations": {
      "vic": {
        "price": 5.95,
        "promoText": " ",
        "packageSize": "450g",
        "packagePrice": "$1.32 per 100G"
      }
    }
  },
  {
    "id": "red-tractor-chia-seeds",
    "brand": "Red Tractor",
    "name": "Chia Seeds",
    "imageUrl": "https://shop.coles.com.au/wcsstore/Coles-CAS/images/2/4/9/2497635-th.jpg",
    "categories": ["pantry"],
    "tags": ["health-fods", "healthy-coking"],
    "locations": {
      "vic": {
        "price": 10,
        "promoText": " ",
        "packageSize": "500g",
        "packagePrice": "$2.00 per 100G"
      }
    }
  },
  {
    "id": "slendier-slim-pasta-angel-hair",
    "brand": "Slendier",
    "name": "Angel Hair Style Pasta",
    "imageUrl": "https://shop.coles.com.au/wcsstore/Coles-CAS/images/9/9/0/9900805-th.jpg",
    "categories": ["pantry"],
    "tags": ["health-fods", "healthy-coking"],
    "locations": {
      "vic": {
        "price": 3.9,
        "promoText": " ",
        "packageSize": "400g",
        "packagePrice": "$0.98 per 100G"
      }
    }
  },
  {
    "id": "slendier-slim-noodle-wok-ready",
    "brand": "Slendier",
    "name": "Wok Ready Noodles",
    "imageUrl": "https://shop.coles.com.au/wcsstore/Coles-CAS/images/9/9/0/9900850-th.jpg",
    "categories": ["pantry"],
    "tags": ["health-fods", "healthy-coking"],
    "locations": {
      "vic": {
        "price": 3.9,
        "promoText": " ",
        "packageSize": "400g",
        "packagePrice": "$0.98 per 100G"
      }
    }
  },
  {
    "id": "slendier-black-bean-organic-spaghetti",
    "brand": "Slendier",
    "name": "Black Bean Organic Spaghetti",
    "imageUrl": "https://shop.coles.com.au/wcsstore/Coles-CAS/images/3/6/0/3609858-th.jpg",
    "categories": ["pantry"],
    "tags": ["health-fods", "healthy-coking"],
    "locations": {
      "vic": {
        "price": 5.2,
        "promoText": " ",
        "packageSize": "200g",
        "packagePrice": "$2.60 per 100G"
      }
    }
  },
  {
    "id": "coles-brown-flaxseed-meal",
    "brand": "Wellness Road",
    "name": "Australian Brown Flaxseed Meal",
    "imageUrl": "https://shop.coles.com.au/wcsstore/Coles-CAS/images/2/4/8/2483470-th.jpg",
    "categories": ["pantry"],
    "tags": ["health-fods", "healthy-coking"],
    "locations": {
      "vic": {
        "price": 4,
        "promoText": " ",
        "packageSize": "500g",
        "packagePrice": "$0.80 per 100G"
      }
    }
  },
  {
    "id": "coles-organic-gluten-free-white-quinoa-grain",
    "brand": "Wellness Road",
    "name": "Organic White Quinoa",
    "imageUrl": "https://shop.coles.com.au/wcsstore/Coles-CAS/images/3/1/3/3139823-th.jpg",
    "categories": ["pantry"],
    "tags": ["health-fods", "healthy-coking"],
    "locations": {
      "vic": {
        "price": 10,
        "promoText": " ",
        "packageSize": "1kg",
        "packagePrice": "$1.00 per 100G"
      }
    }
  },
  {
    "id": "celebrate-health-recipe-tomato-basil-napoli",
    "brand": "Celebrate Health",
    "name": "Tomato & Basil Pasta Sauce",
    "imageUrl": "https://shop.coles.com.au/wcsstore/Coles-CAS/images/3/4/0/3406293-th.jpg",
    "categories": ["pantry"],
    "tags": ["health-fods", "healthy-coking"],
    "locations": {
      "vic": {
        "price": 2.8,
        "promoText": "$0.70 ",
        "packageSize": "175g",
        "packagePrice": "$1.60 per 100G"
      }
    }
  },
  {
    "id": "coles-organic-cacao-nibs",
    "brand": "Coles",
    "name": "Organic Cacao Nibs",
    "imageUrl": "https://shop.coles.com.au/wcsstore/Coles-CAS/images/3/1/1/3118120-th.jpg",
    "categories": ["pantry"],
    "tags": ["health-fods", "healthy-coking"],
    "locations": {
      "vic": {
        "price": 4.4,
        "promoText": " ",
        "packageSize": "200g",
        "packagePrice": "$2.20 per 100G"
      }
    }
  },
  {
    "id": "kep-it-cleaner-hemp-and-brown-rice-fusilli-pasta",
    "brand": "Keep It Cleaner",
    "name": "Hemp And Brown Rice Fusilli Pasta",
    "imageUrl": "https://shop.coles.com.au/wcsstore/Coles-CAS/images/3/7/9/3792506-th.jpg",
    "categories": ["pantry"],
    "tags": ["health-fods", "healthy-coking"],
    "locations": {
      "vic": {
        "price": 4,
        "promoText": " ",
        "packageSize": "250g",
        "packagePrice": "$1.60 per 100G"
      }
    }
  },
  {
    "id": "kep-it-cleaner-quinoa-and-brown-rice-spaghetti",
    "brand": "Keep It Cleaner",
    "name": "Quinoa And Brown Rice Spaghetti",
    "imageUrl": "https://shop.coles.com.au/wcsstore/Coles-CAS/images/3/7/9/3792492-th.jpg",
    "categories": ["pantry"],
    "tags": ["health-fods", "healthy-coking"],
    "locations": {
      "vic": {
        "price": 4,
        "promoText": " ",
        "packageSize": "250g",
        "packagePrice": "$1.60 per 100G"
      }
    }
  },
  {
    "id": "superfood-millet-quinoa-buckwheat-spiral-pasta",
    "brand": "Orgran",
    "name": "Superfood Millet Quinoa Buckwheat Spiral Pasta",
    "imageUrl": "https://shop.coles.com.au/wcsstore/Coles-CAS/images/3/4/1/3412343-th.jpg",
    "categories": ["pantry"],
    "tags": ["health-fods", "healthy-coking"],
    "locations": {
      "vic": {
        "price": 4,
        "promoText": " ",
        "packageSize": "250g",
        "packagePrice": "$1.60 per 100G"
      }
    }
  },
  {
    "id": "superfood-kale-quinoa-brown-rice-penne-pasta",
    "brand": "Orgran",
    "name": "Superfood Kale Quinoa Brown Rice Penne Pasta",
    "imageUrl": "https://shop.coles.com.au/wcsstore/Coles-CAS/images/3/4/1/3412220-th.jpg",
    "categories": ["pantry"],
    "tags": ["health-fods", "healthy-coking"],
    "locations": {
      "vic": {
        "price": 4,
        "promoText": " ",
        "packageSize": "250g",
        "packagePrice": "$1.60 per 100G"
      }
    }
  },
  {
    "id": "planet-food-organic-almond-flour",
    "brand": "Planet Food",
    "name": "Organic Almond Flour",
    "imageUrl": "https://shop.coles.com.au/wcsstore/Coles-CAS/images/2/3/5/2352188-th.jpg",
    "categories": ["pantry"],
    "tags": ["health-fods", "healthy-coking"],
    "locations": {
      "vic": {
        "price": 9.75,
        "promoText": "$2.45 ",
        "packageSize": "275g",
        "packagePrice": "$35.45 per 1Kg"
      }
    }
  },
  {
    "id": "three-farmers-australian-golden-quinoa",
    "brand": "Three Farmers",
    "name": "Australian Golden Quinoa",
    "imageUrl": "https://shop.coles.com.au/wcsstore/Coles-CAS/images/2/6/7/2677003-th.jpg",
    "categories": ["pantry"],
    "tags": ["health-fods", "healthy-coking"],
    "locations": {
      "vic": {
        "price": 7,
        "promoText": " ",
        "packageSize": "400g",
        "packagePrice": "$1.75 per 100G"
      }
    }
  },
  {
    "id": "coles-spelt-organic-wholemeal-flour",
    "brand": "Wellness Road",
    "name": "Organic Spelt Wholemeal Flour",
    "imageUrl": "https://shop.coles.com.au/wcsstore/ColesResponsiveStorefrontAssetStore/dist/ccfc54aed6e361b650bcf0582f7b576b/img/img_product-placeholder.png",
    "categories": ["pantry"],
    "tags": ["health-fods", "healthy-coking"],
    "locations": {
      "vic": {
        "price": 7.5,
        "promoText": " ",
        "packageSize": "750g",
        "packagePrice": "$10.00 per 1Kg"
      }
    }
  },
  {
    "id": "coles-organic-black-chia-seeds",
    "brand": "Wellness Road",
    "name": "Organic Black Chia Seeds",
    "imageUrl": "https://shop.coles.com.au/wcsstore/Coles-CAS/images/3/1/1/3118110-th.jpg",
    "categories": ["pantry"],
    "tags": ["health-fods", "healthy-coking"],
    "locations": {
      "vic": {
        "price": 8,
        "promoText": " ",
        "packageSize": "300g",
        "packagePrice": "$2.67 per 100G"
      }
    }
  },
  {
    "id": "wellness-road-organic-buckwheat-kernels",
    "brand": "Wellness Road",
    "name": "Organic Buckwheat Kernels",
    "imageUrl": "https://shop.coles.com.au/wcsstore/Coles-CAS/images/3/4/0/3405803-th.jpg",
    "categories": ["pantry"],
    "tags": ["health-fods", "healthy-coking"],
    "locations": {
      "vic": {
        "price": 3.5,
        "promoText": " ",
        "packageSize": "500g",
        "packagePrice": "$0.70 per 100G"
      }
    }
  },
  {
    "id": "wellness-road-organic-white-quinoa",
    "brand": "Wellness Road",
    "name": "Organic White Quinoa",
    "imageUrl": "https://shop.coles.com.au/wcsstore/Coles-CAS/images/3/4/0/3405789-th.jpg",
    "categories": ["pantry"],
    "tags": ["health-fods", "healthy-coking"],
    "locations": {
      "vic": {
        "price": 7,
        "promoText": " ",
        "packageSize": "500g",
        "packagePrice": "$1.40 per 100G"
      }
    }
  },
  {
    "id": "coles-simply-gluten-free-cake-mix-vanilla",
    "brand": "Coles",
    "name": "Vanilla Cake Mix",
    "imageUrl": "https://shop.coles.com.au/wcsstore/Coles-CAS/images/1/2/3/1233220-th.jpg",
    "categories": ["pantry"],
    "tags": ["health-fods", "healthy-coking"],
    "locations": {
      "vic": {
        "price": 3,
        "promoText": " ",
        "packageSize": "470g",
        "packagePrice": "$0.64 per 100G"
      }
    }
  },
  {
    "id": "coles-simply-gluten-free-baking-mix-pancake",
    "brand": "Coles",
    "name": "Pancake Mix",
    "imageUrl": "https://shop.coles.com.au/wcsstore/Coles-CAS/images/1/2/2/1224422-th.jpg",
    "categories": ["pantry"],
    "tags": ["health-fods", "healthy-coking"],
    "locations": {
      "vic": {
        "price": 2.9,
        "promoText": " ",
        "packageSize": "375g",
        "packagePrice": "$0.77 per 100G"
      }
    }
  },
  {
    "id": "coles-gluten-free-chocolate-fudge-brownie-mix",
    "brand": "Coles",
    "name": "Gluten Free Chocolate Fudge Brownie Mix",
    "imageUrl": "https://shop.coles.com.au/wcsstore/Coles-CAS/images/2/8/9/2896732-th.jpg",
    "categories": ["pantry"],
    "tags": ["health-fods", "healthy-coking"],
    "locations": {
      "vic": {
        "price": 4.5,
        "promoText": " ",
        "packageSize": "450g",
        "packagePrice": "$1.00 per 100G"
      }
    }
  },
  {
    "id": "coles-xanthan-gum-gluten-free",
    "brand": "Coles",
    "name": "Xanthan Gum",
    "imageUrl": "https://shop.coles.com.au/wcsstore/Coles-CAS/images/3/1/3/3131242-th.jpg",
    "categories": ["pantry"],
    "tags": ["health-fods", "healthy-coking"],
    "locations": {
      "vic": {
        "price": 5,
        "promoText": " ",
        "packageSize": "100g",
        "packagePrice": "$5.00 per 100G"
      }
    }
  },
  {
    "id": "keep-it-cleaner-gf-pasta-sauce-primavera",
    "brand": "Keep It Cleaner",
    "name": "Gluten Free Primavera Pasta Sauce",
    "imageUrl": "https://shop.coles.com.au/wcsstore/Coles-CAS/images/3/4/2/3428015-th.jpg",
    "categories": ["pantry"],
    "tags": ["health-fods", "healthy-coking"],
    "locations": {
      "vic": {
        "price": 4,
        "promoText": " ",
        "packageSize": "500g",
        "packagePrice": "$0.80 per 100G"
      }
    }
  },
  {
    "id": "keep-it-cleaner-choc-mud-cake-baking-mix",
    "brand": "Keep It Cleaner",
    "name": "Chocolate Mud Cake Baking Mix",
    "imageUrl": "https://shop.coles.com.au/wcsstore/Coles-CAS/images/3/4/0/3406453-th.jpg",
    "categories": ["pantry"],
    "tags": ["health-fods", "healthy-coking"],
    "locations": {
      "vic": {
        "price": 7.5,
        "promoText": " ",
        "packageSize": "400g",
        "packagePrice": "$1.88 per 100G"
      }
    }
  },
  {
    "id": "kept-it-cleaner-potato-and-brown-rice-spaghetti",
    "brand": "Keept It Cleaner",
    "name": "Potato And Brown Rice Spaghetti",
    "imageUrl": "https://shop.coles.com.au/wcsstore/Coles-CAS/images/3/7/9/3792448-th.jpg",
    "categories": ["pantry"],
    "tags": ["health-fods", "healthy-coking"],
    "locations": {
      "vic": {
        "price": 4,
        "promoText": " ",
        "packageSize": "250g",
        "packagePrice": "$1.60 per 100G"
      }
    }
  },
  {
    "id": "orgran-pasta-vegetable-rice",
    "brand": "Orgran",
    "name": "Vegetable Rice Pasta",
    "imageUrl": "https://shop.coles.com.au/wcsstore/Coles-CAS/images/5/2/1/5212582-th.jpg",
    "categories": ["pantry"],
    "tags": ["health-fods", "healthy-coking"],
    "locations": {
      "vic": {
        "price": 4,
        "promoText": " ",
        "packageSize": "250g",
        "packagePrice": "$1.60 per 100G"
      }
    }
  },
  {
    "id": "planet-food-organic-coconut-flour",
    "brand": "Planet Food",
    "name": "Organic Coconut Flour",
    "imageUrl": "https://shop.coles.com.au/wcsstore/Coles-CAS/images/1/9/8/1987129-th.jpg",
    "categories": ["pantry"],
    "tags": ["health-fods", "healthy-coking"],
    "locations": {
      "vic": {
        "price": 5.6,
        "promoText": "$1.40 ",
        "packageSize": "400g",
        "packagePrice": "$14.00 per 1Kg"
      }
    }
  },
  {
    "id": "red-tractor--tricolour-quinoa-grain",
    "brand": "Red Tractor",
    "name": "Tricolour Quinoa Grain",
    "imageUrl": "https://shop.coles.com.au/wcsstore/Coles-CAS/images/2/4/9/2497668-th.jpg",
    "categories": ["pantry"],
    "tags": ["health-fods", "healthy-coking"],
    "locations": {
      "vic": {
        "price": 10,
        "promoText": " ",
        "packageSize": "600g",
        "packagePrice": "$1.67 per 100G"
      }
    }
  },
  {
    "id": "red-tractor--white-quinoa-grain",
    "brand": "Red Tractor",
    "name": "White Quinoa Grain",
    "imageUrl": "https://shop.coles.com.au/wcsstore/Coles-CAS/images/2/4/9/2497657-th.jpg",
    "categories": ["pantry"],
    "tags": ["health-fods", "healthy-coking"],
    "locations": {
      "vic": {
        "price": 10,
        "promoText": " ",
        "packageSize": "700g",
        "packagePrice": "$1.43 per 100G"
      }
    }
  },
  {
    "id": "red-tractor-australian-flax-hemp-oil",
    "brand": "Red Tractor",
    "name": "Flax Hemp & Honey Oil",
    "imageUrl": "https://shop.coles.com.au/wcsstore/Coles-CAS/images/3/1/4/3145407-th.jpg",
    "categories": ["pantry"],
    "tags": ["health-fods", "healthy-coking"],
    "locations": {
      "vic": {
        "price": 13,
        "promoText": " ",
        "packageSize": "250mL",
        "packagePrice": "$5.20 per 100mL"
      }
    }
  },
  {
    "id": "slendier-soy-bean-organic-spaghetti",
    "brand": "Slendier",
    "name": "Gluten Free Soy Bean Organic Spaghetti",
    "imageUrl": "https://shop.coles.com.au/wcsstore/Coles-CAS/images/3/4/0/3405246-th.jpg",
    "categories": ["pantry"],
    "tags": ["health-fods", "healthy-coking"],
    "locations": {
      "vic": {
        "price": 5.2,
        "promoText": " ",
        "packageSize": "200g",
        "packagePrice": "$2.60 per 100G"
      }
    }
  },
  {
    "id": "slendier-edamame-bean-organic-fettuccine",
    "brand": "Slendier",
    "name": "Edamame Bean Organic Fettuccine",
    "imageUrl": "https://shop.coles.com.au/wcsstore/Coles-CAS/images/3/6/0/3609869-th.jpg",
    "categories": ["pantry"],
    "tags": ["health-fods", "healthy-coking"],
    "locations": {
      "vic": {
        "price": 5.2,
        "promoText": " ",
        "packageSize": "200g",
        "packagePrice": "$2.60 per 100G"
      }
    }
  },
  {
    "id": "slendier-black-bean-organic-fettuccine-pasta",
    "brand": "Slendier",
    "name": "Black Bean Organic Fettuccine Pasta",
    "imageUrl": "https://shop.coles.com.au/wcsstore/Coles-CAS/images/3/6/0/3609847-th.jpg",
    "categories": ["pantry"],
    "tags": ["health-fods", "healthy-coking"],
    "locations": {
      "vic": {
        "price": 5.2,
        "promoText": " ",
        "packageSize": "200g",
        "packagePrice": "$2.60 per 100G"
      }
    }
  },
  {
    "id": "slendier-soy-bean-organic-fettuccine",
    "brand": "Slendier",
    "name": "Soy Bean Organic Fettuccine",
    "imageUrl": "https://shop.coles.com.au/wcsstore/Coles-CAS/images/3/6/0/3609949-th.jpg",
    "categories": ["pantry"],
    "tags": ["health-fods", "healthy-coking"],
    "locations": {
      "vic": {
        "price": 5.2,
        "promoText": " ",
        "packageSize": "200g",
        "packagePrice": "$2.60 per 100G"
      }
    }
  },
  {
    "id": "sweet-william-choc-baking-buttons",
    "brand": "Sweet William",
    "name": "Gluten Free Choc Baking Buttons",
    "imageUrl": "https://shop.coles.com.au/wcsstore/Coles-CAS/images/3/1/3/3134706-th.jpg",
    "categories": ["pantry"],
    "tags": ["health-fods", "healthy-coking"],
    "locations": {
      "vic": {
        "price": 5.7,
        "promoText": " ",
        "packageSize": "300g",
        "packagePrice": "$1.90 per 100G"
      }
    }
  },
  {
    "id": "coles-organic-buckwheat-flour",
    "brand": "Wellness Road",
    "name": "Organic Buckwheat Flour",
    "imageUrl": "https://shop.coles.com.au/wcsstore/Coles-CAS/images/8/6/6/8667807-th.jpg",
    "categories": ["pantry"],
    "tags": ["health-fods", "healthy-coking"],
    "locations": {
      "vic": {
        "price": 5,
        "promoText": "Was $5.90 on Nov 2018 ",
        "packageSize": "500g",
        "packagePrice": "$10.00 per 1Kg"
      }
    }
  },
  {
    "id": "coles-premium-wheatgerm-stabilised",
    "brand": "Wellness Road",
    "name": "Stabilised Wheatgerm",
    "imageUrl": "https://shop.coles.com.au/wcsstore/Coles-CAS/images/8/6/6/8669631-th.jpg",
    "categories": ["pantry"],
    "tags": ["health-fods", "healthy-coking"],
    "locations": {
      "vic": {
        "price": 3,
        "promoText": " ",
        "packageSize": "375g",
        "packagePrice": "$0.80 per 100G"
      }
    }
  },
  {
    "id": "coles-organic-black-rice-pasta-chia-gf",
    "brand": "Wellness Road",
    "name": "Organic Black Rice Noodles With Chia",
    "imageUrl": "https://shop.coles.com.au/wcsstore/Coles-CAS/images/3/1/1/3113251-th.jpg",
    "categories": ["pantry"],
    "tags": ["health-fods", "healthy-coking"],
    "locations": {
      "vic": {
        "price": 3.75,
        "promoText": " ",
        "packageSize": "225g",
        "packagePrice": "$1.67 per 100G"
      }
    }
  },
  {
    "id": "coles-yeast-flakes-nutritional",
    "brand": "Wellness Road",
    "name": "Nutritional Yeast Flakes",
    "imageUrl": "https://shop.coles.com.au/wcsstore/Coles-CAS/images/3/1/3/3131253-th.jpg",
    "categories": ["pantry"],
    "tags": ["health-fods", "healthy-coking"],
    "locations": {
      "vic": {
        "price": 8,
        "promoText": " ",
        "packageSize": "200g",
        "packagePrice": "$4.00 per 100G"
      }
    }
  },
  {
    "id": "coles-organic-rice-noodles-with-chia",
    "brand": "Wellness Road",
    "name": "Organic Red Rice Noodles With Chia",
    "imageUrl": "https://shop.coles.com.au/wcsstore/Coles-CAS/images/3/4/0/3409123-th.jpg",
    "categories": ["pantry"],
    "tags": ["health-fods", "healthy-coking"],
    "locations": {
      "vic": {
        "price": 3.75,
        "promoText": " ",
        "packageSize": "225g",
        "packagePrice": "$1.67 per 100G"
      }
    }
  },
  {
    "id": "freedom-foods-active-balance-multigrain-cranberry",
    "brand": "Freedom Foods",
    "name": "Active Balance Multigrain & Cranberry",
    "imageUrl": "https://shop.coles.com.au/wcsstore/Coles-CAS/images/1/8/3/1838537-th.jpg",
    "categories": ["pantry"],
    "tags": ["health-fods", "healthy-breakfasts"],
    "locations": {
      "vic": {
        "price": 3,
        "promoText": "$3.00 ",
        "packageSize": "350g",
        "packagePrice": "$0.86 per 100G"
      }
    }
  },
  {
    "id": "freedom-foods-cereal-rice-puffs--gluten-free",
    "brand": "Freedom Foods",
    "name": "Cereal Rice Puffs",
    "imageUrl": "https://shop.coles.com.au/wcsstore/Coles-CAS/images/4/6/0/4604703-th.jpg",
    "categories": ["pantry"],
    "tags": ["health-fods", "healthy-breakfasts"],
    "locations": {
      "vic": {
        "price": 2,
        "promoText": "$2.00 ",
        "packageSize": "250g",
        "packagePrice": "$0.80 per 100G"
      }
    }
  },
  {
    "id": "melrose-naturals-spread-gluten-free-almond",
    "brand": "Melrose",
    "name": "Almond Naturals Gluten Free Spread",
    "imageUrl": "https://shop.coles.com.au/wcsstore/Coles-CAS/images/5/3/6/5367625-th.jpg",
    "categories": ["pantry"],
    "tags": ["health-fods", "healthy-breakfasts"],
    "locations": {
      "vic": {
        "price": 8.95,
        "promoText": " ",
        "packageSize": "250g",
        "packagePrice": "$3.58 per 100G"
      }
    }
  },
  {
    "id": "freedom-foods-active-balance-buckwheat-quinoa-cereal",
    "brand": "Freedom Foods",
    "name": "Active Balance Buckwheat & Quinoa Cereal",
    "imageUrl": "https://shop.coles.com.au/wcsstore/Coles-CAS/images/1/8/3/1838548-th.jpg",
    "categories": ["pantry"],
    "tags": ["health-fods", "healthy-breakfasts"],
    "locations": {
      "vic": {
        "price": 3,
        "promoText": "$3.00 ",
        "packageSize": "350g",
        "packagePrice": "$0.86 per 100G"
      }
    }
  },
  {
    "id": "coles-organic-psyllium-husk",
    "brand": "Coles",
    "name": "Organic Psyllium Husk",
    "imageUrl": "https://shop.coles.com.au/wcsstore/Coles-CAS/images/3/1/3/3131107-th.jpg",
    "categories": ["pantry"],
    "tags": ["health-fods", "healthy-breakfasts"],
    "locations": {
      "vic": {
        "price": 6,
        "promoText": " ",
        "packageSize": "250g",
        "packagePrice": "$2.40 per 100G"
      }
    }
  },
  {
    "id": "freedom-foods-xo-crunch",
    "brand": "Freedom Foods",
    "name": "XO Crunch",
    "imageUrl": "https://shop.coles.com.au/wcsstore/Coles-CAS/images/1/9/9/1992606-th.jpg",
    "categories": ["pantry"],
    "tags": ["health-fods", "healthy-breakfasts"],
    "locations": {
      "vic": {
        "price": 2,
        "promoText": "$2.00 ",
        "packageSize": "285g",
        "packagePrice": "$0.70 per 100G"
      }
    }
  },
  {
    "id": "freedom-foods-corn-flakes",
    "brand": "Freedom Foods",
    "name": "Corn Flakes",
    "imageUrl": "https://shop.coles.com.au/wcsstore/Coles-CAS/images/2/4/7/2471391-th.jpg",
    "categories": ["pantry"],
    "tags": ["health-fods", "healthy-breakfasts"],
    "locations": {
      "vic": {
        "price": 2,
        "promoText": "$2.00 ",
        "packageSize": "260g",
        "packagePrice": "$0.77 per 100G"
      }
    }
  },
  {
    "id": "pureharvest-rice-syrup-natural",
    "brand": "Pureharvest",
    "name": "Natural Rice Malt Syrup",
    "imageUrl": "https://shop.coles.com.au/wcsstore/Coles-CAS/images/5/3/5/5356119-th.jpg",
    "categories": ["pantry"],
    "tags": ["health-fods", "healthy-breakfasts"],
    "locations": {
      "vic": {
        "price": 3.8,
        "promoText": " ",
        "packageSize": "500g",
        "packagePrice": "$0.76 per 100G"
      }
    }
  },
  {
    "id": "coles-simply-gluten-free-cereal-corn-flakes",
    "brand": "Coles",
    "name": "I'M Free From Corn Flakes",
    "imageUrl": "https://shop.coles.com.au/wcsstore/Coles-CAS/images/1/2/5/1250466-th.jpg",
    "categories": ["pantry"],
    "tags": ["health-fods", "healthy-breakfasts"],
    "locations": {
      "vic": {
        "price": 3,
        "promoText": " ",
        "packageSize": "375g",
        "packagePrice": "$0.80 per 100G"
      }
    }
  },
  {
    "id": "wellness-road-organic-hulled-tahini",
    "brand": "Wellness Road",
    "name": "Organic Hulled Tahini",
    "imageUrl": "https://shop.coles.com.au/wcsstore/Coles-CAS/images/3/6/2/3624603-th.jpg",
    "categories": ["pantry"],
    "tags": ["health-fods", "healthy-breakfasts"],
    "locations": {
      "vic": {
        "price": 5,
        "promoText": " ",
        "packageSize": "375g",
        "packagePrice": "$1.33 per 100G"
      }
    }
  },
  {
    "id": "bounce-apricot-almond-brekkie-bar",
    "brand": "Bounce",
    "name": "Apricot Almond Brekkie Bar 3 Pack",
    "imageUrl": "https://shop.coles.com.au/wcsstore/Coles-CAS/images/3/6/8/3681844-th.jpg",
    "categories": ["pantry"],
    "tags": ["health-fods", "healthy-breakfasts"],
    "locations": {
      "vic": {
        "price": 6,
        "promoText": " ",
        "packageSize": "150g",
        "packagePrice": "$4.00 per 100G"
      }
    }
  },
  {
    "id": "freedom-foods-cereal-ultra-rice-maple-crunch-gluten-free",
    "brand": "Freedom Foods",
    "name": "Ultra Rice Maple Crunch Gluten Free",
    "imageUrl": "https://shop.coles.com.au/wcsstore/Coles-CAS/images/9/5/5/9552367-th.jpg",
    "categories": ["pantry"],
    "tags": ["health-fods", "healthy-breakfasts"],
    "locations": {
      "vic": {
        "price": 2.5,
        "promoText": "$2.50 ",
        "packageSize": "300g",
        "packagePrice": "$0.83 per 100G"
      }
    }
  },
  {
    "id": "messy-monkey-choc-crunch-cereal",
    "brand": "Freedom Foods",
    "name": "Messy Monkeys Gluten Free Choc Crunch Cereal",
    "imageUrl": "https://shop.coles.com.au/wcsstore/Coles-CAS/images/3/4/6/3464530-th.jpg",
    "categories": ["pantry"],
    "tags": ["health-fods", "healthy-breakfasts"],
    "locations": {
      "vic": {
        "price": 4,
        "promoText": " ",
        "packageSize": "240g",
        "packagePrice": "$1.67 per 100G"
      }
    }
  },
  {
    "id": "food-for-health-cereal-cluster-fruit-free",
    "brand": "Food For Health",
    "name": "Fruit Free Clusters with Chai & Cinnamon",
    "imageUrl": "https://shop.coles.com.au/wcsstore/Coles-CAS/images/7/5/9/7595493-th.jpg",
    "categories": ["pantry"],
    "tags": ["health-fods", "healthy-breakfasts"],
    "locations": {
      "vic": {
        "price": 8,
        "promoText": " ",
        "packageSize": "425g",
        "packagePrice": "$1.88 per 100G"
      }
    }
  },
  {
    "id": "freedom-foods-cereal-fructose-free-ancient-grain-muesli",
    "brand": "Freedom Foods",
    "name": "Fructose Free Ancient Grain Muesli",
    "imageUrl": "https://shop.coles.com.au/wcsstore/Coles-CAS/images/1/2/6/1263694-th.jpg",
    "categories": ["pantry"],
    "tags": ["health-fods", "healthy-breakfasts"],
    "locations": {
      "vic": {
        "price": 3.25,
        "promoText": "$3.25 ",
        "packageSize": "300g",
        "packagePrice": "$1.08 per 100G"
      }
    }
  },
  {
    "id": "abundant-earth-puffed-rice-cereal",
    "brand": "Abundant Earth",
    "name": "Puffed Rice Cereal",
    "imageUrl": "https://shop.coles.com.au/wcsstore/Coles-CAS/images/5/4/0/5405291-th.jpg",
    "categories": ["pantry"],
    "tags": ["health-fods", "healthy-breakfasts"],
    "locations": {
      "vic": {
        "price": 3.5,
        "promoText": " ",
        "packageSize": "170g",
        "packagePrice": "$2.06 per 100G"
      }
    }
  },
  {
    "id": "bonvit-tea-bags-dandelion",
    "brand": "Bonvit",
    "name": "Dandelion Tea Bags",
    "imageUrl": "https://shop.coles.com.au/wcsstore/Coles-CAS/images/7/0/3/7032628-th.jpg",
    "categories": ["pantry"],
    "tags": ["health-fods", "healthy-breakfasts"],
    "locations": {
      "vic": {
        "price": 8,
        "promoText": " ",
        "packageSize": "32 pack",
        "packagePrice": "$8.89 per 100G"
      }
    }
  },
  {
    "id": "bounce-coconut-goji-brekkie-bar",
    "brand": "Bounce",
    "name": "Coconut Goji Brekkie Bar 3 Pack",
    "imageUrl": "https://shop.coles.com.au/wcsstore/Coles-CAS/images/3/6/8/3681877-th.jpg",
    "categories": ["pantry"],
    "tags": ["health-fods", "healthy-breakfasts"],
    "locations": {
      "vic": {
        "price": 6,
        "promoText": " ",
        "packageSize": "150g",
        "packagePrice": "$4.00 per 100G"
      }
    }
  },
  {
    "id": "keep-it-cleaner-gluten-free-pridge-schts-originl",
    "brand": "Keep It Cleaner",
    "name": "Gluten Free Porridge Original",
    "imageUrl": "https://shop.coles.com.au/wcsstore/Coles-CAS/images/3/1/3/3134739-th.jpg",
    "categories": ["pantry"],
    "tags": ["health-fods", "healthy-breakfasts"],
    "locations": {
      "vic": {
        "price": 8,
        "promoText": " ",
        "packageSize": "200g",
        "packagePrice": "$4.00 per 100G"
      }
    }
  },
  {
    "id": "mayvers-health-time-tahini-spread-gluten-free",
    "brand": "Mayvers",
    "name": "Health Time Gluten Free Tahini Spread",
    "imageUrl": "https://shop.coles.com.au/wcsstore/Coles-CAS/images/5/0/2/5022180-th.jpg",
    "categories": ["pantry"],
    "tags": ["health-fods", "healthy-breakfasts"],
    "locations": {
      "vic": {
        "price": 5.29,
        "promoText": " ",
        "packageSize": "385g",
        "packagePrice": "$1.37 per 100G"
      }
    }
  },
  {
    "id": "tom-luke-snackballs-dark-choc-mint",
    "brand": "Tom & Luke",
    "name": "Snackaballs Dark Choc Mint",
    "imageUrl": "https://shop.coles.com.au/wcsstore/Coles-CAS/images/3/7/5/3758064-th.jpg",
    "categories": ["pantry"],
    "tags": ["health-fods", "healthy-breakfasts"],
    "locations": {
      "vic": {
        "price": 5,
        "promoText": " ",
        "packageSize": "132g",
        "packagePrice": "$3.79 per 100G"
      }
    }
  },
  {
    "id": "black-natural-sugar-free-energy-drink-with-acai",
    "brand": "28 Black",
    "name": "Sugar Free Natural Energy Drink Can",
    "imageUrl": "https://shop.coles.com.au/wcsstore/Coles-CAS/images/1/4/7/1478362-th.jpg",
    "categories": ["pantry"],
    "tags": ["health-fods", "healthy-breakfasts"],
    "locations": {
      "vic": {
        "price": 2,
        "promoText": "$0.70 ",
        "packageSize": "250mL",
        "packagePrice": "$8.00 per 1L"
      }
    }
  },
  {
    "id": "bounce-banana-pecan-brekkie-bar",
    "brand": "Bounce",
    "name": "Banana Pecan Brekkie Bar 3 Pack",
    "imageUrl": "https://shop.coles.com.au/wcsstore/Coles-CAS/images/3/6/8/3681866-th.jpg",
    "categories": ["pantry"],
    "tags": ["health-fods", "healthy-breakfasts"],
    "locations": {
      "vic": {
        "price": 6,
        "promoText": " ",
        "packageSize": "150g",
        "packagePrice": "$4.00 per 100G"
      }
    }
  },
  {
    "id": "freedom-foods-cereal-muesli-gluten-free",
    "brand": "Freedom Foods",
    "name": "Gluten Free Muesli",
    "imageUrl": "https://shop.coles.com.au/wcsstore/Coles-CAS/images/5/7/4/5748152-th.jpg",
    "categories": ["pantry"],
    "tags": ["health-fods", "healthy-breakfasts"],
    "locations": {
      "vic": {
        "price": 3.25,
        "promoText": "$3.25 ",
        "packageSize": "500g",
        "packagePrice": "$0.65 per 100G"
      }
    }
  },
  {
    "id": "freedom-foods-xo-crunch-berry-flavour",
    "brand": "Freedom Foods",
    "name": "Xo Crunch Berry Flavour",
    "imageUrl": "https://shop.coles.com.au/wcsstore/Coles-CAS/images/3/6/2/3624636-th.jpg",
    "categories": ["pantry"],
    "tags": ["health-fods", "healthy-breakfasts"],
    "locations": {
      "vic": {
        "price": 2,
        "promoText": "$2.00 ",
        "packageSize": "245g",
        "packagePrice": "$0.82 per 100G"
      }
    }
  },
  {
    "id": "fredom-fods-vanilla-maple-almond-cereal",
    "brand": "Freedom Foods",
    "name": "Vanilla Maple Almond Clusters",
    "imageUrl": "https://shop.coles.com.au/wcsstore/Coles-CAS/images/3/7/7/3773590-th.jpg",
    "categories": ["pantry"],
    "tags": ["health-fods", "healthy-breakfasts"],
    "locations": {
      "vic": {
        "price": 3,
        "promoText": "$3.00 ",
        "packageSize": "360g",
        "packagePrice": "$0.83 per 100G"
      }
    }
  },
  {
    "id": "fredom-fods-berry-coconut-clusters",
    "brand": "Freedom Foods",
    "name": "Berry Coconut Clusters",
    "imageUrl": "https://shop.coles.com.au/wcsstore/Coles-CAS/images/3/7/7/3773603-th.jpg",
    "categories": ["pantry"],
    "tags": ["health-fods", "healthy-breakfasts"],
    "locations": {
      "vic": {
        "price": 3,
        "promoText": "$3.00 ",
        "packageSize": "360g",
        "packagePrice": "$0.83 per 100G"
      }
    }
  },
  {
    "id": "melrose-naturals-cashew-spread",
    "brand": "Melrose",
    "name": "Naturals Cashew Spread",
    "imageUrl": "https://shop.coles.com.au/wcsstore/Coles-CAS/images/5/3/6/5367636-th.jpg",
    "categories": ["pantry"],
    "tags": ["health-fods", "healthy-breakfasts"],
    "locations": {
      "vic": {
        "price": 8.95,
        "promoText": " ",
        "packageSize": "250g",
        "packagePrice": "$3.58 per 100G"
      }
    }
  },
  {
    "id": "natures-way-super-foods-spirulina",
    "brand": "Nature's Way",
    "name": "Super Foods Spirulina",
    "imageUrl": "https://shop.coles.com.au/wcsstore/Coles-CAS/images/1/4/6/1466217-th.jpg",
    "categories": ["pantry"],
    "tags": ["health-fods", "healthy-breakfasts"],
    "locations": {
      "vic": {
        "price": 13,
        "promoText": " ",
        "packageSize": "100g",
        "packagePrice": "$13.00 per 100G"
      }
    }
  },
  {
    "id": "natures-way-super-food-raw-organic-cacao-powder",
    "brand": "Nature's Way",
    "name": "Super Foods Raw Organic Cacao Powder",
    "imageUrl": "https://shop.coles.com.au/wcsstore/Coles-CAS/images/1/4/8/1484401-th.jpg",
    "categories": ["pantry"],
    "tags": ["health-fods", "healthy-breakfasts"],
    "locations": {
      "vic": {
        "price": 8,
        "promoText": " ",
        "packageSize": "125g",
        "packagePrice": "$6.40 per 100G"
      }
    }
  },
  {
    "id": "red-tractor-steel-cut-oats",
    "brand": "Red Tractor",
    "name": "Steel Cut Oats",
    "imageUrl": "https://shop.coles.com.au/wcsstore/Coles-CAS/images/1/7/4/1745800-th.jpg",
    "categories": ["pantry"],
    "tags": ["health-fods", "healthy-breakfasts"],
    "locations": {
      "vic": {
        "price": 7,
        "promoText": " ",
        "packageSize": "850g",
        "packagePrice": "$0.82 per 100G"
      }
    }
  },
  {
    "id": "red-tractor-honey-nut-crumble-granola",
    "brand": "Red Tractor",
    "name": "Fruit Free Honey Nut Crumble Granola",
    "imageUrl": "https://shop.coles.com.au/wcsstore/Coles-CAS/images/1/7/4/1745710-th.jpg",
    "categories": ["pantry"],
    "tags": ["health-fods", "healthy-breakfasts"],
    "locations": {
      "vic": {
        "price": 8.8,
        "promoText": " ",
        "packageSize": "400g",
        "packagePrice": "$2.20 per 100G"
      }
    }
  },
  {
    "id": "table-of-plenty-muesli-probiotics-plus",
    "brand": "Table Of Plenty",
    "name": "Muesli Probiotics + Healthy Gut",
    "imageUrl": "https://shop.coles.com.au/wcsstore/Coles-CAS/images/3/6/0/3609814-th.jpg",
    "categories": ["pantry"],
    "tags": ["health-fods", "healthy-breakfasts"],
    "locations": {
      "vic": {
        "price": 7.2,
        "promoText": " ",
        "packageSize": "400g",
        "packagePrice": "$1.80 per 100G"
      }
    }
  },
  {
    "id": "coles-gluten-free-almond--brazil-cashew-spread",
    "brand": "Wellness Road",
    "name": "ABC Spread",
    "imageUrl": "https://shop.coles.com.au/wcsstore/Coles-CAS/images/3/1/3/3134309-th.jpg",
    "categories": ["pantry"],
    "tags": ["health-fods", "healthy-breakfasts"],
    "locations": {
      "vic": {
        "price": 8,
        "promoText": "Was $8.50 on Aug 2019 ",
        "packageSize": "250g",
        "packagePrice": "$3.20 per 100G"
      }
    }
  },
  {
    "id": "abundant-earth-puffed-corn-cereal",
    "brand": "Abundant Earth",
    "name": "Puffed Corn Cereal",
    "imageUrl": "https://shop.coles.com.au/wcsstore/Coles-CAS/images/5/4/1/5419161-th.jpg",
    "categories": ["pantry"],
    "tags": ["health-fods", "healthy-breakfasts"],
    "locations": {
      "vic": {
        "price": 3.5,
        "promoText": " ",
        "packageSize": "170g",
        "packagePrice": "$2.06 per 100G"
      }
    }
  },
  {
    "id": "coles-organic-rolled-oats-creamy-style",
    "brand": "Coles",
    "name": "Traditional Rolled Oats",
    "imageUrl": "https://shop.coles.com.au/wcsstore/Coles-CAS/images/8/6/6/8667895-th.jpg",
    "categories": ["pantry"],
    "tags": ["health-fods", "healthy-breakfasts"],
    "locations": {
      "vic": {
        "price": 3.5,
        "promoText": "Was $3.75 on Sep 2018 ",
        "packageSize": "500g",
        "packagePrice": "$0.70 per 100G"
      }
    }
  },
  {
    "id": "food-for-health-fruit-free-cacao-coffee-gf",
    "brand": "Food For Health",
    "name": "Coffee & Cacao Fruit Free Clusters",
    "imageUrl": "https://shop.coles.com.au/wcsstore/Coles-CAS/images/2/8/9/2899264-th.jpg",
    "categories": ["pantry"],
    "tags": ["health-fods", "healthy-breakfasts"],
    "locations": {
      "vic": {
        "price": 8,
        "promoText": " ",
        "packageSize": "425g",
        "packagePrice": "$1.88 per 100G"
      }
    }
  },
  {
    "id": "messy-monkey-banana-blast-cereal",
    "brand": "Freedom Foods",
    "name": "Messy Monkeys Gluten Free Banana Flavour Cereal",
    "imageUrl": "https://shop.coles.com.au/wcsstore/Coles-CAS/images/3/4/6/3464518-th.jpg",
    "categories": ["pantry"],
    "tags": ["health-fods", "healthy-breakfasts"],
    "locations": {
      "vic": {
        "price": 4,
        "promoText": " ",
        "packageSize": "220g",
        "packagePrice": "$1.82 per 100G"
      }
    }
  },
  {
    "id": "messy-monkey-berry-shake-cereal",
    "brand": "Freedom Foods",
    "name": "Messy Monkeys Gluten Free Berry Shake Flavour Cereal",
    "imageUrl": "https://shop.coles.com.au/wcsstore/Coles-CAS/images/3/4/6/3464529-th.jpg",
    "categories": ["pantry"],
    "tags": ["health-fods", "healthy-breakfasts"],
    "locations": {
      "vic": {
        "price": 4,
        "promoText": " ",
        "packageSize": "240g",
        "packagePrice": "$1.67 per 100G"
      }
    }
  },
  {
    "id": "mayvers-health-time-tahini-spread-gluten-free-unhulled",
    "brand": "Mayvers",
    "name": "Gluten Free Health Time Unhulled Tahini Spread",
    "imageUrl": "https://shop.coles.com.au/wcsstore/Coles-CAS/images/8/0/8/8082020-th.jpg",
    "categories": ["pantry"],
    "tags": ["health-fods", "healthy-breakfasts"],
    "locations": {
      "vic": {
        "price": 5.29,
        "promoText": " ",
        "packageSize": "385g",
        "packagePrice": "$1.37 per 100G"
      }
    }
  },
  {
    "id": "mayvers-org-peanut-spread-coconut",
    "brand": "Mayvers",
    "name": "Organic Coconut Peanut Spread",
    "imageUrl": "https://shop.coles.com.au/wcsstore/Coles-CAS/images/1/4/6/1464153-th.jpg",
    "categories": ["pantry"],
    "tags": ["health-fods", "healthy-breakfasts"],
    "locations": {
      "vic": {
        "price": 6,
        "promoText": " ",
        "packageSize": "375g",
        "packagePrice": "$1.60 per 100G"
      }
    }
  },
  {
    "id": "natures-way-superfoods-turmeric-powder",
    "brand": "Natures Way Superfoods",
    "name": "Turmeric Powder",
    "imageUrl": "https://shop.coles.com.au/wcsstore/Coles-CAS/images/2/8/7/2874966-th.jpg",
    "categories": ["pantry"],
    "tags": ["health-fods", "healthy-breakfasts"],
    "locations": {
      "vic": {
        "price": 13,
        "promoText": " ",
        "packageSize": "100g",
        "packagePrice": "$13.00 per 100G"
      }
    }
  },
  {
    "id": "simple-foods-organic-smoothie-green",
    "brand": "Simple Foods",
    "name": "Organic Vegan & Gluten Free Super Greens Smoothie",
    "imageUrl": "https://shop.coles.com.au/wcsstore/Coles-CAS/images/3/1/3/3131490-th.jpg",
    "categories": ["pantry"],
    "tags": ["health-fods", "healthy-breakfasts"],
    "locations": {
      "vic": {
        "price": 4.8,
        "promoText": "$1.20 ",
        "packageSize": "100g",
        "packagePrice": "$4.80 per 100G"
      }
    }
  },
  {
    "id": "table-of-plenty-porridge-rpotein-strong-muscles",
    "brand": "Table Of Plenty",
    "name": "Porridge Protein + Strong Muscles",
    "imageUrl": "https://shop.coles.com.au/wcsstore/Coles-CAS/images/3/6/0/3609825-th.jpg",
    "categories": ["pantry"],
    "tags": ["health-fods", "healthy-breakfasts"],
    "locations": {
      "vic": {
        "price": 7.2,
        "promoText": " ",
        "packageSize": "400g",
        "packagePrice": "$1.80 per 100G"
      }
    }
  },
  {
    "id": "coles-almond-butter",
    "brand": "Wellness Road",
    "name": "Almond Spread",
    "imageUrl": "https://shop.coles.com.au/wcsstore/Coles-CAS/images/2/9/1/2915542-th.jpg",
    "categories": ["pantry"],
    "tags": ["health-fods", "healthy-breakfasts"],
    "locations": {
      "vic": {
        "price": 8,
        "promoText": " ",
        "packageSize": "250g",
        "packagePrice": "$3.20 per 100G"
      }
    }
  },
  {
    "id": "wellness-road-skin-on-peanut-butter",
    "brand": "Wellness Road",
    "name": "Skin On Peanut Butter",
    "imageUrl": "https://shop.coles.com.au/wcsstore/Coles-CAS/images/3/6/1/3611543-th.jpg",
    "categories": ["pantry"],
    "tags": ["health-fods", "healthy-breakfasts"],
    "locations": {
      "vic": {
        "price": 4,
        "promoText": " ",
        "packageSize": "280g",
        "packagePrice": "$1.43 per 100G"
      }
    }
  },
  {
    "id": "aloe-vera-of-australia-juice-plain-natural",
    "brand": "Aloe Vera of Australia",
    "name": "Plain Natural Juice",
    "imageUrl": "https://shop.coles.com.au/wcsstore/Coles-CAS/images/5/5/8/5585579-th.jpg",
    "categories": ["pantry"],
    "tags": ["health-fods", "healthy-breakfasts"],
    "locations": {
      "vic": {
        "price": 12.4,
        "promoText": " ",
        "packageSize": "1L",
        "packagePrice": "$12.40 per 1L"
      }
    }
  },
  {
    "id": "blue-label-molasses",
    "brand": "Blue Label",
    "name": "Molasses",
    "imageUrl": "https://shop.coles.com.au/wcsstore/Coles-CAS/images/9/0/5/9054676-th.jpg",
    "categories": ["pantry"],
    "tags": ["health-fods", "healthy-breakfasts"],
    "locations": {
      "vic": {
        "price": 4,
        "promoText": " ",
        "packageSize": "550g",
        "packagePrice": "$0.73 per 100G"
      }
    }
  },
  {
    "id": "coles-organic-rolled-oats-instant",
    "brand": "Coles",
    "name": "Instant Rolled Oats",
    "imageUrl": "https://shop.coles.com.au/wcsstore/Coles-CAS/images/8/6/6/8668049-th.jpg",
    "categories": ["pantry"],
    "tags": ["health-fods", "healthy-breakfasts"],
    "locations": {
      "vic": {
        "price": 3.5,
        "promoText": "Was $3.75 on Sep 2018 ",
        "packageSize": "500g",
        "packagePrice": "$0.70 per 100G"
      }
    }
  },
  {
    "id": "coles-organic-gluten-free-turmeric-powder",
    "brand": "Coles",
    "name": "Organic Turmeric Powder",
    "imageUrl": "https://shop.coles.com.au/wcsstore/Coles-CAS/images/3/1/3/3131231-th.jpg",
    "categories": ["pantry"],
    "tags": ["health-fods", "healthy-breakfasts"],
    "locations": {
      "vic": {
        "price": 5.5,
        "promoText": " ",
        "packageSize": "150g",
        "packagePrice": "$3.67 per 100G"
      }
    }
  },
  {
    "id": "coles-organic-maca",
    "brand": "Coles",
    "name": "Organic Maca Powder",
    "imageUrl": "https://shop.coles.com.au/wcsstore/Coles-CAS/images/3/1/3/3131071-th.jpg",
    "categories": ["pantry"],
    "tags": ["health-fods", "healthy-breakfasts"],
    "locations": {
      "vic": {
        "price": 5.5,
        "promoText": " ",
        "packageSize": "150g",
        "packagePrice": "$3.67 per 100G"
      }
    }
  },
  {
    "id": "farmer-jo-salted-maple-baked-muesli",
    "brand": "Farmer Jo",
    "name": "Salted Maple Baked Muesli",
    "imageUrl": "https://shop.coles.com.au/wcsstore/Coles-CAS/images/3/7/5/3758053-th.jpg",
    "categories": ["pantry"],
    "tags": ["health-fods", "healthy-breakfasts"],
    "locations": {
      "vic": {
        "price": 8,
        "promoText": " ",
        "packageSize": "400g",
        "packagePrice": "$2.00 per 100G"
      }
    }
  },
  {
    "id": "farmer-jo-cranberry-fig-baked-muesli",
    "brand": "Farmer Jo",
    "name": "Cranberry & Fig Baked Muesli",
    "imageUrl": "https://shop.coles.com.au/wcsstore/Coles-CAS/images/3/7/5/3758020-th.jpg",
    "categories": ["pantry"],
    "tags": ["health-fods", "healthy-breakfasts"],
    "locations": {
      "vic": {
        "price": 8,
        "promoText": " ",
        "packageSize": "400g",
        "packagePrice": "$2.00 per 100G"
      }
    }
  },
  {
    "id": "farmer-jo-gluten-fre-paleo-granola",
    "brand": "Farmer Jo",
    "name": "Gluten Free Paleo Granola",
    "imageUrl": "https://shop.coles.com.au/wcsstore/Coles-CAS/images/3/7/5/3758042-th.jpg",
    "categories": ["pantry"],
    "tags": ["health-fods", "healthy-breakfasts"],
    "locations": {
      "vic": {
        "price": 10,
        "promoText": " ",
        "packageSize": "300g",
        "packagePrice": "$3.33 per 100G"
      }
    }
  },
  {
    "id": "farmer-jo-cacao-hemp-granola",
    "brand": "Farmer Jo",
    "name": "Cacao & Hemp Granola",
    "imageUrl": "https://shop.coles.com.au/wcsstore/Coles-CAS/images/3/7/5/3758031-th.jpg",
    "categories": ["pantry"],
    "tags": ["health-fods", "healthy-breakfasts"],
    "locations": {
      "vic": {
        "price": 8,
        "promoText": " ",
        "packageSize": "350g",
        "packagePrice": "$2.29 per 100G"
      }
    }
  },
  {
    "id": "food-for-health-muesli-gluten-free",
    "brand": "Food For Health",
    "name": "Gluten Free Muesli",
    "imageUrl": "https://shop.coles.com.au/wcsstore/Coles-CAS/images/6/4/2/6428441-th.jpg",
    "categories": ["pantry"],
    "tags": ["health-fods", "healthy-breakfasts"],
    "locations": {
      "vic": {
        "price": 8,
        "promoText": " ",
        "packageSize": "425g",
        "packagePrice": "$1.68 per 100G"
      }
    }
  },
  {
    "id": "food-for-heatlh-simply-fibre-muesli",
    "brand": "Food For Health",
    "name": "Simply Fibre Muesli",
    "imageUrl": "https://shop.coles.com.au/wcsstore/Coles-CAS/images/2/8/9/2899286-th.jpg",
    "categories": ["pantry"],
    "tags": ["health-fods", "healthy-breakfasts"],
    "locations": {
      "vic": {
        "price": 8,
        "promoText": " ",
        "packageSize": "475g",
        "packagePrice": "$1.68 per 100G"
      }
    }
  },
  {
    "id": "food-for-health-fruit-free-clstr-simply-nuty-gf",
    "brand": "Food For Health",
    "name": "Nutty Almond Fruit Free Clusters",
    "imageUrl": "https://shop.coles.com.au/wcsstore/Coles-CAS/images/2/8/9/2899275-th.jpg",
    "categories": ["pantry"],
    "tags": ["health-fods", "healthy-breakfasts"],
    "locations": {
      "vic": {
        "price": 8,
        "promoText": " ",
        "packageSize": "425g",
        "packagePrice": "$1.88 per 100G"
      }
    }
  },
  {
    "id": "messy-monkeys-honey-buzz-cereal",
    "brand": "Freedom Foods",
    "name": "Messy Monkeys Gluten Free Honey Buzz Flavour Cereal",
    "imageUrl": "https://shop.coles.com.au/wcsstore/Coles-CAS/images/3/6/2/3624647-th.jpg",
    "categories": ["pantry"],
    "tags": ["health-fods", "healthy-breakfasts"],
    "locations": {
      "vic": {
        "price": 4,
        "promoText": " ",
        "packageSize": "250g",
        "packagePrice": "$1.60 per 100G"
      }
    }
  },
  {
    "id": "kapai-puku-gluten-free-gut-health",
    "brand": "Kapai Puku",
    "name": "Gluten Free Stomach Health",
    "imageUrl": "https://shop.coles.com.au/wcsstore/ColesResponsiveStorefrontAssetStore/dist/ccfc54aed6e361b650bcf0582f7b576b/img/img_product-placeholder.png",
    "categories": ["pantry"],
    "tags": ["health-fods", "healthy-breakfasts"],
    "locations": {
      "vic": {
        "price": 13.5,
        "promoText": " ",
        "packageSize": "450g",
        "packagePrice": "$3.00 per 100G"
      }
    }
  },
  {
    "id": "kapai-puku-health-liver",
    "brand": "Kapai Puku",
    "name": "Health Liver",
    "imageUrl": "https://shop.coles.com.au/wcsstore/Coles-CAS/images/3/1/3/3134207-th.jpg",
    "categories": ["pantry"],
    "tags": ["health-fods", "healthy-breakfasts"],
    "locations": {
      "vic": {
        "price": 13.5,
        "promoText": " ",
        "packageSize": "450g",
        "packagePrice": "$3.00 per 100G"
      }
    }
  },
  {
    "id": "kapai-puku-health-skin",
    "brand": "Kapai Puku",
    "name": "Gluten Free Health Skin Purify",
    "imageUrl": "https://shop.coles.com.au/wcsstore/ColesResponsiveStorefrontAssetStore/dist/ccfc54aed6e361b650bcf0582f7b576b/img/img_product-placeholder.png",
    "categories": ["pantry"],
    "tags": ["health-fods", "healthy-breakfasts"],
    "locations": {
      "vic": {
        "price": 13.5,
        "promoText": " ",
        "packageSize": "450g",
        "packagePrice": "$3.00 per 100G"
      }
    }
  },
  {
    "id": "lowan-rice-porridge-orchard-fruit",
    "brand": "Lowan",
    "name": "Gluten Free Rice Porridge With Orchard Fruits",
    "imageUrl": "https://shop.coles.com.au/wcsstore/Coles-CAS/images/8/7/3/8730380-th.jpg",
    "categories": ["pantry"],
    "tags": ["health-fods", "healthy-breakfasts"],
    "locations": {
      "vic": {
        "price": 0,
        "promoText": " ",
        "packageSize": "500g",
        "packagePrice": ""
      }
    }
  },
  {
    "id": "manuka-health-mgo100-manuka-honey",
    "brand": "Manuka Health",
    "name": "Mgo100+ Manuka Honey",
    "imageUrl": "https://shop.coles.com.au/wcsstore/Coles-CAS/images/3/1/2/3129150-th.jpg",
    "categories": ["pantry"],
    "tags": ["health-fods", "healthy-breakfasts"],
    "locations": {
      "vic": {
        "price": 20,
        "promoText": " ",
        "packageSize": "250g",
        "packagePrice": "$8.00 per 100G"
      }
    }
  },
  {
    "id": "monster-muesli-muesli-berry",
    "brand": "Monster Muesli",
    "name": "Berry Muesli",
    "imageUrl": "https://shop.coles.com.au/wcsstore/Coles-CAS/images/1/4/6/1469850-th.jpg",
    "categories": ["pantry"],
    "tags": ["health-fods", "healthy-breakfasts"],
    "locations": {
      "vic": {
        "price": 7.2,
        "promoText": " ",
        "packageSize": "600g",
        "packagePrice": "$1.20 per 100G"
      }
    }
  },
  {
    "id": "natures-way-super-foods-acai",
    "brand": "Nature's Way",
    "name": "Super Foods Acai",
    "imageUrl": "https://shop.coles.com.au/wcsstore/Coles-CAS/images/1/4/6/1466272-th.jpg",
    "categories": ["pantry"],
    "tags": ["health-fods", "healthy-breakfasts"],
    "locations": {
      "vic": {
        "price": 18.45,
        "promoText": " ",
        "packageSize": "50g",
        "packagePrice": "$36.90 per 100G"
      }
    }
  },
  {
    "id": "natures-way-super-foods-maca-powder",
    "brand": "Nature's Way",
    "name": "Super Foods Maca Powder",
    "imageUrl": "https://shop.coles.com.au/wcsstore/Coles-CAS/images/1/4/7/1477574-th.jpg",
    "categories": ["pantry"],
    "tags": ["health-fods", "healthy-breakfasts"],
    "locations": {
      "vic": {
        "price": 8,
        "promoText": " ",
        "packageSize": "100g",
        "packagePrice": "$8.00 per 100G"
      }
    }
  },
  {
    "id": "natures-way-super-greens-boost",
    "brand": "Nature's Way",
    "name": "Super Greens Boost",
    "imageUrl": "https://shop.coles.com.au/wcsstore/Coles-CAS/images/1/9/9/1996094-th.jpg",
    "categories": ["pantry"],
    "tags": ["health-fods", "healthy-breakfasts"],
    "locations": {
      "vic": {
        "price": 20,
        "promoText": " ",
        "packageSize": "100g",
        "packagePrice": "$20.00 per 100G"
      }
    }
  },
  {
    "id": "natures-way-superfoods-cacao-nibs",
    "brand": "Nature's Way",
    "name": "Superfoods Cacao Nibs",
    "imageUrl": "https://shop.coles.com.au/wcsstore/Coles-CAS/images/2/4/8/2481351-th.jpg",
    "categories": ["pantry"],
    "tags": ["health-fods", "healthy-breakfasts"],
    "locations": {
      "vic": {
        "price": 12,
        "promoText": " ",
        "packageSize": "100g",
        "packagePrice": "$12.00 per 100G"
      }
    }
  },
  {
    "id": "natures-way-superfood--turmeric-fusion",
    "brand": "Nature's Way",
    "name": "Organic RawTurmeric Fusion",
    "imageUrl": "https://shop.coles.com.au/wcsstore/Coles-CAS/images/2/8/7/2875073-th.jpg",
    "categories": ["pantry"],
    "tags": ["health-fods", "healthy-breakfasts"],
    "locations": {
      "vic": {
        "price": 4,
        "promoText": " ",
        "packageSize": "330mL",
        "packagePrice": "$1.21 per 100mL"
      }
    }
  },
  {
    "id": "natures-way-kombucha-pomegranate-apple-drink",
    "brand": "Nature's Way",
    "name": "Organic Kombucha Pomegranate & Apple Raw Drink",
    "imageUrl": "https://shop.coles.com.au/wcsstore/Coles-CAS/images/2/4/9/2498004-th.jpg",
    "categories": ["pantry"],
    "tags": ["health-fods", "healthy-breakfasts"],
    "locations": {
      "vic": {
        "price": 4,
        "promoText": " ",
        "packageSize": "330mL",
        "packagePrice": "$1.21 per 100mL"
      }
    }
  },
  {
    "id": "natures-way-kombucha-lime-ginger-drink",
    "brand": "Nature's Way",
    "name": "Kombucha Lime & Ginger Organic Raw Drink",
    "imageUrl": "https://shop.coles.com.au/wcsstore/Coles-CAS/images/2/4/9/2497996-th.jpg",
    "categories": ["pantry"],
    "tags": ["health-fods", "healthy-breakfasts"],
    "locations": {
      "vic": {
        "price": 4,
        "promoText": " ",
        "packageSize": "330mL",
        "packagePrice": "$1.21 per 100mL"
      }
    }
  },
  {
    "id": "natures-way-super-food-collagen-bone-broth-gf",
    "brand": "Nature's Way",
    "name": "Super Foods Collagen Bone Broth",
    "imageUrl": "https://shop.coles.com.au/wcsstore/Coles-CAS/images/3/1/3/3133270-th.jpg",
    "categories": ["pantry"],
    "tags": ["health-fods", "healthy-breakfasts"],
    "locations": {
      "vic": {
        "price": 20,
        "promoText": " ",
        "packageSize": "120g",
        "packagePrice": "$16.67 per 100G"
      }
    }
  },
  {
    "id": "natures-way-super-food-beauty-smoothie-gf",
    "brand": "Nature's Way",
    "name": "Collagen Beauty Smoothie",
    "imageUrl": "https://shop.coles.com.au/wcsstore/Coles-CAS/images/3/1/3/3132176-th.jpg",
    "categories": ["pantry"],
    "tags": ["health-fods", "healthy-breakfasts"],
    "locations": {
      "vic": {
        "price": 15,
        "promoText": " ",
        "packageSize": "120g",
        "packagePrice": "$12.50 per 100G"
      }
    }
  },
  {
    "id": "natures-way-probiotic-water-coconut-lime",
    "brand": "Nature's Way",
    "name": "Organic Probiotic Sparkling Water Coconut And Lime Flavour",
    "imageUrl": "https://shop.coles.com.au/wcsstore/Coles-CAS/images/2/9/0/2900590-th.jpg",
    "categories": ["pantry"],
    "tags": ["health-fods", "healthy-breakfasts"],
    "locations": {
      "vic": {
        "price": 4.2,
        "promoText": " ",
        "packageSize": "330mL",
        "packagePrice": "$1.27 per 100mL"
      }
    }
  },
  {
    "id": "natures-way-match-green-tea-powder",
    "brand": "Natures Way",
    "name": "Match Green Tea Powder",
    "imageUrl": "https://shop.coles.com.au/wcsstore/Coles-CAS/images/2/4/8/2481464-th.jpg",
    "categories": ["pantry"],
    "tags": ["health-fods", "healthy-breakfasts"],
    "locations": {
      "vic": {
        "price": 13,
        "promoText": " ",
        "packageSize": "50g",
        "packagePrice": "$26.00 per 100G"
      }
    }
  },
  {
    "id": "sugar-fre-matcha-coconut-flavoured-cereal",
    "brand": "Orgran",
    "name": "Sugar Free Matcha & Coconut Flavoured Cereal",
    "imageUrl": "https://shop.coles.com.au/wcsstore/Coles-CAS/images/3/6/2/3624068-th.jpg",
    "categories": ["pantry"],
    "tags": ["health-fods", "healthy-breakfasts"],
    "locations": {
      "vic": {
        "price": 5.7,
        "promoText": " ",
        "packageSize": "200g",
        "packagePrice": "$2.85 per 100G"
      }
    }
  },
  {
    "id": "sugar-fre-acai-coconut-flavoured-cereal",
    "brand": "Orgran",
    "name": "Sugar Free Acai & Coconut Flavoured Cereal",
    "imageUrl": "https://shop.coles.com.au/wcsstore/Coles-CAS/images/3/6/2/3624057-th.jpg",
    "categories": ["pantry"],
    "tags": ["health-fods", "healthy-breakfasts"],
    "locations": {
      "vic": {
        "price": 5.7,
        "promoText": " ",
        "packageSize": "200g",
        "packagePrice": "$2.85 per 100G"
      }
    }
  },
  {
    "id": "pureharvest-abc-hemp",
    "brand": "Pureharvest",
    "name": "Abc Hemp Spread",
    "imageUrl": "https://shop.coles.com.au/wcsstore/Coles-CAS/images/3/1/3/3134331-th.jpg",
    "categories": ["pantry"],
    "tags": ["health-fods", "healthy-breakfasts"],
    "locations": {
      "vic": {
        "price": 9,
        "promoText": " ",
        "packageSize": "250g",
        "packagePrice": "$3.60 per 100G"
      }
    }
  },
  {
    "id": "red-tractor-omega-3-instant-oats",
    "brand": "Red Tractor",
    "name": "Protein Oats",
    "imageUrl": "https://shop.coles.com.au/wcsstore/Coles-CAS/images/2/2/7/2276534-th.jpg",
    "categories": ["pantry"],
    "tags": ["health-fods", "healthy-breakfasts"],
    "locations": {
      "vic": {
        "price": 6.5,
        "promoText": " ",
        "packageSize": "400g",
        "packagePrice": "$1.63 per 100G"
      }
    }
  },
  {
    "id": "flax-farms-paleo-protein-mix",
    "brand": "Red Tractor",
    "name": "Paleo Protein Mix",
    "imageUrl": "https://shop.coles.com.au/wcsstore/Coles-CAS/images/2/2/7/2276501-th.jpg",
    "categories": ["pantry"],
    "tags": ["health-fods", "healthy-breakfasts"],
    "locations": {
      "vic": {
        "price": 7.4,
        "promoText": " ",
        "packageSize": "300g",
        "packagePrice": "$2.47 per 100G"
      }
    }
  },
  {
    "id": "red-tractor--paleo-cereal-nut-crunch",
    "brand": "Red Tractor",
    "name": "Paleo Nut Crunch Cereal",
    "imageUrl": "https://shop.coles.com.au/wcsstore/Coles-CAS/images/2/6/1/2618263-th.jpg",
    "categories": ["pantry"],
    "tags": ["health-fods", "healthy-breakfasts"],
    "locations": {
      "vic": {
        "price": 10,
        "promoText": " ",
        "packageSize": "300g",
        "packagePrice": "$3.33 per 100G"
      }
    }
  },
  {
    "id": "red-tractor-fhc-flax-hemp-chia-meal",
    "brand": "Red Tractor",
    "name": "Flax Hemp Chia Meal",
    "imageUrl": "https://shop.coles.com.au/wcsstore/Coles-CAS/images/3/6/2/3624035-th.jpg",
    "categories": ["pantry"],
    "tags": ["health-fods", "healthy-breakfasts"],
    "locations": {
      "vic": {
        "price": 8,
        "promoText": " ",
        "packageSize": "350g",
        "packagePrice": "$2.29 per 100G"
      }
    }
  },
  {
    "id": "simple-foods-latte-organic-turmeric",
    "brand": "Simple Tribe",
    "name": "Gluten Free And Organic Vegan Golden Turmeric Latte",
    "imageUrl": "https://shop.coles.com.au/wcsstore/Coles-CAS/images/3/1/3/3131388-th.jpg",
    "categories": ["pantry"],
    "tags": ["health-fods", "healthy-breakfasts"],
    "locations": {
      "vic": {
        "price": 4.8,
        "promoText": "$1.20 ",
        "packageSize": "100g",
        "packagePrice": "$4.80 per 100G"
      }
    }
  },
  {
    "id": "simple-foods-organic-smoothie-cacao",
    "brand": "Simple Tribe",
    "name": "Gluten Free Dark Cacao Smoothie",
    "imageUrl": "https://shop.coles.com.au/wcsstore/Coles-CAS/images/3/1/3/3131504-th.jpg",
    "categories": ["pantry"],
    "tags": ["health-fods", "healthy-breakfasts"],
    "locations": {
      "vic": {
        "price": 4.8,
        "promoText": "$1.20 ",
        "packageSize": "100g",
        "packagePrice": "$4.80 per 100G"
      }
    }
  },
  {
    "id": "table-of-plenty-immunity-porridge",
    "brand": "Table Of Plenty",
    "name": "Immunity Porridge",
    "imageUrl": "https://shop.coles.com.au/wcsstore/Coles-CAS/images/3/6/0/3609836-th.jpg",
    "categories": ["pantry"],
    "tags": ["health-fods", "healthy-breakfasts"],
    "locations": {
      "vic": {
        "price": 7.2,
        "promoText": " ",
        "packageSize": "400g",
        "packagePrice": "$1.80 per 100G"
      }
    }
  },
  {
    "id": "table-of-plenty-balance-muesli-digestive-care",
    "brand": "Table Of Plenty",
    "name": "Balance Plus Muesli Digestive Care",
    "imageUrl": "https://shop.coles.com.au/wcsstore/Coles-CAS/images/3/7/5/3757990-th.jpg",
    "categories": ["pantry"],
    "tags": ["health-fods", "healthy-breakfasts"],
    "locations": {
      "vic": {
        "price": 7.2,
        "promoText": " ",
        "packageSize": "400g",
        "packagePrice": "$1.80 per 100G"
      }
    }
  },
  {
    "id": "coles-psyllium-husk",
    "brand": "Wellness Road",
    "name": "Psyllium Husk Powder",
    "imageUrl": "https://shop.coles.com.au/wcsstore/Coles-CAS/images/1/4/3/1437219-th.jpg",
    "categories": ["pantry"],
    "tags": ["health-fods", "healthy-breakfasts"],
    "locations": {
      "vic": {
        "price": 8,
        "promoText": " ",
        "packageSize": "450g",
        "packagePrice": "$1.78 per 100G"
      }
    }
  },
  {
    "id": "messy-monkeys-quinoa-bites-burger",
    "brand": "Messy Monkeys",
    "name": "Whole Grain Bites Burger Flavour",
    "imageUrl": "https://shop.coles.com.au/wcsstore/Coles-CAS/images/2/8/9/2897815-th.jpg",
    "categories": ["pantry"],
    "tags": ["health-fods", "healthy-snacks"],
    "locations": {
      "vic": {
        "price": 3.5,
        "promoText": "$3.50 ",
        "packageSize": "160g",
        "packagePrice": "$2.19 per 100G"
      }
    }
  },
  {
    "id": "healtheries-kidscare-rice-wheels-burger-10-pack",
    "brand": "Healtheries",
    "name": "KidsCare Burger Wheels Rice Snacks 10 pack",
    "imageUrl": "https://shop.coles.com.au/wcsstore/Coles-CAS/images/7/2/4/7247894-th.jpg",
    "categories": ["pantry"],
    "tags": ["health-fods", "healthy-snacks"],
    "locations": {
      "vic": {
        "price": 5.2,
        "promoText": " ",
        "packageSize": "180g",
        "packagePrice": "$2.89 per 100G"
      }
    }
  },
  {
    "id": "kezs-biscuits-gluten-free-melting-moments",
    "brand": "Kez's Kitchen",
    "name": "Gluten Free Melting Moment Biscuits",
    "imageUrl": "https://shop.coles.com.au/wcsstore/Coles-CAS/images/6/9/9/6995383-th.jpg",
    "categories": ["pantry"],
    "tags": ["health-fods", "healthy-snacks"],
    "locations": {
      "vic": {
        "price": 7,
        "promoText": " ",
        "packageSize": "190g",
        "packagePrice": "$3.68 per 100G"
      }
    }
  },
  {
    "id": "healtheries-kidscare-rice-wheels-chicken",
    "brand": "Healtheries",
    "name": "KidsCare Roast Chicken Wheels Rice Snacks 10 pack",
    "imageUrl": "https://shop.coles.com.au/wcsstore/Coles-CAS/images/5/2/5/5251416-th.jpg",
    "categories": ["pantry"],
    "tags": ["health-fods", "healthy-snacks"],
    "locations": {
      "vic": {
        "price": 5.2,
        "promoText": " ",
        "packageSize": "180g",
        "packagePrice": "$2.89 per 100G"
      }
    }
  },
  {
    "id": "kezs-free-naked-choc-mud-dessert-bars-5-pack",
    "brand": "Kez's Kitchen",
    "name": "Gluten Free & Naked Choc Mud Bars 5 pack",
    "imageUrl": "https://shop.coles.com.au/wcsstore/Coles-CAS/images/1/9/9/1994827-th.jpg",
    "categories": ["pantry"],
    "tags": ["health-fods", "healthy-snacks"],
    "locations": {
      "vic": {
        "price": 5.2,
        "promoText": " ",
        "packageSize": "125g",
        "packagePrice": "$4.16 per 100G"
      }
    }
  },
  {
    "id": "kezs-free-gluten-free-biscuits-vienna-eclair",
    "brand": "Kez's Kitchen",
    "name": "Gluten Free Vienna Eclair Biscuits",
    "imageUrl": "https://shop.coles.com.au/wcsstore/Coles-CAS/images/8/6/8/8684850-th.jpg",
    "categories": ["pantry"],
    "tags": ["health-fods", "healthy-snacks"],
    "locations": {
      "vic": {
        "price": 7,
        "promoText": " ",
        "packageSize": "190g",
        "packagePrice": "$3.68 per 100G"
      }
    }
  },
  {
    "id": "healtheries-kidscare-rice-wheels-cheese",
    "brand": "Healtheries",
    "name": "KidsCare Cheese Wheels Rice Snacks 10 pack",
    "imageUrl": "https://shop.coles.com.au/wcsstore/Coles-CAS/images/9/7/3/9734885-th.jpg",
    "categories": ["pantry"],
    "tags": ["health-fods", "healthy-snacks"],
    "locations": {
      "vic": {
        "price": 5.2,
        "promoText": " ",
        "packageSize": "180g",
        "packagePrice": "$2.89 per 100G"
      }
    }
  },
  {
    "id": "messy-monkeys-quinoa-cheese-bites",
    "brand": "Messy Monkeys",
    "name": "Whole Grain Bites Cheese Flavour",
    "imageUrl": "https://shop.coles.com.au/wcsstore/Coles-CAS/images/2/8/9/2897826-th.jpg",
    "categories": ["pantry"],
    "tags": ["health-fods", "healthy-snacks"],
    "locations": {
      "vic": {
        "price": 3.5,
        "promoText": "$3.50 ",
        "packageSize": "160g",
        "packagePrice": "$2.19 per 100G"
      }
    }
  },
  {
    "id": "table-of-plenty-mini-rice-cakes-triple-berry-yoghurt",
    "brand": "Table Of Plenty",
    "name": "Mini Rice Cakes Triple Berry Yoghurt",
    "imageUrl": "https://shop.coles.com.au/wcsstore/Coles-CAS/images/8/2/1/8215791-th.jpg",
    "categories": ["pantry"],
    "tags": ["health-fods", "healthy-snacks"],
    "locations": {
      "vic": {
        "price": 3.6,
        "promoText": " ",
        "packageSize": "60g",
        "packagePrice": "$6.00 per 100G"
      }
    }
  },
  {
    "id": "table-of-plenty-rice-cakes-mini-milk-chocolate",
    "brand": "Table of Plenty",
    "name": "Mini Milk Chocolate Rice Cakes",
    "imageUrl": "https://shop.coles.com.au/wcsstore/Coles-CAS/images/8/2/1/8215780-th.jpg",
    "categories": ["pantry"],
    "tags": ["health-fods", "healthy-snacks"],
    "locations": {
      "vic": {
        "price": 3.6,
        "promoText": " ",
        "packageSize": "60g",
        "packagePrice": "$6.00 per 100G"
      }
    }
  },
  {
    "id": "golden-days-apricot-delight-pieces",
    "brand": "Golden Days",
    "name": "Apricot Delight Pieces",
    "imageUrl": "https://shop.coles.com.au/wcsstore/Coles-CAS/images/5/2/1/5219162-th.jpg",
    "categories": ["pantry"],
    "tags": ["health-fods", "healthy-snacks"],
    "locations": {
      "vic": {
        "price": 2.4,
        "promoText": " ",
        "packageSize": "150g",
        "packagePrice": "$1.60 per 100G"
      }
    }
  },
  {
    "id": "golden-days-sesame-snaps",
    "brand": "Golden Days",
    "name": "Gluten Free Original Sesame Snaps 3 pack",
    "imageUrl": "https://shop.coles.com.au/wcsstore/Coles-CAS/images/8/0/7/8071749-th.jpg",
    "categories": ["pantry"],
    "tags": ["health-fods", "healthy-snacks"],
    "locations": {
      "vic": {
        "price": 2.5,
        "promoText": " ",
        "packageSize": "120g",
        "packagePrice": "$2.08 per 100G"
      }
    }
  },
  {
    "id": "table-of-plenty-rice-cakes-mini-dark-chocolate",
    "brand": "Table of Plenty",
    "name": "Mini Dark Chocolate Rice Cakes",
    "imageUrl": "https://shop.coles.com.au/wcsstore/Coles-CAS/images/8/2/1/8215770-th.jpg",
    "categories": ["pantry"],
    "tags": ["health-fods", "healthy-snacks"],
    "locations": {
      "vic": {
        "price": 3.6,
        "promoText": " ",
        "packageSize": "60g",
        "packagePrice": "$6.00 per 100G"
      }
    }
  },
  {
    "id": "gullon-sugar-free-chocolate-chip-cookies",
    "brand": "Gullon",
    "name": "Sugar Free Chocolate Chip Cookies",
    "imageUrl": "https://shop.coles.com.au/wcsstore/Coles-CAS/images/1/4/7/1478544-th.jpg",
    "categories": ["pantry"],
    "tags": ["health-fods", "healthy-snacks"],
    "locations": {
      "vic": {
        "price": 3,
        "promoText": " ",
        "packageSize": "125g",
        "packagePrice": "$2.40 per 100G"
      }
    }
  },
  {
    "id": "carmans-pepita-poppy-seed-super-seed-grain-crackers",
    "brand": "Carman's",
    "name": "Pepita & Poppy Seed Crackers",
    "imageUrl": "https://shop.coles.com.au/wcsstore/Coles-CAS/images/2/9/0/2903394-th.jpg",
    "categories": ["pantry"],
    "tags": ["health-fods", "healthy-snacks"],
    "locations": {
      "vic": {
        "price": 3.8,
        "promoText": " ",
        "packageSize": "80g",
        "packagePrice": "$4.75 per 100G"
      }
    }
  },
  {
    "id": "coles-organic-gf-corn-chips",
    "brand": "Coles",
    "name": "I'M Free From Lightly Salted Corn Chips",
    "imageUrl": "https://shop.coles.com.au/wcsstore/Coles-CAS/images/3/1/3/3138900-th.jpg",
    "categories": ["pantry"],
    "tags": ["health-fods", "healthy-snacks"],
    "locations": {
      "vic": {
        "price": 2.5,
        "promoText": " ",
        "packageSize": "200g",
        "packagePrice": "$1.25 per 100G"
      }
    }
  },
  {
    "id": "marys-gone-original-crackers",
    "brand": "Mary's Gone",
    "name": "Original Crackers",
    "imageUrl": "https://shop.coles.com.au/wcsstore/Coles-CAS/images/1/9/9/1994850-th.jpg",
    "categories": ["pantry"],
    "tags": ["health-fods", "healthy-snacks"],
    "locations": {
      "vic": {
        "price": 7.9,
        "promoText": " ",
        "packageSize": "184g",
        "packagePrice": "$4.29 per 100G"
      }
    }
  },
  {
    "id": "table-of-plenty-mini-rice-cakes-dark-choclate-snack",
    "brand": "Table Of Plenty",
    "name": "Mini Rice Snack Dark Chocolate Cakes",
    "imageUrl": "https://shop.coles.com.au/wcsstore/Coles-CAS/images/3/5/5/3550369-th.jpg",
    "categories": ["pantry"],
    "tags": ["health-fods", "healthy-snacks"],
    "locations": {
      "vic": {
        "price": 5.5,
        "promoText": " ",
        "packageSize": "84g",
        "packagePrice": "$6.55 per 100G"
      }
    }
  },
  {
    "id": "thinkfood-munch-pumpkin-seed",
    "brand": "Thinkfood",
    "name": "Munch Pumpkin Seed Snack",
    "imageUrl": "https://shop.coles.com.au/wcsstore/Coles-CAS/images/2/5/0/2508094-th.jpg",
    "categories": ["pantry"],
    "tags": ["health-fods", "healthy-snacks"],
    "locations": {
      "vic": {
        "price": 4.95,
        "promoText": "$0.55 ",
        "packageSize": "140g",
        "packagePrice": "$3.54 per 100G"
      }
    }
  },
  {
    "id": "vege-chips-multipack-250g",
    "brand": "Vege",
    "name": "Original Multipack Chips 12 Pack",
    "imageUrl": "https://shop.coles.com.au/wcsstore/Coles-CAS/images/8/3/1/8313724-th.jpg",
    "categories": ["pantry"],
    "tags": ["health-fods", "healthy-snacks"],
    "locations": {
      "vic": {
        "price": 8.8,
        "promoText": " ",
        "packageSize": "250g",
        "packagePrice": "$3.52 per 100G"
      }
    }
  },
  {
    "id": "wallaby-dark-chocolate-orange-almond-coconut-yoghurt-bites",
    "brand": "Wallaby",
    "name": "Bites Gluten Free Dark Chocolate Orange Almond & Coconut Yoghurt",
    "imageUrl": "https://shop.coles.com.au/wcsstore/Coles-CAS/images/1/4/7/1477440-th.jpg",
    "categories": ["pantry"],
    "tags": ["health-fods", "healthy-snacks"],
    "locations": {
      "vic": {
        "price": 4.5,
        "promoText": "$0.50 ",
        "packageSize": "150g",
        "packagePrice": "$3.00 per 100G"
      }
    }
  },
  {
    "id": "orgran-corn-crispibread",
    "brand": "Orgran",
    "name": "Corn Crispbread",
    "imageUrl": "https://shop.coles.com.au/wcsstore/Coles-CAS/images/7/2/4/7242267-th.jpg",
    "categories": ["pantry"],
    "tags": ["health-fods", "healthy-snacks"],
    "locations": {
      "vic": {
        "price": 2.4,
        "promoText": "$0.60 ",
        "packageSize": "125g",
        "packagePrice": "$1.92 per 100G"
      }
    }
  },
  {
    "id": "orgran-gluten-free-buckwheat-crispibread",
    "brand": "Orgran",
    "name": "Gluten Free Buckwheat Crispbread",
    "imageUrl": "https://shop.coles.com.au/wcsstore/Coles-CAS/images/1/9/9/1995070-th.jpg",
    "categories": ["pantry"],
    "tags": ["health-fods", "healthy-snacks"],
    "locations": {
      "vic": {
        "price": 2.25,
        "promoText": "$0.60 ",
        "packageSize": "125g",
        "packagePrice": "$1.80 per 100G"
      }
    }
  },
  {
    "id": "pana-chocolate-strawberry-pistachio",
    "brand": "Pana Organic",
    "name": "Strawberry & Pistachio Chocolate",
    "imageUrl": "https://shop.coles.com.au/wcsstore/Coles-CAS/images/3/0/3/3036183-th.jpg",
    "categories": ["pantry"],
    "tags": ["health-fods", "healthy-snacks"],
    "locations": {
      "vic": {
        "price": 6,
        "promoText": " ",
        "packageSize": "45g",
        "packagePrice": "$13.33 per 100G"
      }
    }
  },
  {
    "id": "sweet-william-chocolate-bar-rice-crackle-bar-dairy-free",
    "brand": "Sweet William",
    "name": "Chocolate Rice Crackle Bar Dairy Free",
    "imageUrl": "https://shop.coles.com.au/wcsstore/Coles-CAS/images/8/5/0/8507899-th.jpg",
    "categories": ["pantry"],
    "tags": ["health-fods", "healthy-snacks"],
    "locations": {
      "vic": {
        "price": 2.6,
        "promoText": " ",
        "packageSize": "50g",
        "packagePrice": "$5.20 per 100G"
      }
    }
  },
  {
    "id": "thinkfood-munch-pistachio-cranberry",
    "brand": "Thinkfood",
    "name": "Munch Pistachio Cranberry Snack",
    "imageUrl": "https://shop.coles.com.au/wcsstore/Coles-CAS/images/2/5/0/2508083-th.jpg",
    "categories": ["pantry"],
    "tags": ["health-fods", "healthy-snacks"],
    "locations": {
      "vic": {
        "price": 4.95,
        "promoText": "$0.55 ",
        "packageSize": "140g",
        "packagePrice": "$3.54 per 100G"
      }
    }
  },
  {
    "id": "vege-chips-natural",
    "brand": "Vege",
    "name": "Original Natural Chips",
    "imageUrl": "https://shop.coles.com.au/wcsstore/Coles-CAS/images/5/3/7/5376218-th.jpg",
    "categories": ["pantry"],
    "tags": ["health-fods", "healthy-snacks"],
    "locations": {
      "vic": {
        "price": 3.8,
        "promoText": " ",
        "packageSize": "100g",
        "packagePrice": "$3.80 per 100G"
      }
    }
  },
  {
    "id": "vege-deli-lentils-crips",
    "brand": "Vege",
    "name": "Deli Crisps Lentil Lightly Salted Chips",
    "imageUrl": "https://shop.coles.com.au/wcsstore/Coles-CAS/images/2/4/9/2492198-th.jpg",
    "categories": ["pantry"],
    "tags": ["health-fods", "healthy-snacks"],
    "locations": {
      "vic": {
        "price": 5.5,
        "promoText": " ",
        "packageSize": "100g",
        "packagePrice": "$5.50 per 100G"
      }
    }
  },
  {
    "id": "vege-deli-crips-original-blend",
    "brand": "Vege",
    "name": "Deli Crisps Original Blend Chips",
    "imageUrl": "https://shop.coles.com.au/wcsstore/Coles-CAS/images/2/8/9/2898261-th.jpg",
    "categories": ["pantry"],
    "tags": ["health-fods", "healthy-snacks"],
    "locations": {
      "vic": {
        "price": 5.5,
        "promoText": " ",
        "packageSize": "100g",
        "packagePrice": "$5.50 per 100G"
      }
    }
  },
  {
    "id": "vege-deli-crips-purple-sweet-potato",
    "brand": "Vege",
    "name": "Deli Crisps Purple Sweet Potato Chips",
    "imageUrl": "https://shop.coles.com.au/wcsstore/Coles-CAS/images/2/8/9/2898283-th.jpg",
    "categories": ["pantry"],
    "tags": ["health-fods", "healthy-snacks"],
    "locations": {
      "vic": {
        "price": 5.5,
        "promoText": " ",
        "packageSize": "100g",
        "packagePrice": "$5.50 per 100G"
      }
    }
  },
  {
    "id": "wholesome-foods-original-falafel-chips",
    "brand": "Wholesome Food Company",
    "name": "Gluten Free Original Falafel Chips",
    "imageUrl": "https://shop.coles.com.au/wcsstore/Coles-CAS/images/2/5/0/2509654-th.jpg",
    "categories": ["pantry"],
    "tags": ["health-fods", "healthy-snacks"],
    "locations": {
      "vic": {
        "price": 5,
        "promoText": " ",
        "packageSize": "175g",
        "packagePrice": "$2.86 per 100G"
      }
    }
  },
  {
    "id": "wholesome-foods-hummus-chips",
    "brand": "Wholesome Food Company",
    "name": "Gluten Free Original Hommus Chips",
    "imageUrl": "https://shop.coles.com.au/wcsstore/Coles-CAS/images/2/5/1/2510020-th.jpg",
    "categories": ["pantry"],
    "tags": ["health-fods", "healthy-snacks"],
    "locations": {
      "vic": {
        "price": 5,
        "promoText": " ",
        "packageSize": "120g",
        "packagePrice": "$4.17 per 100G"
      }
    }
  },
  {
    "id": "ajitas-vege-rice-crackers-vegan-cheese",
    "brand": "Ajitas",
    "name": "Vegan Cheese Vege Rice Crackers",
    "imageUrl": "https://shop.coles.com.au/wcsstore/Coles-CAS/images/3/5/5/3554202-th.jpg",
    "categories": ["pantry"],
    "tags": ["health-fods", "healthy-snacks"],
    "locations": {
      "vic": {
        "price": 3.8,
        "promoText": " ",
        "packageSize": "75g",
        "packagePrice": "$5.07 per 100G"
      }
    }
  },
  {
    "id": "carmans-rosemary-sea-salt-super-seed-grain-crackers",
    "brand": "Carman's",
    "name": "Rosemary & Sea Salt Super Seed & Grain Crackers",
    "imageUrl": "https://shop.coles.com.au/wcsstore/Coles-CAS/images/2/9/0/2903408-th.jpg",
    "categories": ["pantry"],
    "tags": ["health-fods", "healthy-snacks"],
    "locations": {
      "vic": {
        "price": 3.8,
        "promoText": " ",
        "packageSize": "80g",
        "packagePrice": "$4.75 per 100G"
      }
    }
  },
  {
    "id": "coles-simply-less-dark-chocolate",
    "brand": "Coles",
    "name": "No Added Sugar Dark Chocolate 5 pack",
    "imageUrl": "https://shop.coles.com.au/wcsstore/Coles-CAS/images/9/9/4/9945643-th.jpg",
    "categories": ["pantry"],
    "tags": ["health-fods", "healthy-snacks"],
    "locations": {
      "vic": {
        "price": 4,
        "promoText": " ",
        "packageSize": "100g",
        "packagePrice": "$4.00 per 100G"
      }
    }
  },
  {
    "id": "coles-simply-gluten-free-biscuits-chocolate-chip",
    "brand": "Coles",
    "name": "I'M Free From Choc Chip Cookies",
    "imageUrl": "https://shop.coles.com.au/wcsstore/Coles-CAS/images/1/2/2/1224546-th.jpg",
    "categories": ["pantry"],
    "tags": ["health-fods", "healthy-snacks"],
    "locations": {
      "vic": {
        "price": 2.7,
        "promoText": " ",
        "packageSize": "160g",
        "packagePrice": "$1.69 per 100G"
      }
    }
  },
  {
    "id": "coles-organic-roasted-seaweed-sea-salt-snacks",
    "brand": "Coles",
    "name": "Organic Roasted Seaweed Snacks Sea Salt",
    "imageUrl": "https://shop.coles.com.au/wcsstore/Coles-CAS/images/3/1/3/3138933-th.jpg",
    "categories": ["pantry"],
    "tags": ["health-fods", "healthy-snacks"],
    "locations": {
      "vic": {
        "price": 1.8,
        "promoText": " ",
        "packageSize": "5g",
        "packagePrice": "$36.00 per 100G"
      }
    }
  },
  {
    "id": "fruit-wise-straps-fruit-variety",
    "brand": "Fruit Wise",
    "name": "Fruit Straps Variety Pack",
    "imageUrl": "https://shop.coles.com.au/wcsstore/Coles-CAS/images/7/8/8/7880401-th.jpg",
    "categories": ["pantry"],
    "tags": ["health-fods", "healthy-snacks"],
    "locations": {
      "vic": {
        "price": 6.1,
        "promoText": " ",
        "packageSize": "140g",
        "packagePrice": "$4.36 per 100G"
      }
    }
  },
  {
    "id": "healtheries-kidscare-potato-sticks-roast-chicken-8-pack",
    "brand": "Healtheries",
    "name": "KidsCare Potato Stix Chicken 8 pack",
    "imageUrl": "https://shop.coles.com.au/wcsstore/Coles-CAS/images/7/2/4/7241322-th.jpg",
    "categories": ["pantry"],
    "tags": ["health-fods", "healthy-snacks"],
    "locations": {
      "vic": {
        "price": 5.3,
        "promoText": " ",
        "packageSize": "160g",
        "packagePrice": "$3.31 per 100G"
      }
    }
  },
  {
    "id": "healtheries-kidscare-roasted-potato-sticks",
    "brand": "Healtheries",
    "name": "KidsCare Potato Stix Roast Potato 8 pack",
    "imageUrl": "https://shop.coles.com.au/wcsstore/Coles-CAS/images/6/6/5/6654510-th.jpg",
    "categories": ["pantry"],
    "tags": ["health-fods", "healthy-snacks"],
    "locations": {
      "vic": {
        "price": 5.3,
        "promoText": " ",
        "packageSize": "160g",
        "packagePrice": "$3.31 per 100G"
      }
    }
  },
  {
    "id": "orgran-gluten-free-multigrain-wafer-crackers",
    "brand": "Orgran",
    "name": "Gluten Free Multigrain Quinoa Wafer Crackers",
    "imageUrl": "https://shop.coles.com.au/wcsstore/Coles-CAS/images/1/9/9/1994907-th.jpg",
    "categories": ["pantry"],
    "tags": ["health-fods", "healthy-snacks"],
    "locations": {
      "vic": {
        "price": 3.9,
        "promoText": " ",
        "packageSize": "100g",
        "packagePrice": "$3.90 per 100G"
      }
    }
  },
  {
    "id": "simply-7-chips-with-sea-salt",
    "brand": "Simply 7",
    "name": "Lentil Chips With Sea Salt",
    "imageUrl": "https://shop.coles.com.au/wcsstore/Coles-CAS/images/1/4/7/1478260-th.jpg",
    "categories": ["pantry"],
    "tags": ["health-fods", "healthy-snacks"],
    "locations": {
      "vic": {
        "price": 4.2,
        "promoText": "$1.05 ",
        "packageSize": "113g",
        "packagePrice": "$3.72 per 100G"
      }
    }
  },
  {
    "id": "simply-7-lentil-jalapeno-chips",
    "brand": "Simply 7",
    "name": "Lentil Jalapeno Chips",
    "imageUrl": "https://shop.coles.com.au/wcsstore/Coles-CAS/images/3/1/3/3139801-th.jpg",
    "categories": ["pantry"],
    "tags": ["health-fods", "healthy-snacks"],
    "locations": {
      "vic": {
        "price": 4.2,
        "promoText": "$1.05 ",
        "packageSize": "113g",
        "packagePrice": "$3.72 per 100G"
      }
    }
  },
  {
    "id": "sun-valley-true-fruit-bars-fruit-salad",
    "brand": "Sun Valley",
    "name": "Fruit Salad True Fruit Bars",
    "imageUrl": "https://shop.coles.com.au/wcsstore/Coles-CAS/images/9/7/3/9737464-th.jpg",
    "categories": ["pantry"],
    "tags": ["health-fods", "healthy-snacks"],
    "locations": {
      "vic": {
        "price": 4.5,
        "promoText": " ",
        "packageSize": "120g",
        "packagePrice": "$3.75 per 100G"
      }
    }
  },
  {
    "id": "sunrice-salt-vinegar-mini-bites-8-pack",
    "brand": "Sunrice",
    "name": "Mini Bites Salt & Vinegar 8 Pack",
    "imageUrl": "https://shop.coles.com.au/wcsstore/Coles-CAS/images/2/0/0/2007260-th.jpg",
    "categories": ["pantry"],
    "tags": ["health-fods", "healthy-snacks"],
    "locations": {
      "vic": {
        "price": 4,
        "promoText": "Was $5.00 on Nov 2017 ",
        "packageSize": "160g",
        "packagePrice": "$2.50 per 100G"
      }
    }
  },
  {
    "id": "sunrice-creepy-cheese-mini-bites-8pk",
    "brand": "Sunrice",
    "name": "Creepy Cheese Mini Bites 8pk",
    "imageUrl": "https://shop.coles.com.au/wcsstore/Coles-CAS/images/1/9/9/1994984-th.jpg",
    "categories": ["pantry"],
    "tags": ["health-fods", "healthy-snacks"],
    "locations": {
      "vic": {
        "price": 4,
        "promoText": "Was $5.00 on Nov 2017 ",
        "packageSize": "160g",
        "packagePrice": "$2.50 per 100G"
      }
    }
  },
  {
    "id": "table-of-plenty-swet-rice-cake-triple-berry",
    "brand": "Table Of Plenty",
    "name": "Mini Rice Cake Triple Berry",
    "imageUrl": "https://shop.coles.com.au/wcsstore/Coles-CAS/images/3/7/5/3757980-th.jpg",
    "categories": ["pantry"],
    "tags": ["health-fods", "healthy-snacks"],
    "locations": {
      "vic": {
        "price": 5.5,
        "promoText": " ",
        "packageSize": "84g",
        "packagePrice": "$6.55 per 100G"
      }
    }
  },
  {
    "id": "the-bar-counter-high-protein-raspberry-truffle",
    "brand": "The Bar Counter",
    "name": "High Protein Raspberry Truffle",
    "imageUrl": "https://shop.coles.com.au/wcsstore/Coles-CAS/images/1/7/5/1751235-th.jpg",
    "categories": ["pantry"],
    "tags": ["health-fods", "healthy-snacks"],
    "locations": {
      "vic": {
        "price": 2.5,
        "promoText": "Any 2 $4",
        "packageSize": "",
        "packagePrice": ""
      }
    }
  },
  {
    "id": "chic-nuts-lightly-salted",
    "brand": "The Happy Snack Company",
    "name": "Lightly Salted Crunchy Roasted Chickpeas",
    "imageUrl": "https://shop.coles.com.au/wcsstore/Coles-CAS/images/1/4/6/1469510-th.jpg",
    "categories": ["pantry"],
    "tags": ["health-fods", "healthy-snacks"],
    "locations": {
      "vic": {
        "price": 5.35,
        "promoText": " ",
        "packageSize": "200g",
        "packagePrice": "$2.68 per 100G"
      }
    }
  },
  {
    "id": "wholesome-foods-straws-wasabi-mayo-chips-gf",
    "brand": "Wholesome Food Company",
    "name": "Gluten Free Quinoa & Chia Straws With Wasabi Chips",
    "imageUrl": "https://shop.coles.com.au/wcsstore/Coles-CAS/images/3/1/4/3145000-th.jpg",
    "categories": ["pantry"],
    "tags": ["health-fods", "healthy-snacks"],
    "locations": {
      "vic": {
        "price": 5,
        "promoText": " ",
        "packageSize": "120g",
        "packagePrice": "$4.17 per 100G"
      }
    }
  },
  {
    "id": "ajitas-vege-rice-crackers-sour-cream-chives",
    "brand": "Ajitas",
    "name": "Sour Cream & Chives Vege Rice Crackers",
    "imageUrl": "https://shop.coles.com.au/wcsstore/Coles-CAS/images/3/5/5/3554199-th.jpg",
    "categories": ["pantry"],
    "tags": ["health-fods", "healthy-snacks"],
    "locations": {
      "vic": {
        "price": 3.8,
        "promoText": " ",
        "packageSize": "75g",
        "packagePrice": "$5.07 per 100G"
      }
    }
  },
  {
    "id": "vege-twists-cheeese-max",
    "brand": "Ajitas",
    "name": "Cheeese Max With Potato & Lentils Vege Twists",
    "imageUrl": "https://shop.coles.com.au/wcsstore/Coles-CAS/images/3/5/3/3539093-th.jpg",
    "categories": ["pantry"],
    "tags": ["health-fods", "healthy-snacks"],
    "locations": {
      "vic": {
        "price": 3.8,
        "promoText": " ",
        "packageSize": "75g",
        "packagePrice": "$5.07 per 100G"
      }
    }
  },
  {
    "id": "coles-simply-gluten-free-biscuits-anzac",
    "brand": "Coles",
    "name": "I'M Free From Anzac Biscuits",
    "imageUrl": "https://shop.coles.com.au/wcsstore/Coles-CAS/images/1/2/2/1224524-th.jpg",
    "categories": ["pantry"],
    "tags": ["health-fods", "healthy-snacks"],
    "locations": {
      "vic": {
        "price": 3,
        "promoText": " ",
        "packageSize": "160g",
        "packagePrice": "$1.88 per 100G"
      }
    }
  },
  {
    "id": "coles-simply-gluten-free-biscuits-stem-ginger",
    "brand": "Coles",
    "name": "I'M Free From Stem Ginger Cookies",
    "imageUrl": "https://shop.coles.com.au/wcsstore/Coles-CAS/images/1/2/2/1224535-th.jpg",
    "categories": ["pantry"],
    "tags": ["health-fods", "healthy-snacks"],
    "locations": {
      "vic": {
        "price": 2.75,
        "promoText": "Was $3.00 on Sep 2018 ",
        "packageSize": "160g",
        "packagePrice": "$1.72 per 100G"
      }
    }
  },
  {
    "id": "coles-gluten-free-double-choc-biscuits-3129998p",
    "brand": "Coles",
    "name": "I'M Free From Double Choc Biscuits",
    "imageUrl": "https://shop.coles.com.au/wcsstore/Coles-CAS/images/3/1/2/3129998-th.jpg",
    "categories": ["pantry"],
    "tags": ["health-fods", "healthy-snacks"],
    "locations": {
      "vic": {
        "price": 3.5,
        "promoText": " ",
        "packageSize": "165g",
        "packagePrice": "$2.12 per 100G"
      }
    }
  },
  {
    "id": "coles-gluten-free-organic-brown-rice-cakes",
    "brand": "Coles",
    "name": "Gluten Free Organic Brown Rice Cakes",
    "imageUrl": "https://shop.coles.com.au/wcsstore/Coles-CAS/images/3/5/6/3568772-th.jpg",
    "categories": ["pantry"],
    "tags": ["health-fods", "healthy-snacks"],
    "locations": {
      "vic": {
        "price": 2.5,
        "promoText": " ",
        "packageSize": "150g",
        "packagePrice": "$1.67 per 100G"
      }
    }
  },
  {
    "id": "messy-monkeys-chocolate-rice-puff-bars",
    "brand": "Freedom Foods",
    "name": "Messy Monkeys Chocolate Rice Puff Bars 6 pack",
    "imageUrl": "https://shop.coles.com.au/wcsstore/Coles-CAS/images/3/5/6/3569028-th.jpg",
    "categories": ["pantry"],
    "tags": ["health-fods", "healthy-snacks"],
    "locations": {
      "vic": {
        "price": 5.5,
        "promoText": " ",
        "packageSize": "96g",
        "packagePrice": "$5.73 per 100G"
      }
    }
  },
  {
    "id": "golden-days-citrus-fruit-salad-bites-5-pack",
    "brand": "Golden Days",
    "name": "Citrus Fruit Salad Bites 5 Pack",
    "imageUrl": "https://shop.coles.com.au/wcsstore/Coles-CAS/images/7/2/4/7241184-th.jpg",
    "categories": ["pantry"],
    "tags": ["health-fods", "healthy-snacks"],
    "locations": {
      "vic": {
        "price": 4,
        "promoText": " ",
        "packageSize": "175g",
        "packagePrice": "$2.29 per 100G"
      }
    }
  },
  {
    "id": "golden-days-dark-chocolate-sesame-snaps-3-pack",
    "brand": "Golden Days",
    "name": "Dark Chocolate Sesame Snaps",
    "imageUrl": "https://shop.coles.com.au/wcsstore/Coles-CAS/images/6/6/3/6638070-th.jpg",
    "categories": ["pantry"],
    "tags": ["health-fods", "healthy-snacks"],
    "locations": {
      "vic": {
        "price": 3.3,
        "promoText": " ",
        "packageSize": "120g",
        "packagePrice": "$2.75 per 100G"
      }
    }
  },
  {
    "id": "golden-days-bites-apricot-multi",
    "brand": "Golden Days",
    "name": "Bites Apricot Multi",
    "imageUrl": "https://shop.coles.com.au/wcsstore/Coles-CAS/images/9/8/0/9806851-th.jpg",
    "categories": ["pantry"],
    "tags": ["health-fods", "healthy-snacks"],
    "locations": {
      "vic": {
        "price": 4.5,
        "promoText": " ",
        "packageSize": "200g",
        "packagePrice": "$2.25 per 100G"
      }
    }
  },
  {
    "id": "kezs-free-gf-almond-florentine",
    "brand": "Kez's Kitchen",
    "name": "Gluten Free Almond Florentine Biscuits",
    "imageUrl": "https://shop.coles.com.au/wcsstore/Coles-CAS/images/1/4/6/1464175-th.jpg",
    "categories": ["pantry"],
    "tags": ["health-fods", "healthy-snacks"],
    "locations": {
      "vic": {
        "price": 7,
        "promoText": " ",
        "packageSize": "180g",
        "packagePrice": "$3.89 per 100G"
      }
    }
  },
  {
    "id": "pana-chocolate-raw-cacao",
    "brand": "Pana Organic",
    "name": "Chocolate",
    "imageUrl": "https://shop.coles.com.au/wcsstore/Coles-CAS/images/3/0/3/3036208-th.jpg",
    "categories": ["pantry"],
    "tags": ["health-fods", "healthy-snacks"],
    "locations": {
      "vic": {
        "price": 6,
        "promoText": " ",
        "packageSize": "45g",
        "packagePrice": "$13.33 per 100G"
      }
    }
  },
  {
    "id": "pana-chocolate-nut-3036219p",
    "brand": "Pana Organic",
    "name": "Hazelnut Chocolate",
    "imageUrl": "https://shop.coles.com.au/wcsstore/Coles-CAS/images/3/0/3/3036219-th.jpg",
    "categories": ["pantry"],
    "tags": ["health-fods", "healthy-snacks"],
    "locations": {
      "vic": {
        "price": 6,
        "promoText": " ",
        "packageSize": "45g",
        "packagePrice": "$13.33 per 100G"
      }
    }
  },
  {
    "id": "sunrice-mini-bites-chicken-8-pack",
    "brand": "Sunrice",
    "name": "Mini Bites Chicken 8 pack",
    "imageUrl": "https://shop.coles.com.au/wcsstore/Coles-CAS/images/1/9/9/1994995-th.jpg",
    "categories": ["pantry"],
    "tags": ["health-fods", "healthy-snacks"],
    "locations": {
      "vic": {
        "price": 4,
        "promoText": "Was $5.00 on Nov 2017 ",
        "packageSize": "160g",
        "packagePrice": "$2.50 per 100G"
      }
    }
  },
  {
    "id": "sunrice-mini-bites-original-8pk",
    "brand": "Sunrice",
    "name": "Mini Bites Original 8pk",
    "imageUrl": "https://shop.coles.com.au/wcsstore/Coles-CAS/images/1/9/9/1999241-th.jpg",
    "categories": ["pantry"],
    "tags": ["health-fods", "healthy-snacks"],
    "locations": {
      "vic": {
        "price": 4,
        "promoText": "Was $5.00 on Nov 2017 ",
        "packageSize": "160g",
        "packagePrice": "$2.50 per 100G"
      }
    }
  },
  {
    "id": "the-bar-counter-high-protein-chocolate-brownie-crunch",
    "brand": "The Bar Counter",
    "name": "High Protein Chocolate Brownie Crunch",
    "imageUrl": "https://shop.coles.com.au/wcsstore/Coles-CAS/images/1/7/5/1751246-th.jpg",
    "categories": ["pantry"],
    "tags": ["health-fods", "healthy-snacks"],
    "locations": {
      "vic": {
        "price": 2.5,
        "promoText": "Any 2 $4",
        "packageSize": "",
        "packagePrice": ""
      }
    }
  },
  {
    "id": "happy-snacks-company-chickpeas-chocolate",
    "brand": "The Happy Snacks Company",
    "name": "Chocolate Roasted Chickpeas 5 Pack",
    "imageUrl": "https://shop.coles.com.au/wcsstore/Coles-CAS/images/3/5/5/3554100-th.jpg",
    "categories": ["pantry"],
    "tags": ["health-fods", "healthy-snacks"],
    "locations": {
      "vic": {
        "price": 5.3,
        "promoText": " ",
        "packageSize": "100g",
        "packagePrice": "$5.30 per 100G"
      }
    }
  },
  {
    "id": "wfc-organic-blue-corn-quinoa-chips",
    "brand": "The Wholesome Food Company",
    "name": "Organic Tortilla Corn & Quinoa Chips",
    "imageUrl": "https://shop.coles.com.au/wcsstore/Coles-CAS/images/3/5/5/3558371-th.jpg",
    "categories": ["pantry"],
    "tags": ["health-fods", "healthy-snacks"],
    "locations": {
      "vic": {
        "price": 5,
        "promoText": " ",
        "packageSize": "150g",
        "packagePrice": "$3.33 per 100G"
      }
    }
  },
  {
    "id": "vege-chips-sea-salt-malt-vinegar",
    "brand": "Vege",
    "name": "Original Sea Salt & Vinegar Chips",
    "imageUrl": "https://shop.coles.com.au/wcsstore/Coles-CAS/images/6/6/7/6675189-th.jpg",
    "categories": ["pantry"],
    "tags": ["health-fods", "healthy-snacks"],
    "locations": {
      "vic": {
        "price": 3.8,
        "promoText": " ",
        "packageSize": "100g",
        "packagePrice": "$3.80 per 100G"
      }
    }
  },
  {
    "id": "vege-chips-bbq",
    "brand": "Vege",
    "name": "Original BBQ Chips",
    "imageUrl": "https://shop.coles.com.au/wcsstore/Coles-CAS/images/5/3/7/5376229-th.jpg",
    "categories": ["pantry"],
    "tags": ["health-fods", "healthy-snacks"],
    "locations": {
      "vic": {
        "price": 3.8,
        "promoText": " ",
        "packageSize": "100g",
        "packagePrice": "$3.80 per 100G"
      }
    }
  },
  {
    "id": "vege-deli-crisps-yellow-sweet-potato",
    "brand": "Vege Deli Crisps",
    "name": "Yellow Sweet Potato",
    "imageUrl": "https://shop.coles.com.au/wcsstore/Coles-CAS/images/3/1/2/3127926-th.jpg",
    "categories": ["pantry"],
    "tags": ["health-fods", "healthy-snacks"],
    "locations": {
      "vic": {
        "price": 5.5,
        "promoText": " ",
        "packageSize": "100g",
        "packagePrice": "$5.50 per 100G"
      }
    }
  },
  {
    "id": "bounce-protein-balls-coconut-macadamia",
    "brand": "Bounce",
    "name": "Gluten Free Coconut Macadamia Natural Energy Ball",
    "imageUrl": "https://shop.coles.com.au/wcsstore/Coles-CAS/images/1/4/9/1499602-th.jpg",
    "categories": ["pantry"],
    "tags": ["health-fods", "healthy-snacks"],
    "locations": {
      "vic": {
        "price": 3,
        "promoText": "Any 2 $4",
        "packageSize": "40g",
        "packagePrice": "$0.75 per 10G"
      }
    }
  },
  {
    "id": "coles-simply-gluten-free-pastry-cheese-twists",
    "brand": "Coles",
    "name": "I'M Free From Cheese Twists",
    "imageUrl": "https://shop.coles.com.au/wcsstore/Coles-CAS/images/1/2/5/1251403-th.jpg",
    "categories": ["pantry"],
    "tags": ["health-fods", "healthy-snacks"],
    "locations": {
      "vic": {
        "price": 2,
        "promoText": " ",
        "packageSize": "90g",
        "packagePrice": "$2.22 per 100G"
      }
    }
  },
  {
    "id": "coles-sesame-snaps-3-pack",
    "brand": "Coles",
    "name": "Gluten Free Sesame Snaps 3 pack",
    "imageUrl": "https://shop.coles.com.au/wcsstore/Coles-CAS/images/2/1/2/2123089-th.jpg",
    "categories": ["pantry"],
    "tags": ["health-fods", "healthy-snacks"],
    "locations": {
      "vic": {
        "price": 1.5,
        "promoText": " ",
        "packageSize": "120g",
        "packagePrice": "$1.25 per 100G"
      }
    }
  },
  {
    "id": "coles-organic-brown-rice-crackers-original",
    "brand": "Coles",
    "name": "Gluten Free Original Organic Brown Rice Crackers",
    "imageUrl": "https://shop.coles.com.au/wcsstore/Coles-CAS/images/3/1/1/3114210-th.jpg",
    "categories": ["pantry"],
    "tags": ["health-fods", "healthy-snacks"],
    "locations": {
      "vic": {
        "price": 2,
        "promoText": "Was $2.50 on Sep 2018 ",
        "packageSize": "100g",
        "packagePrice": "$2.00 per 100G"
      }
    }
  },
  {
    "id": "coles-gluten-free-sugar-free-cookie",
    "brand": "Coles",
    "name": "I'M Free From Sugar Free Chocolate Chip Cookies",
    "imageUrl": "https://shop.coles.com.au/wcsstore/Coles-CAS/images/3/1/2/3129783-th.jpg",
    "categories": ["pantry"],
    "tags": ["health-fods", "healthy-snacks"],
    "locations": {
      "vic": {
        "price": 3.5,
        "promoText": " ",
        "packageSize": "160g",
        "packagePrice": "$2.19 per 100G"
      }
    }
  },
  {
    "id": "coles-organic-gluten-free-cheese-corn-chips",
    "brand": "Coles",
    "name": "I'M Free From Cheddar Cheese Corn Chips",
    "imageUrl": "https://shop.coles.com.au/wcsstore/Coles-CAS/images/3/1/3/3138911-th.jpg",
    "categories": ["pantry"],
    "tags": ["health-fods", "healthy-snacks"],
    "locations": {
      "vic": {
        "price": 2.5,
        "promoText": " ",
        "packageSize": "200g",
        "packagePrice": "$1.25 per 100G"
      }
    }
  },
  {
    "id": "coles-gluten-free-kids-cheeky-monkey-choc",
    "brand": "Coles",
    "name": "Gluten Free Kids Cheeky Choc Monkey Biscuits",
    "imageUrl": "https://shop.coles.com.au/wcsstore/Coles-CAS/images/3/1/2/3128532-th.jpg",
    "categories": ["pantry"],
    "tags": ["health-fods", "healthy-snacks"],
    "locations": {
      "vic": {
        "price": 3.5,
        "promoText": " ",
        "packageSize": "150g",
        "packagePrice": "$2.33 per 100G"
      }
    }
  },
  {
    "id": "coles-gluten-free-choc-mint-creme-biscuits-3130206p",
    "brand": "Coles",
    "name": "I'M Free From Chocmint Creme Biscuits",
    "imageUrl": "https://shop.coles.com.au/wcsstore/Coles-CAS/images/3/1/3/3130206-th.jpg",
    "categories": ["pantry"],
    "tags": ["health-fods", "healthy-snacks"],
    "locations": {
      "vic": {
        "price": 3.5,
        "promoText": " ",
        "packageSize": "145g",
        "packagePrice": "$2.41 per 100G"
      }
    }
  },
  {
    "id": "eskal-pretzels",
    "brand": "Eskal",
    "name": "Gluten Free Pretzels",
    "imageUrl": "https://shop.coles.com.au/wcsstore/Coles-CAS/images/4/5/9/4599308-th.jpg",
    "categories": ["pantry"],
    "tags": ["health-fods", "healthy-snacks"],
    "locations": {
      "vic": {
        "price": 2.15,
        "promoText": " ",
        "packageSize": "75g",
        "packagePrice": "$2.87 per 100G"
      }
    }
  },
  {
    "id": "favva-beans-sea-salt-vinegar",
    "brand": "Favva Beans",
    "name": "Sea Salt & Vinegar",
    "imageUrl": "https://shop.coles.com.au/wcsstore/Coles-CAS/images/2/9/0/2903827-th.jpg",
    "categories": ["pantry"],
    "tags": ["health-fods", "healthy-snacks"],
    "locations": {
      "vic": {
        "price": 5.3,
        "promoText": " ",
        "packageSize": "150g",
        "packagePrice": "$3.53 per 100G"
      }
    }
  },
  {
    "id": "fine-fettle-flats-cauliflower-turmeric",
    "brand": "Fine Fettle",
    "name": "Gluten Free Flats Cauliflower & Turmeric",
    "imageUrl": "https://shop.coles.com.au/wcsstore/Coles-CAS/images/3/1/1/3118550-th.jpg",
    "categories": ["pantry"],
    "tags": ["health-fods", "healthy-snacks"],
    "locations": {
      "vic": {
        "price": 7,
        "promoText": " ",
        "packageSize": "80g",
        "packagePrice": "$8.75 per 100G"
      }
    }
  },
  {
    "id": "messy-monkeys-chicken-bites",
    "brand": "Freedom Foods",
    "name": "Messy Monkeys Chicken Flavour Whole Grain Bites",
    "imageUrl": "https://shop.coles.com.au/wcsstore/Coles-CAS/images/3/5/6/3568965-th.jpg",
    "categories": ["pantry"],
    "tags": ["health-fods", "healthy-snacks"],
    "locations": {
      "vic": {
        "price": 3.5,
        "promoText": "$3.50 ",
        "packageSize": "160g",
        "packagePrice": "$2.19 per 100G"
      }
    }
  },
  {
    "id": "golden-days-apricot-coconut-slice",
    "brand": "Golden Days",
    "name": "Apricot & Coconut Slice",
    "imageUrl": "https://shop.coles.com.au/wcsstore/Coles-CAS/images/5/2/1/5219173-th.jpg",
    "categories": ["pantry"],
    "tags": ["health-fods", "healthy-snacks"],
    "locations": {
      "vic": {
        "price": 2.4,
        "promoText": " ",
        "packageSize": "150g",
        "packagePrice": "$1.60 per 100G"
      }
    }
  },
  {
    "id": "golden-days-sesame-snaps-mini-gluten-free",
    "brand": "Golden Days",
    "name": "Mini Sesame Snaps Gluten Free",
    "imageUrl": "https://shop.coles.com.au/wcsstore/Coles-CAS/images/4/6/0/4603154-th.jpg",
    "categories": ["pantry"],
    "tags": ["health-fods", "healthy-snacks"],
    "locations": {
      "vic": {
        "price": 5.4,
        "promoText": " ",
        "packageSize": "200g",
        "packagePrice": "$2.70 per 100G"
      }
    }
  },
  {
    "id": "healtheries-kidscare-twirls-pizza",
    "brand": "Healtheries",
    "name": "KidsCare Pizza Flavour Oven Baked Twirls",
    "imageUrl": "https://shop.coles.com.au/wcsstore/Coles-CAS/images/3/5/5/3557404-th.jpg",
    "categories": ["pantry"],
    "tags": ["health-fods", "healthy-snacks"],
    "locations": {
      "vic": {
        "price": 5.3,
        "promoText": " ",
        "packageSize": "144g",
        "packagePrice": "$3.68 per 100G"
      }
    }
  },
  {
    "id": "healtheries-kidscare-twirls-chick",
    "brand": "Healtheries",
    "name": "KidsCare Chicken Flavour Oven Baked Twirls 8 pack",
    "imageUrl": "https://shop.coles.com.au/wcsstore/Coles-CAS/images/3/5/5/3557380-th.jpg",
    "categories": ["pantry"],
    "tags": ["health-fods", "healthy-snacks"],
    "locations": {
      "vic": {
        "price": 5.3,
        "promoText": " ",
        "packageSize": "144g",
        "packagePrice": "$3.68 per 100G"
      }
    }
  },
  {
    "id": "kez-s-gf-salted-caramel-pretzel-florentines",
    "brand": "Kez's Kitchen",
    "name": "Gluten Free  Salted Caramel & Pretzel Florentines",
    "imageUrl": "https://shop.coles.com.au/wcsstore/Coles-CAS/images/3/7/5/3757265-th.jpg",
    "categories": ["pantry"],
    "tags": ["health-fods", "healthy-snacks"],
    "locations": {
      "vic": {
        "price": 7,
        "promoText": " ",
        "packageSize": "150g",
        "packagePrice": "$4.67 per 100G"
      }
    }
  },
  {
    "id": "messy-monkeys-gluten-free-popcorn-lightly-salted",
    "brand": "Messy Monkeys",
    "name": "Popcorn Lightly Salted",
    "imageUrl": "https://shop.coles.com.au/wcsstore/Coles-CAS/images/3/1/2/3125498-th.jpg",
    "categories": ["pantry"],
    "tags": ["health-fods", "healthy-snacks"],
    "locations": {
      "vic": {
        "price": 5.5,
        "promoText": " ",
        "packageSize": "130g",
        "packagePrice": "$4.23 per 100G"
      }
    }
  },
  {
    "id": "artisse-organic-aribar-chocolate",
    "brand": "Mighty Bellies",
    "name": "Brown Rice Cocoa Flavour Crispy 6 Bars",
    "imageUrl": "https://shop.coles.com.au/wcsstore/Coles-CAS/images/6/4/2/6429353-th.jpg",
    "categories": ["pantry"],
    "tags": ["health-fods", "healthy-snacks"],
    "locations": {
      "vic": {
        "price": 6,
        "promoText": " ",
        "packageSize": "120g",
        "packagePrice": "$5.00 per 100G"
      }
    }
  },
  {
    "id": "olinas-bakehouse-gluten-free-crackers",
    "brand": "Olina's Bakehouse",
    "name": "Gluten Free Fig & Sunflower Seed Artisan Crackers",
    "imageUrl": "https://shop.coles.com.au/wcsstore/Coles-CAS/images/3/1/1/3119087-th.jpg",
    "categories": ["pantry"],
    "tags": ["health-fods", "healthy-snacks"],
    "locations": {
      "vic": {
        "price": 5,
        "promoText": " ",
        "packageSize": "100g",
        "packagePrice": "$5.00 per 100G"
      }
    }
  },
  {
    "id": "olinas-bakehouse-seeded-crackers-pepita-seed-gf",
    "brand": "Olina's Bakehouse",
    "name": "No Gluten Pepita Seeded Crackers",
    "imageUrl": "https://shop.coles.com.au/wcsstore/Coles-CAS/images/3/5/5/3553378-th.jpg",
    "categories": ["pantry"],
    "tags": ["health-fods", "healthy-snacks"],
    "locations": {
      "vic": {
        "price": 5,
        "promoText": " ",
        "packageSize": "100g",
        "packagePrice": "$5.00 per 100G"
      }
    }
  },
  {
    "id": "the-bar-counter-no-added-sugar-dark-chocolate-cherry",
    "brand": "The Bar Counter",
    "name": "Chocolate Brownie Espresso Energy Bar",
    "imageUrl": "https://shop.coles.com.au/wcsstore/Coles-CAS/images/1/7/5/1751392-th.jpg",
    "categories": ["pantry"],
    "tags": ["health-fods", "healthy-snacks"],
    "locations": {
      "vic": {
        "price": 2.5,
        "promoText": "Any 2 $4",
        "packageSize": "",
        "packagePrice": ""
      }
    }
  },
  {
    "id": "the-bar-counter-high-protein-chocolate-mint-bar",
    "brand": "The Bar Counter",
    "name": "High Protein Chocolate Mint Bar",
    "imageUrl": "https://shop.coles.com.au/wcsstore/Coles-CAS/images/1/9/9/1995229-th.jpg",
    "categories": ["pantry"],
    "tags": ["health-fods", "healthy-snacks"],
    "locations": {
      "vic": {
        "price": 2.5,
        "promoText": "Any 2 $4",
        "packageSize": "40g",
        "packagePrice": "$6.25 per 100G"
      }
    }
  },
  {
    "id": "favva-beans-lightly-salted",
    "brand": "The Happy Snack Company",
    "name": "Crunchy Roasted Favva Beans Lightly Salted",
    "imageUrl": "https://shop.coles.com.au/wcsstore/Coles-CAS/images/2/9/0/2903838-th.jpg",
    "categories": ["pantry"],
    "tags": ["health-fods", "healthy-snacks"],
    "locations": {
      "vic": {
        "price": 5.3,
        "promoText": " ",
        "packageSize": "150g",
        "packagePrice": "$3.53 per 100G"
      }
    }
  },
  {
    "id": "vege-chips-sweet-sour",
    "brand": "Vege",
    "name": "Original Sweet & Sour Chips",
    "imageUrl": "https://shop.coles.com.au/wcsstore/Coles-CAS/images/6/6/7/6675699-th.jpg",
    "categories": ["pantry"],
    "tags": ["health-fods", "healthy-snacks"],
    "locations": {
      "vic": {
        "price": 3.8,
        "promoText": " ",
        "packageSize": "100g",
        "packagePrice": "$3.80 per 100G"
      }
    }
  },
  {
    "id": "bounce-protein-balls-almond-hit",
    "brand": "Bounce",
    "name": "Gluten Free Almond Natural Energy Ball",
    "imageUrl": "https://shop.coles.com.au/wcsstore/Coles-CAS/images/1/4/9/1499588-th.jpg",
    "categories": ["pantry"],
    "tags": ["health-fods", "healthy-snacks"],
    "locations": {
      "vic": {
        "price": 3,
        "promoText": "Any 2 $4",
        "packageSize": "49g",
        "packagePrice": "$0.61 per 10G"
      }
    }
  },
  {
    "id": "bounce-protein-balls-peanut-blast",
    "brand": "Bounce",
    "name": "Gluten Free Peanut Energy Protein Ball",
    "imageUrl": "https://shop.coles.com.au/wcsstore/Coles-CAS/images/1/4/9/1499577-th.jpg",
    "categories": ["pantry"],
    "tags": ["health-fods", "healthy-snacks"],
    "locations": {
      "vic": {
        "price": 3,
        "promoText": "Any 2 $4",
        "packageSize": "49g",
        "packagePrice": "$0.61 per 10G"
      }
    }
  },
  {
    "id": "bounce-cacao-mint-protein-balls",
    "brand": "Bounce",
    "name": "Gluten Free Cacao Mint Protein Energy Ball",
    "imageUrl": "https://shop.coles.com.au/wcsstore/Coles-CAS/images/1/8/3/1838435-th.jpg",
    "categories": ["pantry"],
    "tags": ["health-fods", "healthy-snacks"],
    "locations": {
      "vic": {
        "price": 3,
        "promoText": "Any 2 $4",
        "packageSize": "42g",
        "packagePrice": "$0.71 per 10G"
      }
    }
  },
  {
    "id": "plant-power-cashew-peanut",
    "brand": "Bounce",
    "name": "Gluten Free Plant Protein Peanut Butter Cacao Energy Ball",
    "imageUrl": "https://shop.coles.com.au/wcsstore/Coles-CAS/images/3/0/1/3014045-th.jpg",
    "categories": ["pantry"],
    "tags": ["health-fods", "healthy-snacks"],
    "locations": {
      "vic": {
        "price": 3,
        "promoText": "Any 2 $4",
        "packageSize": "40g",
        "packagePrice": "$0.75 per 10G"
      }
    }
  },
  {
    "id": "butterfingers-biscuits-shortbread",
    "brand": "Butterfingers",
    "name": "Shortbread Biscuits",
    "imageUrl": "https://shop.coles.com.au/wcsstore/Coles-CAS/images/7/8/7/7878170-th.jpg",
    "categories": ["pantry"],
    "tags": ["health-fods", "healthy-snacks"],
    "locations": {
      "vic": {
        "price": 4.9,
        "promoText": " ",
        "packageSize": "175g",
        "packagePrice": "$2.80 per 100G"
      }
    }
  },
  {
    "id": "coles-organic-roasted-seaweed-snacks-sriracha-flavoured",
    "brand": "Coles",
    "name": "Organic Roasted Seaweed Sriracha Flavoured Snack",
    "imageUrl": "https://shop.coles.com.au/wcsstore/Coles-CAS/images/3/1/3/3138944-th.jpg",
    "categories": ["pantry"],
    "tags": ["health-fods", "healthy-snacks"],
    "locations": {
      "vic": {
        "price": 1.8,
        "promoText": " ",
        "packageSize": "5g",
        "packagePrice": "$36.00 per 100G"
      }
    }
  },
  {
    "id": "coles-im-free-from-scotch-fingers",
    "brand": "Coles",
    "name": "I'M Free From Scotch Fingers",
    "imageUrl": "https://shop.coles.com.au/wcsstore/Coles-CAS/images/3/5/6/3566121-th.jpg",
    "categories": ["pantry"],
    "tags": ["health-fods", "healthy-snacks"],
    "locations": {
      "vic": {
        "price": 3,
        "promoText": " ",
        "packageSize": "175g",
        "packagePrice": "$1.71 per 100G"
      }
    }
  },
  {
    "id": "eat-rite-rice-crackers-tamari-brown-seaweed",
    "brand": "Eatrite",
    "name": "Tamari Brown Seaweed Rice Crackers",
    "imageUrl": "https://shop.coles.com.au/wcsstore/Coles-CAS/images/9/7/3/9735684-th.jpg",
    "categories": ["pantry"],
    "tags": ["health-fods", "healthy-snacks"],
    "locations": {
      "vic": {
        "price": 2.75,
        "promoText": "$0.95 ",
        "packageSize": "100g",
        "packagePrice": "$2.75 per 100G"
      }
    }
  },
  {
    "id": "favva-beans-red-pepper-chilli",
    "brand": "Favva Beans",
    "name": "Red Pepper & Chilli",
    "imageUrl": "https://shop.coles.com.au/wcsstore/Coles-CAS/images/2/9/0/2903816-th.jpg",
    "categories": ["pantry"],
    "tags": ["health-fods", "healthy-snacks"],
    "locations": {
      "vic": {
        "price": 5.3,
        "promoText": " ",
        "packageSize": "150g",
        "packagePrice": "$3.53 per 100G"
      }
    }
  },
  {
    "id": "fine-fettle-foods-flats-carrot-pepita-flats",
    "brand": "Fine Fettle",
    "name": "Gluten Free Flats Carrot & Pepita",
    "imageUrl": "https://shop.coles.com.au/wcsstore/Coles-CAS/images/3/0/1/3015354-th.jpg",
    "categories": ["pantry"],
    "tags": ["health-fods", "healthy-snacks"],
    "locations": {
      "vic": {
        "price": 7,
        "promoText": " ",
        "packageSize": "80g",
        "packagePrice": "$8.75 per 100G"
      }
    }
  },
  {
    "id": "food-for-health-bar-fruit-free",
    "brand": "Food for Health",
    "name": "Fruit Free Bar",
    "imageUrl": "https://shop.coles.com.au/wcsstore/Coles-CAS/images/7/8/8/7881700-th.jpg",
    "categories": ["pantry"],
    "tags": ["health-fods", "healthy-snacks"],
    "locations": {
      "vic": {
        "price": 7,
        "promoText": " ",
        "packageSize": "150g",
        "packagePrice": "$4.67 per 100G"
      }
    }
  },
  {
    "id": "messy-monkeys-tomato-sauce-bites",
    "brand": "Freedom Foods",
    "name": "Messy Monkeys Tomato Sauce Bites",
    "imageUrl": "https://shop.coles.com.au/wcsstore/Coles-CAS/images/3/5/6/3568910-th.jpg",
    "categories": ["pantry"],
    "tags": ["health-fods", "healthy-snacks"],
    "locations": {
      "vic": {
        "price": 3.5,
        "promoText": "$3.50 ",
        "packageSize": "160g",
        "packagePrice": "$2.19 per 100G"
      }
    }
  },
  {
    "id": "messy-monkeys-cheese-popcorn",
    "brand": "Freedom Foods",
    "name": "Messy Monkeys Cheese Popcorn",
    "imageUrl": "https://shop.coles.com.au/wcsstore/Coles-CAS/images/3/5/6/3569210-th.jpg",
    "categories": ["pantry"],
    "tags": ["health-fods", "healthy-snacks"],
    "locations": {
      "vic": {
        "price": 5.5,
        "promoText": " ",
        "packageSize": "130g",
        "packagePrice": "$4.23 per 100G"
      }
    }
  },
  {
    "id": "go-natural-bar-macadamia-dream",
    "brand": "Go Natural",
    "name": "Macadamia Dream Bar",
    "imageUrl": "https://shop.coles.com.au/wcsstore/Coles-CAS/images/6/6/3/6636165-th.jpg",
    "categories": ["pantry"],
    "tags": ["health-fods", "healthy-snacks"],
    "locations": {
      "vic": {
        "price": 2.5,
        "promoText": " ",
        "packageSize": "45g",
        "packagePrice": "$5.56 per 100G"
      }
    }
  },
  {
    "id": "gullon-sugar-free-digestive-biscuits",
    "brand": "Gullon",
    "name": "Sugar Free Digestive Biscuits",
    "imageUrl": "https://shop.coles.com.au/wcsstore/Coles-CAS/images/1/9/9/1992628-th.jpg",
    "categories": ["pantry"],
    "tags": ["health-fods", "healthy-snacks"],
    "locations": {
      "vic": {
        "price": 4.4,
        "promoText": " ",
        "packageSize": "400g",
        "packagePrice": "$1.10 per 100G"
      }
    }
  },
  {
    "id": "marys-gone-crackers-super-seed-crackers",
    "brand": "Mary's Gone Crackers",
    "name": "Super Seed Crackers",
    "imageUrl": "https://shop.coles.com.au/wcsstore/Coles-CAS/images/1/9/9/1994350-th.jpg",
    "categories": ["pantry"],
    "tags": ["health-fods", "healthy-snacks"],
    "locations": {
      "vic": {
        "price": 7.9,
        "promoText": " ",
        "packageSize": "155g",
        "packagePrice": "$5.10 per 100G"
      }
    }
  },
  {
    "id": "artisse-organic-aribar-vanilla-blast",
    "brand": "Mighty Bellies",
    "name": "Brown Rice Vanilla Flavour Crispy 6 Bars",
    "imageUrl": "https://shop.coles.com.au/wcsstore/Coles-CAS/images/6/6/4/6642011-th.jpg",
    "categories": ["pantry"],
    "tags": ["health-fods", "healthy-snacks"],
    "locations": {
      "vic": {
        "price": 6,
        "promoText": " ",
        "packageSize": "120g",
        "packagePrice": "$5.00 per 100G"
      }
    }
  },
  {
    "id": "olinas-bakehouse-gluten-free-crackers-3119076p",
    "brand": "Olina's Bakehouse",
    "name": "Gluten Free Cranberry & Pumpkin Seed Crackers",
    "imageUrl": "https://shop.coles.com.au/wcsstore/Coles-CAS/images/3/1/1/3119076-th.jpg",
    "categories": ["pantry"],
    "tags": ["health-fods", "healthy-snacks"],
    "locations": {
      "vic": {
        "price": 5,
        "promoText": " ",
        "packageSize": "100g",
        "packagePrice": "$5.00 per 100G"
      }
    }
  },
  {
    "id": "pana-chocolate-sour-cherry-vanilla",
    "brand": "Pana Organic",
    "name": "Sour Cherry & Vanilla Chocolate",
    "imageUrl": "https://shop.coles.com.au/wcsstore/Coles-CAS/images/3/0/3/3036150-th.jpg",
    "categories": ["pantry"],
    "tags": ["health-fods", "healthy-snacks"],
    "locations": {
      "vic": {
        "price": 6,
        "promoText": " ",
        "packageSize": "45g",
        "packagePrice": "$13.33 per 100G"
      }
    }
  },
  {
    "id": "pana-chocolate-mint",
    "brand": "Pana Organic",
    "name": "Mint Chocolate",
    "imageUrl": "https://shop.coles.com.au/wcsstore/Coles-CAS/images/3/0/3/3036172-th.jpg",
    "categories": ["pantry"],
    "tags": ["health-fods", "healthy-snacks"],
    "locations": {
      "vic": {
        "price": 6,
        "promoText": " ",
        "packageSize": "45g",
        "packagePrice": "$13.33 per 100G"
      }
    }
  },
  {
    "id": "simply-7-lentil-chips-honey-soy-chicken",
    "brand": "Simply 7",
    "name": "Lentil Chips Honey Soy Chicken",
    "imageUrl": "https://shop.coles.com.au/wcsstore/Coles-CAS/images/3/5/4/3548425-th.jpg",
    "categories": ["pantry"],
    "tags": ["health-fods", "healthy-snacks"],
    "locations": {
      "vic": {
        "price": 4.2,
        "promoText": "$1.05 ",
        "packageSize": "113g",
        "packagePrice": "$3.72 per 100G"
      }
    }
  },
  {
    "id": "simply-wize-corn-crunch",
    "brand": "Simply Wize",
    "name": "Corn Crunch",
    "imageUrl": "https://shop.coles.com.au/wcsstore/Coles-CAS/images/8/6/8/8682538-th.jpg",
    "categories": ["pantry"],
    "tags": ["health-fods", "healthy-snacks"],
    "locations": {
      "vic": {
        "price": 4.1,
        "promoText": " ",
        "packageSize": "150g",
        "packagePrice": "$2.73 per 100G"
      }
    }
  },
  {
    "id": "sue-shepherds-party-mix",
    "brand": "Simply Wize",
    "name": "Irresistible Party Mix",
    "imageUrl": "https://shop.coles.com.au/wcsstore/Coles-CAS/images/1/4/6/1466080-th.jpg",
    "categories": ["pantry"],
    "tags": ["health-fods", "healthy-snacks"],
    "locations": {
      "vic": {
        "price": 2.95,
        "promoText": "$0.75 ",
        "packageSize": "150g",
        "packagePrice": "$1.97 per 100G"
      }
    }
  },
  {
    "id": "sunrice-brown-rice-chips-wild-rice-3779789p",
    "brand": "Sunrice",
    "name": "Brown Rice Chips Wild Rice",
    "imageUrl": "https://shop.coles.com.au/wcsstore/Coles-CAS/images/3/7/7/3779789-th.jpg",
    "categories": ["pantry"],
    "tags": ["health-fods", "healthy-snacks"],
    "locations": {
      "vic": {
        "price": 5,
        "promoText": " ",
        "packageSize": "150g",
        "packagePrice": "$3.33 per 100G"
      }
    }
  },
  {
    "id": "table-of-plenty-milk-choc-mini-rice-cakes",
    "brand": "Table Of Plenty",
    "name": "Milk Chocolate Mini Rice Cakes",
    "imageUrl": "https://shop.coles.com.au/wcsstore/Coles-CAS/images/3/5/5/3550358-th.jpg",
    "categories": ["pantry"],
    "tags": ["health-fods", "healthy-snacks"],
    "locations": {
      "vic": {
        "price": 5.5,
        "promoText": " ",
        "packageSize": "84g",
        "packagePrice": "$6.55 per 100G"
      }
    }
  },
  {
    "id": "the-happy-snack-company-kids-roasted-pizza-fav-va-beans-10-pack",
    "brand": "The Happy Snack Company",
    "name": "Kids Roasted Pizza Fav-Va Beans 10 pack",
    "imageUrl": "https://shop.coles.com.au/wcsstore/Coles-CAS/images/2/5/0/2508040-th.jpg",
    "categories": ["pantry"],
    "tags": ["health-fods", "healthy-snacks"],
    "locations": {
      "vic": {
        "price": 5.3,
        "promoText": " ",
        "packageSize": "150g",
        "packagePrice": "$3.53 per 100G"
      }
    }
  },
  {
    "id": "happy-snacks-chic-peas-lightly-salted",
    "brand": "The Happy Snack Company",
    "name": "Lightly Salted Crunchy Roasted Chickpeas 6 Pack",
    "imageUrl": "https://shop.coles.com.au/wcsstore/Coles-CAS/images/3/0/1/3015296-th.jpg",
    "categories": ["pantry"],
    "tags": ["health-fods", "healthy-snacks"],
    "locations": {
      "vic": {
        "price": 5.3,
        "promoText": " ",
        "packageSize": "150g",
        "packagePrice": "$3.53 per 100G"
      }
    }
  },
  {
    "id": "well-naturally-chocolate-mint-sugar-free-bar",
    "brand": "Well Naturally",
    "name": "Chocolate Mint Sugar Free Bar",
    "imageUrl": "https://shop.coles.com.au/wcsstore/Coles-CAS/images/6/6/5/6652886-th.jpg",
    "categories": ["pantry"],
    "tags": ["health-fods", "healthy-snacks"],
    "locations": {
      "vic": {
        "price": 2.85,
        "promoText": " ",
        "packageSize": "45g",
        "packagePrice": "$6.33 per 100G"
      }
    }
  },
  {
    "id": "wholesome-food-veg-corn-cauli-cheese-chips-gf",
    "brand": "Wholesome Food Company",
    "name": "Gluten Free Corn Chips With Veg Cauliflower Linseed & Cheddar Cheese",
    "imageUrl": "https://shop.coles.com.au/wcsstore/Coles-CAS/images/3/1/4/3145010-th.jpg",
    "categories": ["pantry"],
    "tags": ["health-fods", "healthy-snacks"],
    "locations": {
      "vic": {
        "price": 5,
        "promoText": " ",
        "packageSize": "150g",
        "packagePrice": "$3.33 per 100G"
      }
    }
  },
  {
    "id": "wholesome-foods-lentil-harissa-twists-chips-gf",
    "brand": "Wholesome Food Company",
    "name": "Gluten Free Lentil Harissa Twists Chips",
    "imageUrl": "https://shop.coles.com.au/wcsstore/Coles-CAS/images/3/1/4/3144991-th.jpg",
    "categories": ["pantry"],
    "tags": ["health-fods", "healthy-snacks"],
    "locations": {
      "vic": {
        "price": 5,
        "promoText": " ",
        "packageSize": "120g",
        "packagePrice": "$4.17 per 100G"
      }
    }
  },
  {
    "id": "vege-chips-chicken-style",
    "brand": "Ajitas",
    "name": "Gluten Free Vege Chicken Style Chips",
    "imageUrl": "https://shop.coles.com.au/wcsstore/Coles-CAS/images/3/1/2/3127937-th.jpg",
    "categories": ["pantry"],
    "tags": ["health-fods", "healthy-snacks"],
    "locations": {
      "vic": {
        "price": 3.8,
        "promoText": " ",
        "packageSize": "100g",
        "packagePrice": "$3.80 per 100G"
      }
    }
  },
  {
    "id": "beauty-bites-raspberry-white-chocolate",
    "brand": "Beauty Bites",
    "name": "White Choc Raspberry",
    "imageUrl": "https://shop.coles.com.au/wcsstore/Coles-CAS/images/3/7/5/3756455-th.jpg",
    "categories": ["pantry"],
    "tags": ["health-fods", "healthy-snacks"],
    "locations": {
      "vic": {
        "price": 3,
        "promoText": "$1.00 ",
        "packageSize": "32g",
        "packagePrice": "$9.38 per 100G"
      }
    }
  },
  {
    "id": "blue-dinosaur-protein-bar-peanut-butter-3278976p",
    "brand": "Blue Dinosaur",
    "name": "Protein Bar Peanut Butter",
    "imageUrl": "https://shop.coles.com.au/wcsstore/Coles-CAS/images/3/2/7/3278976-th.jpg",
    "categories": ["pantry"],
    "tags": ["health-fods", "healthy-snacks"],
    "locations": {
      "vic": {
        "price": 4.5,
        "promoText": " ",
        "packageSize": "60g",
        "packagePrice": "$7.50 per 100G"
      }
    }
  },
  {
    "id": "coles-simply-less-dark-chocolate-peppermint",
    "brand": "Coles",
    "name": "Dark Chocolate with Peppermint",
    "imageUrl": "https://shop.coles.com.au/wcsstore/Coles-CAS/images/9/9/4/9944196-th.jpg",
    "categories": ["pantry"],
    "tags": ["health-fods", "healthy-snacks"],
    "locations": {
      "vic": {
        "price": 4,
        "promoText": " ",
        "packageSize": "100g",
        "packagePrice": "$4.00 per 100G"
      }
    }
  },
  {
    "id": "coles-simply-gluten-free-lemon-white-chocolate-biscuits",
    "brand": "Coles",
    "name": "I'M Free From Lemon & White Chocolate Cookies",
    "imageUrl": "https://shop.coles.com.au/wcsstore/Coles-CAS/images/2/4/8/2481373-th.jpg",
    "categories": ["pantry"],
    "tags": ["health-fods", "healthy-snacks"],
    "locations": {
      "vic": {
        "price": 3,
        "promoText": " ",
        "packageSize": "160g",
        "packagePrice": "$1.88 per 100G"
      }
    }
  },
  {
    "id": "coles-gluten-free-cookies-cream-biscuits",
    "brand": "Coles",
    "name": "I'M Free From Cookies & Cream Biscuits",
    "imageUrl": "https://shop.coles.com.au/wcsstore/Coles-CAS/images/3/1/3/3130115-th.jpg",
    "categories": ["pantry"],
    "tags": ["health-fods", "healthy-snacks"],
    "locations": {
      "vic": {
        "price": 3.5,
        "promoText": " ",
        "packageSize": "120g",
        "packagePrice": "$2.92 per 100G"
      }
    }
  },
  {
    "id": "coles-gluten-free-custard-cream",
    "brand": "Coles",
    "name": "I'M Free From Custard Cream",
    "imageUrl": "https://shop.coles.com.au/wcsstore/Coles-CAS/images/3/1/2/3129820-th.jpg",
    "categories": ["pantry"],
    "tags": ["health-fods", "healthy-snacks"],
    "locations": {
      "vic": {
        "price": 3.5,
        "promoText": " ",
        "packageSize": "120g",
        "packagePrice": "$2.92 per 100G"
      }
    }
  },
  {
    "id": "coles-puffed-corn-chips-gf-sorghum-quinoa-chia",
    "brand": "Coles",
    "name": "I'M Free From Puffed Corn Chips Quinoa & Chia",
    "imageUrl": "https://shop.coles.com.au/wcsstore/Coles-CAS/images/3/1/3/3133000-th.jpg",
    "categories": ["pantry"],
    "tags": ["health-fods", "healthy-snacks"],
    "locations": {
      "vic": {
        "price": 3.5,
        "promoText": " ",
        "packageSize": "168g",
        "packagePrice": "$2.08 per 100G"
      }
    }
  },
  {
    "id": "coles-puffed-corn-chips-gf-sorghum-quinoa-chia-3132992p",
    "brand": "Coles",
    "name": "I'M Free From Corn Chips Quinoa & Chia Cheese",
    "imageUrl": "https://shop.coles.com.au/wcsstore/Coles-CAS/images/3/1/3/3132992-th.jpg",
    "categories": ["pantry"],
    "tags": ["health-fods", "healthy-snacks"],
    "locations": {
      "vic": {
        "price": 3.5,
        "promoText": " ",
        "packageSize": "168g",
        "packagePrice": "$2.08 per 100G"
      }
    }
  },
  {
    "id": "coles-organic-brown-gf-rice-crackers-chia",
    "brand": "Coles",
    "name": "Gluten Free Organic Brown Rice Crackers With Chia",
    "imageUrl": "https://shop.coles.com.au/wcsstore/Coles-CAS/images/3/1/1/3114221-th.jpg",
    "categories": ["pantry"],
    "tags": ["health-fods", "healthy-snacks"],
    "locations": {
      "vic": {
        "price": 2,
        "promoText": "Was $2.50 on Sep 2018 ",
        "packageSize": "100g",
        "packagePrice": "$2.00 per 100G"
      }
    }
  },
  {
    "id": "coles-im-free-from-sweet-salty-puffed-corn-chips",
    "brand": "Coles",
    "name": "I'M Free From Sweet & Salty Puffed Corn Chips",
    "imageUrl": "https://shop.coles.com.au/wcsstore/Coles-CAS/images/3/5/6/3566493-th.jpg",
    "categories": ["pantry"],
    "tags": ["health-fods", "healthy-snacks"],
    "locations": {
      "vic": {
        "price": 3,
        "promoText": " ",
        "packageSize": "100g",
        "packagePrice": "$3.00 per 100G"
      }
    }
  },
  {
    "id": "coles-im-free-from-shortbread-cream",
    "brand": "Coles",
    "name": "I'M Free From Shortbread Cream",
    "imageUrl": "https://shop.coles.com.au/wcsstore/Coles-CAS/images/3/5/6/3566030-th.jpg",
    "categories": ["pantry"],
    "tags": ["health-fods", "healthy-snacks"],
    "locations": {
      "vic": {
        "price": 3.5,
        "promoText": " ",
        "packageSize": "144g",
        "packagePrice": "$2.43 per 100G"
      }
    }
  },
  {
    "id": "coles-gluten-free-organic-brown-rice-cakes-chia",
    "brand": "Coles",
    "name": "Organic Brown Rice Cakes With Chia",
    "imageUrl": "https://shop.coles.com.au/wcsstore/Coles-CAS/images/3/5/6/3568819-th.jpg",
    "categories": ["pantry"],
    "tags": ["health-fods", "healthy-snacks"],
    "locations": {
      "vic": {
        "price": 2.5,
        "promoText": " ",
        "packageSize": "150g",
        "packagePrice": "$1.67 per 100G"
      }
    }
  },
  {
    "id": "coles-im-free-from-cheese-rings",
    "brand": "Coles",
    "name": "I'M Free From Cheese Rings",
    "imageUrl": "https://shop.coles.com.au/wcsstore/Coles-CAS/images/3/5/6/3566471-th.jpg",
    "categories": ["pantry"],
    "tags": ["health-fods", "healthy-snacks"],
    "locations": {
      "vic": {
        "price": 2,
        "promoText": " ",
        "packageSize": "90g",
        "packagePrice": "$2.22 per 100G"
      }
    }
  },
  {
    "id": "dr-schar-crackers",
    "brand": "Dr Schar",
    "name": "Crackers",
    "imageUrl": "https://shop.coles.com.au/wcsstore/Coles-CAS/images/1/4/6/1465316-th.jpg",
    "categories": ["pantry"],
    "tags": ["health-fods", "healthy-snacks"],
    "locations": {
      "vic": {
        "price": 8.15,
        "promoText": " ",
        "packageSize": "210g",
        "packagePrice": "$3.88 per 100G"
      }
    }
  },
  {
    "id": "eatrite-sea-salt-apple-cider-vinegar-crackers-gf",
    "brand": "Eatrite",
    "name": "Gluten Free Sea Salt & Apple Cider Vinegar Crackers",
    "imageUrl": "https://shop.coles.com.au/wcsstore/Coles-CAS/images/3/1/3/3134637-th.jpg",
    "categories": ["pantry"],
    "tags": ["health-fods", "healthy-snacks"],
    "locations": {
      "vic": {
        "price": 2.75,
        "promoText": "$0.95 ",
        "packageSize": "100g",
        "packagePrice": "$2.75 per 100G"
      }
    }
  },
  {
    "id": "edens-sesame-bar",
    "brand": "Edens",
    "name": "Sesame Bar",
    "imageUrl": "https://shop.coles.com.au/wcsstore/Coles-CAS/images/5/4/6/5469080-th.jpg",
    "categories": ["pantry"],
    "tags": ["health-fods", "healthy-snacks"],
    "locations": {
      "vic": {
        "price": 0.9,
        "promoText": " ",
        "packageSize": "45g",
        "packagePrice": "$2.00 per 100G"
      }
    }
  },
  {
    "id": "eskal-gluten-free-crackers",
    "brand": "Eskal",
    "name": "Crackers",
    "imageUrl": "https://shop.coles.com.au/wcsstore/Coles-CAS/images/4/4/2/4426004-th.jpg",
    "categories": ["pantry"],
    "tags": ["health-fods", "healthy-snacks"],
    "locations": {
      "vic": {
        "price": 4.7,
        "promoText": " ",
        "packageSize": "200g",
        "packagePrice": "$2.35 per 100G"
      }
    }
  },
  {
    "id": "fantastic-rice-squares-black-pepper",
    "brand": "Fantastic",
    "name": "Rice Squares Black Pepper",
    "imageUrl": "https://shop.coles.com.au/wcsstore/Coles-CAS/images/3/5/5/3558611-th.jpg",
    "categories": ["pantry"],
    "tags": ["health-fods", "healthy-snacks"],
    "locations": {
      "vic": {
        "price": 2.5,
        "promoText": " ",
        "packageSize": "100g",
        "packagePrice": "$2.50 per 100G"
      }
    }
  },
  {
    "id": "fantastic-rice-squares-lightly-salted",
    "brand": "Fantastic",
    "name": "Rice Squares Lightly Salted",
    "imageUrl": "https://shop.coles.com.au/wcsstore/Coles-CAS/images/3/5/5/3558305-th.jpg",
    "categories": ["pantry"],
    "tags": ["health-fods", "healthy-snacks"],
    "locations": {
      "vic": {
        "price": 2.5,
        "promoText": " ",
        "packageSize": "100g",
        "packagePrice": "$2.50 per 100G"
      }
    }
  },
  {
    "id": "fine-fettle-flats-beetroot-hazelnut",
    "brand": "Fine Fettle",
    "name": "Flats Beetroot & Hazelnut",
    "imageUrl": "https://shop.coles.com.au/wcsstore/Coles-CAS/images/3/5/5/3552660-th.jpg",
    "categories": ["pantry"],
    "tags": ["health-fods", "healthy-snacks"],
    "locations": {
      "vic": {
        "price": 7,
        "promoText": " ",
        "packageSize": "80g",
        "packagePrice": "$8.75 per 100G"
      }
    }
  },
  {
    "id": "food-for-health-bars-cacao-coffee-gf",
    "brand": "Food For Health",
    "name": "Fruit Free Bars With Coffee & Cacao",
    "imageUrl": "https://shop.coles.com.au/wcsstore/Coles-CAS/images/3/1/2/3121362-th.jpg",
    "categories": ["pantry"],
    "tags": ["health-fods", "healthy-snacks"],
    "locations": {
      "vic": {
        "price": 7,
        "promoText": " ",
        "packageSize": "150g",
        "packagePrice": "$4.67 per 100G"
      }
    }
  },
  {
    "id": "messy-monkeys-gluten-free-popcorn-sweet-salty",
    "brand": "Freedom Foods",
    "name": "Messy Monkeys Lightly Sweet & Salty Popcorn",
    "imageUrl": "https://shop.coles.com.au/wcsstore/Coles-CAS/images/3/1/2/3125487-th.jpg",
    "categories": ["pantry"],
    "tags": ["health-fods", "healthy-snacks"],
    "locations": {
      "vic": {
        "price": 5.5,
        "promoText": " ",
        "packageSize": "130g",
        "packagePrice": "$4.23 per 100G"
      }
    }
  },
  {
    "id": "go-natural-almond-cashew-bar",
    "brand": "Go Natural",
    "name": "Almond & Cashew Bar",
    "imageUrl": "https://shop.coles.com.au/wcsstore/Coles-CAS/images/8/3/7/8379290-th.jpg",
    "categories": ["pantry"],
    "tags": ["health-fods", "healthy-snacks"],
    "locations": {
      "vic": {
        "price": 1.95,
        "promoText": " ",
        "packageSize": "45g",
        "packagePrice": "$4.33 per 100G"
      }
    }
  },
  {
    "id": "go-natural-chopped-nut-delight-snack-bars",
    "brand": "Go Natural",
    "name": "Nut Delight Chopped Bars",
    "imageUrl": "https://shop.coles.com.au/wcsstore/Coles-CAS/images/6/6/3/6636132-th.jpg",
    "categories": ["pantry"],
    "tags": ["health-fods", "healthy-snacks"],
    "locations": {
      "vic": {
        "price": 5.4,
        "promoText": " ",
        "packageSize": "175g",
        "packagePrice": "$3.09 per 100G"
      }
    }
  },
  {
    "id": "go-natural-fruit-nut-yoghurt-bar",
    "brand": "Go Natural",
    "name": "Yoghurt Fruit & Nut Delight Bar",
    "imageUrl": "https://shop.coles.com.au/wcsstore/Coles-CAS/images/5/3/4/5344743-th.jpg",
    "categories": ["pantry"],
    "tags": ["health-fods", "healthy-snacks"],
    "locations": {
      "vic": {
        "price": 1.95,
        "promoText": " ",
        "packageSize": "50g",
        "packagePrice": "$3.90 per 100G"
      }
    }
  },
  {
    "id": "go-natural-yoghurt-almond-apricot-bar",
    "brand": "Go Natural",
    "name": "Yoghurt Almond & Apricot Bar",
    "imageUrl": "https://shop.coles.com.au/wcsstore/Coles-CAS/images/5/6/0/5604764-th.jpg",
    "categories": ["pantry"],
    "tags": ["health-fods", "healthy-snacks"],
    "locations": {
      "vic": {
        "price": 1.95,
        "promoText": " ",
        "packageSize": "40g",
        "packagePrice": "$4.88 per 100G"
      }
    }
  },
  {
    "id": "go-natural-fruit-snacks-nut-delight",
    "brand": "Go Natural",
    "name": "Nut Delight Bar",
    "imageUrl": "https://shop.coles.com.au/wcsstore/Coles-CAS/images/5/2/4/5248444-th.jpg",
    "categories": ["pantry"],
    "tags": ["health-fods", "healthy-snacks"],
    "locations": {
      "vic": {
        "price": 1.95,
        "promoText": " ",
        "packageSize": "40g",
        "packagePrice": "$4.88 per 100G"
      }
    }
  },
  {
    "id": "go-natural-berry-frugos",
    "brand": "Go Natural",
    "name": "Berry Frugos",
    "imageUrl": "https://shop.coles.com.au/wcsstore/Coles-CAS/images/9/2/9/9291004-th.jpg",
    "categories": ["pantry"],
    "tags": ["health-fods", "healthy-snacks"],
    "locations": {
      "vic": {
        "price": 6,
        "promoText": " ",
        "packageSize": "210g",
        "packagePrice": "$2.86 per 100G"
      }
    }
  },
  {
    "id": "golden-days-sesame-snaps-yoghurt",
    "brand": "Golden Days",
    "name": "Gluten Free Yoghurt Sesame Snaps",
    "imageUrl": "https://shop.coles.com.au/wcsstore/Coles-CAS/images/9/7/9/9799359-th.jpg",
    "categories": ["pantry"],
    "tags": ["health-fods", "healthy-snacks"],
    "locations": {
      "vic": {
        "price": 1.15,
        "promoText": " ",
        "packageSize": "40g",
        "packagePrice": "$2.88 per 100G"
      }
    }
  },
  {
    "id": "gullon-sugar-free-shortbread",
    "brand": "Gullon",
    "name": "Sugar Free Shortbread",
    "imageUrl": "https://shop.coles.com.au/wcsstore/Coles-CAS/images/1/4/7/1479252-th.jpg",
    "categories": ["pantry"],
    "tags": ["health-fods", "healthy-snacks"],
    "locations": {
      "vic": {
        "price": 4.4,
        "promoText": " ",
        "packageSize": "330g",
        "packagePrice": "$1.33 per 100G"
      }
    }
  },
  {
    "id": "kez-s-gluten-fre-raspberry-melting-moments",
    "brand": "Kez's",
    "name": "Gluten Free Raspberry Melting Moments",
    "imageUrl": "https://shop.coles.com.au/wcsstore/Coles-CAS/images/3/7/5/3757185-th.jpg",
    "categories": ["pantry"],
    "tags": ["health-fods", "healthy-snacks"],
    "locations": {
      "vic": {
        "price": 7,
        "promoText": " ",
        "packageSize": "190g",
        "packagePrice": "$3.68 per 100G"
      }
    }
  },
  {
    "id": "kezs-kitchen-flourless-chocolate-brownie-gf",
    "brand": "Kez's Kitchen",
    "name": "Gluten Free Chewy Flourless Chocolate Brownies 6 Pack",
    "imageUrl": "https://shop.coles.com.au/wcsstore/Coles-CAS/images/3/5/5/3550380-th.jpg",
    "categories": ["pantry"],
    "tags": ["health-fods", "healthy-snacks"],
    "locations": {
      "vic": {
        "price": 7,
        "promoText": " ",
        "packageSize": "210g",
        "packagePrice": "$3.33 per 100G"
      }
    }
  },
  {
    "id": "kez-s-kitchen-gluten-fre-peanut-butter-brownies",
    "brand": "Kez's Kitchen",
    "name": "Gluten Free Peanut Butter Brownies",
    "imageUrl": "https://shop.coles.com.au/wcsstore/Coles-CAS/images/3/7/5/3757152-th.jpg",
    "categories": ["pantry"],
    "tags": ["health-fods", "healthy-snacks"],
    "locations": {
      "vic": {
        "price": 7,
        "promoText": " ",
        "packageSize": "210g",
        "packagePrice": "$3.33 per 100G"
      }
    }
  },
  {
    "id": "messy-monkeys-salt-vinegar-bites",
    "brand": "Messy Monkeys",
    "name": "Salt & Vinegar Whole Grain Bites 8 Pack",
    "imageUrl": "https://shop.coles.com.au/wcsstore/Coles-CAS/images/3/5/6/3568943-th.jpg",
    "categories": ["pantry"],
    "tags": ["health-fods", "healthy-snacks"],
    "locations": {
      "vic": {
        "price": 3.5,
        "promoText": "$3.50 ",
        "packageSize": "160g",
        "packagePrice": "$2.19 per 100G"
      }
    }
  },
  {
    "id": "mighty-bellies-lentil-puffs-salt-vinegar",
    "brand": "Mighty Bellies",
    "name": "Salt & Vinegar Lentil Puffs 6 Pack",
    "imageUrl": "https://shop.coles.com.au/wcsstore/Coles-CAS/images/3/5/4/3548470-th.jpg",
    "categories": ["pantry"],
    "tags": ["health-fods", "healthy-snacks"],
    "locations": {
      "vic": {
        "price": 2,
        "promoText": " ",
        "packageSize": "60g",
        "packagePrice": "$3.33 per 100G"
      }
    }
  },
  {
    "id": "mighty-bellies-lentil-puffs-bbq",
    "brand": "Mighty Bellies",
    "name": "BBQ Lentil Puffs",
    "imageUrl": "https://shop.coles.com.au/wcsstore/Coles-CAS/images/3/5/4/3548469-th.jpg",
    "categories": ["pantry"],
    "tags": ["health-fods", "healthy-snacks"],
    "locations": {
      "vic": {
        "price": 2,
        "promoText": " ",
        "packageSize": "60g",
        "packagePrice": "$3.33 per 100G"
      }
    }
  },
  {
    "id": "olinas-bakehouse-gf-turmeric-wafer",
    "brand": "Olina's Bakehouse",
    "name": "Gluten Free Turmeric Wafer Crackers",
    "imageUrl": "https://shop.coles.com.au/wcsstore/Coles-CAS/images/3/1/1/3119123-th.jpg",
    "categories": ["pantry"],
    "tags": ["health-fods", "healthy-snacks"],
    "locations": {
      "vic": {
        "price": 4,
        "promoText": " ",
        "packageSize": "150g",
        "packagePrice": "$2.86 per 100G"
      }
    }
  },
  {
    "id": "orgran-crispbread-multig-with-quinoa",
    "brand": "Orgran",
    "name": "Multigrain With Quinoa Crispbread",
    "imageUrl": "https://shop.coles.com.au/wcsstore/Coles-CAS/images/9/9/0/9901615-th.jpg",
    "categories": ["pantry"],
    "tags": ["health-fods", "healthy-snacks"],
    "locations": {
      "vic": {
        "price": 2.9,
        "promoText": "$0.75 ",
        "packageSize": "125g",
        "packagePrice": "$2.32 per 100G"
      }
    }
  },
  {
    "id": "orgran-tumeric-beetroot-wafer-crackers",
    "brand": "Orgran",
    "name": "Tumeric & Beetroot Wafer Crackers",
    "imageUrl": "https://shop.coles.com.au/wcsstore/Coles-CAS/images/3/5/5/3558350-th.jpg",
    "categories": ["pantry"],
    "tags": ["health-fods", "healthy-snacks"],
    "locations": {
      "vic": {
        "price": 3.9,
        "promoText": " ",
        "packageSize": "100g",
        "packagePrice": "$3.90 per 100G"
      }
    }
  },
  {
    "id": "simple-wize-almond-crispbread",
    "brand": "Simple Wize",
    "name": "Almond Crispbread",
    "imageUrl": "https://shop.coles.com.au/wcsstore/Coles-CAS/images/1/9/9/1995025-th.jpg",
    "categories": ["pantry"],
    "tags": ["health-fods", "healthy-snacks"],
    "locations": {
      "vic": {
        "price": 5,
        "promoText": " ",
        "packageSize": "150g",
        "packagePrice": "$3.33 per 100G"
      }
    }
  },
  {
    "id": "simply-wize-gluten-free-mix-bread-crusty",
    "brand": "Simply Wize",
    "name": "Gluten Free Crusty Bread",
    "imageUrl": "https://shop.coles.com.au/wcsstore/Coles-CAS/images/7/4/8/7482748-th.jpg",
    "categories": ["pantry"],
    "tags": ["health-fods", "healthy-snacks"],
    "locations": {
      "vic": {
        "price": 6,
        "promoText": " ",
        "packageSize": "330g",
        "packagePrice": "$1.82 per 100G"
      }
    }
  },
  {
    "id": "sunrice-brown-rice-chips-sea-salt-3779767p",
    "brand": "Sunrice",
    "name": "Brown Rice Chips Sea Salt",
    "imageUrl": "https://shop.coles.com.au/wcsstore/Coles-CAS/images/3/7/7/3779767-th.jpg",
    "categories": ["pantry"],
    "tags": ["health-fods", "healthy-snacks"],
    "locations": {
      "vic": {
        "price": 5,
        "promoText": " ",
        "packageSize": "150g",
        "packagePrice": "$3.33 per 100G"
      }
    }
  },
  {
    "id": "sweet-william-chocolate-bar-original-dairy-free",
    "brand": "Sweet William",
    "name": "Original Dairy Free Chocolate Bar No Added Sugar",
    "imageUrl": "https://shop.coles.com.au/wcsstore/Coles-CAS/images/4/5/9/4598247-th.jpg",
    "categories": ["pantry"],
    "tags": ["health-fods", "healthy-snacks"],
    "locations": {
      "vic": {
        "price": 3,
        "promoText": " ",
        "packageSize": "50g",
        "packagePrice": "$6.00 per 100G"
      }
    }
  },
  {
    "id": "table-of-plenty-tomato-basil-mini-rice-cakes",
    "brand": "Table Of Plenty",
    "name": "Tomato & Sweet Basil Mini Rice Cakes",
    "imageUrl": "https://shop.coles.com.au/wcsstore/Coles-CAS/images/3/7/5/3757935-th.jpg",
    "categories": ["pantry"],
    "tags": ["health-fods", "healthy-snacks"],
    "locations": {
      "vic": {
        "price": 3.2,
        "promoText": " ",
        "packageSize": "60g",
        "packagePrice": "$5.33 per 100G"
      }
    }
  },
  {
    "id": "table-of-plenty-rosemary-sea-salt-mini-rice-cakes",
    "brand": "Table Of Plenty",
    "name": "Rosemary & Sea Salt Mini Rice Cakes",
    "imageUrl": "https://shop.coles.com.au/wcsstore/Coles-CAS/images/3/7/5/3757877-th.jpg",
    "categories": ["pantry"],
    "tags": ["health-fods", "healthy-snacks"],
    "locations": {
      "vic": {
        "price": 3.2,
        "promoText": " ",
        "packageSize": "60g",
        "packagePrice": "$5.33 per 100G"
      }
    }
  },
  {
    "id": "the-bar-counter-high-protein-dark-chocolate-almond",
    "brand": "The Bar Counter",
    "name": "High Protein Dark Chocolate & Almond",
    "imageUrl": "https://shop.coles.com.au/wcsstore/Coles-CAS/images/1/7/5/1751224-th.jpg",
    "categories": ["pantry"],
    "tags": ["health-fods", "healthy-snacks"],
    "locations": {
      "vic": {
        "price": 2.5,
        "promoText": "Any 2 $4",
        "packageSize": "",
        "packagePrice": ""
      }
    }
  },
  {
    "id": "the-bar-counter-no-added-sugar-blueberry-almond-white-chocolate",
    "brand": "The Bar Counter",
    "name": "Matcha Mint White Chocolate Energy Bar",
    "imageUrl": "https://shop.coles.com.au/wcsstore/Coles-CAS/images/1/7/5/1751381-th.jpg",
    "categories": ["pantry"],
    "tags": ["health-fods", "healthy-snacks"],
    "locations": {
      "vic": {
        "price": 2.5,
        "promoText": "Any 2 $4",
        "packageSize": "",
        "packagePrice": ""
      }
    }
  },
  {
    "id": "the-bar-counter-no-added-sugar-salted-caramel-banana-bar",
    "brand": "The Bar Counter",
    "name": "No Added Sugar Salted Caramel & Banana Bar",
    "imageUrl": "https://shop.coles.com.au/wcsstore/Coles-CAS/images/1/9/9/1994678-th.jpg",
    "categories": ["pantry"],
    "tags": ["health-fods", "healthy-snacks"],
    "locations": {
      "vic": {
        "price": 2.5,
        "promoText": "Any 2 $4",
        "packageSize": "40g",
        "packagePrice": "$6.25 per 100G"
      }
    }
  },
  {
    "id": "the-bar-counter-salted-caramel-chocolate-crunch",
    "brand": "The Bar Counter",
    "name": "Salted Caramel & Chocolate Crunch",
    "imageUrl": "https://shop.coles.com.au/wcsstore/Coles-CAS/images/2/2/8/2289321-th.jpg",
    "categories": ["pantry"],
    "tags": ["health-fods", "healthy-snacks"],
    "locations": {
      "vic": {
        "price": 3,
        "promoText": "Any 2 $4",
        "packageSize": "40g",
        "packagePrice": "$7.50 per 100G"
      }
    }
  },
  {
    "id": "the-bar-counter-plant-pro-dark-chocolate-coconut",
    "brand": "The Bar Counter",
    "name": "Plant Protein Dark Chocolate Coconut",
    "imageUrl": "https://shop.coles.com.au/wcsstore/Coles-CAS/images/3/6/2/3620486-th.jpg",
    "categories": ["pantry"],
    "tags": ["health-fods", "healthy-snacks"],
    "locations": {
      "vic": {
        "price": 2.5,
        "promoText": "Any 2 $4",
        "packageSize": "40g",
        "packagePrice": "$6.25 per 100G"
      }
    }
  },
  {
    "id": "the-bar-counter-plant-pro-blueberry-nut-slice",
    "brand": "The Bar Counter",
    "name": "Plant Protein Blueberry & Nut Slice",
    "imageUrl": "https://shop.coles.com.au/wcsstore/Coles-CAS/images/3/6/2/3620475-th.jpg",
    "categories": ["pantry"],
    "tags": ["health-fods", "healthy-snacks"],
    "locations": {
      "vic": {
        "price": 2.5,
        "promoText": "Any 2 $4",
        "packageSize": "40g",
        "packagePrice": "$6.25 per 100G"
      }
    }
  },
  {
    "id": "the-god-crisp-co-potato-chips-sour-cream-chives",
    "brand": "The Good Crisp Co",
    "name": "Potato Chips Sour Cream & Chives",
    "imageUrl": "https://shop.coles.com.au/wcsstore/Coles-CAS/images/3/7/5/3756604-th.jpg",
    "categories": ["pantry"],
    "tags": ["health-fods", "healthy-snacks"],
    "locations": {
      "vic": {
        "price": 4,
        "promoText": " ",
        "packageSize": "160g",
        "packagePrice": "$2.50 per 100G"
      }
    }
  },
  {
    "id": "the-god-crisp-co-potato-chips-black-label-org",
    "brand": "The Good Crisp Co",
    "name": "Potato Chips Original",
    "imageUrl": "https://shop.coles.com.au/wcsstore/Coles-CAS/images/3/7/5/3756626-th.jpg",
    "categories": ["pantry"],
    "tags": ["health-fods", "healthy-snacks"],
    "locations": {
      "vic": {
        "price": 4,
        "promoText": " ",
        "packageSize": "160g",
        "packagePrice": "$2.50 per 100G"
      }
    }
  },
  {
    "id": "the-god-crisp-co-potato-chips-smokey-barbeque",
    "brand": "The Good Crisp Co",
    "name": "Potato Chips Smokey Barbeque",
    "imageUrl": "https://shop.coles.com.au/wcsstore/Coles-CAS/images/3/7/5/3756615-th.jpg",
    "categories": ["pantry"],
    "tags": ["health-fods", "healthy-snacks"],
    "locations": {
      "vic": {
        "price": 4,
        "promoText": " ",
        "packageSize": "160g",
        "packagePrice": "$2.50 per 100G"
      }
    }
  },
  {
    "id": "fav-va-nuts-lightly-salted",
    "brand": "The Happy Snack Company",
    "name": "Lightly Salted Crunchy Roasted Fav-Va Beans",
    "imageUrl": "https://shop.coles.com.au/wcsstore/Coles-CAS/images/1/4/6/1469645-th.jpg",
    "categories": ["pantry"],
    "tags": ["health-fods", "healthy-snacks"],
    "locations": {
      "vic": {
        "price": 5.35,
        "promoText": " ",
        "packageSize": "200g",
        "packagePrice": "$2.68 per 100G"
      }
    }
  },
  {
    "id": "happy-snack-favva-beans-salt-vinegar",
    "brand": "The Happy Snack Company",
    "name": "Roasted Favva Bean Salt & Vinegar",
    "imageUrl": "https://shop.coles.com.au/wcsstore/Coles-CAS/images/3/0/1/3015274-th.jpg",
    "categories": ["pantry"],
    "tags": ["health-fods", "healthy-snacks"],
    "locations": {
      "vic": {
        "price": 5.3,
        "promoText": " ",
        "packageSize": "150g",
        "packagePrice": "$3.53 per 100G"
      }
    }
  },
  {
    "id": "happy-snacks-company-chickpeas-dark-choc-rasp",
    "brand": "The Happy Snacks Company",
    "name": "Dark Choc & Raspberry Roasted Chickpeas 5 pack",
    "imageUrl": "https://shop.coles.com.au/wcsstore/Coles-CAS/images/3/5/5/3554111-th.jpg",
    "categories": ["pantry"],
    "tags": ["health-fods", "healthy-snacks"],
    "locations": {
      "vic": {
        "price": 5.3,
        "promoText": " ",
        "packageSize": "100g",
        "packagePrice": "$5.30 per 100G"
      }
    }
  },
  {
    "id": "wfc-lentil-chips-lime-pepper-with-probiotic",
    "brand": "The Wholesome Food Company",
    "name": "Lime, Peppercorn & Probiotic Lentils Chips",
    "imageUrl": "https://shop.coles.com.au/wcsstore/Coles-CAS/images/3/5/5/3558360-th.jpg",
    "categories": ["pantry"],
    "tags": ["health-fods", "healthy-snacks"],
    "locations": {
      "vic": {
        "price": 5,
        "promoText": " ",
        "packageSize": "100g",
        "packagePrice": "$5.00 per 100G"
      }
    }
  },
  {
    "id": "vege-deli-tumeric-cheese-crisps",
    "brand": "Vege",
    "name": "Deli Crisps Turmeric & Cheese Chips",
    "imageUrl": "https://shop.coles.com.au/wcsstore/Coles-CAS/images/2/4/9/2492212-th.jpg",
    "categories": ["pantry"],
    "tags": ["health-fods", "healthy-snacks"],
    "locations": {
      "vic": {
        "price": 5.5,
        "promoText": " ",
        "packageSize": "100g",
        "packagePrice": "$5.50 per 100G"
      }
    }
  },
  {
    "id": "vege-deli-crisps-lentil-sriracha-gluten-free",
    "brand": "Vege",
    "name": "Deli Crisps Lentil Sriracha Chips",
    "imageUrl": "https://shop.coles.com.au/wcsstore/Coles-CAS/images/3/1/2/3127711-th.jpg",
    "categories": ["pantry"],
    "tags": ["health-fods", "healthy-snacks"],
    "locations": {
      "vic": {
        "price": 5.5,
        "promoText": " ",
        "packageSize": "100g",
        "packagePrice": "$5.50 per 100G"
      }
    }
  },
  {
    "id": "well-naturally-bar-chocolate-rich-dark",
    "brand": "Well Naturally",
    "name": "Chocolate Rich Dark Bar",
    "imageUrl": "https://shop.coles.com.au/wcsstore/Coles-CAS/images/5/7/2/5723526-th.jpg",
    "categories": ["pantry"],
    "tags": ["health-fods", "healthy-snacks"],
    "locations": {
      "vic": {
        "price": 2.85,
        "promoText": " ",
        "packageSize": "45g",
        "packagePrice": "$6.33 per 100G"
      }
    }
  },
  {
    "id": "well-naturally-peppermint-chip-milk-chocolate-bar-no-added-sugar",
    "brand": "Well Naturally",
    "name": "Peppermint Chip Milk Chocolate Bar No Added Sugar",
    "imageUrl": "https://shop.coles.com.au/wcsstore/Coles-CAS/images/1/9/9/1995364-th.jpg",
    "categories": ["pantry"],
    "tags": ["health-fods", "healthy-snacks"],
    "locations": {
      "vic": {
        "price": 2.85,
        "promoText": " ",
        "packageSize": "45g",
        "packagePrice": "$6.33 per 100G"
      }
    }
  },
  {
    "id": "wellabys-crackers-classic-cheese",
    "brand": "Wellaby's",
    "name": "Classic Cheese Crackers",
    "imageUrl": "https://shop.coles.com.au/wcsstore/Coles-CAS/images/8/6/5/8659650-th.jpg",
    "categories": ["pantry"],
    "tags": ["health-fods", "healthy-snacks"],
    "locations": {
      "vic": {
        "price": 4,
        "promoText": " ",
        "packageSize": "100g",
        "packagePrice": "$4.00 per 100G"
      }
    }
  },
  {
    "id": "wellabys-crackers-fetta--oregano-and-olive-oil",
    "brand": "Wellaby's",
    "name": "Fetta Oregano and Olive Oil Crackers",
    "imageUrl": "https://shop.coles.com.au/wcsstore/Coles-CAS/images/8/6/5/8659682-th.jpg",
    "categories": ["pantry"],
    "tags": ["health-fods", "healthy-snacks"],
    "locations": {
      "vic": {
        "price": 4,
        "promoText": " ",
        "packageSize": "100g",
        "packagePrice": "$4.00 per 100G"
      }
    }
  },
  {
    "id": "wholesome-foods-protein-chips",
    "brand": "Wholesome Food Company",
    "name": "Gluten Free Roasted Jalapeno Protein Chips",
    "imageUrl": "https://shop.coles.com.au/wcsstore/Coles-CAS/images/2/9/9/2995891-th.jpg",
    "categories": ["pantry"],
    "tags": ["health-fods", "healthy-snacks"],
    "locations": {
      "vic": {
        "price": 5,
        "promoText": " ",
        "packageSize": "70g",
        "packagePrice": "$7.14 per 100G"
      }
    }
  },
  {
    "id": "vitalstrength-ripped-high-protein-chocolate",
    "brand": "Vital Strength",
    "name": "Hydroxy Ripped Chocolate Thermogenic Protein Powder",
    "imageUrl": "https://shop.coles.com.au/wcsstore/Coles-CAS/images/2/7/3/2734741-th.jpg",
    "categories": ["pantry"],
    "tags": ["health-fods", "sports-nutrition-diet"],
    "locations": {
      "vic": {
        "price": 35,
        "promoText": " ",
        "packageSize": "600g",
        "packagePrice": "$5.83 per 100G"
      }
    }
  },
  {
    "id": "crankt--protein-shake-chocolate",
    "brand": "Crankt",
    "name": "Chocolate Protein Shake",
    "imageUrl": "https://shop.coles.com.au/wcsstore/Coles-CAS/images/1/2/1/1211158-th.jpg",
    "categories": ["pantry"],
    "tags": ["health-fods", "sports-nutrition-diet"],
    "locations": {
      "vic": {
        "price": 3.95,
        "promoText": " ",
        "packageSize": "375mL",
        "packagePrice": "$10.53 per 1L"
      }
    }
  },
  {
    "id": "bounce-protein-balls-lemon-coconut",
    "brand": "Bounce",
    "name": "Gluten Free Coconut Lemon Protein Energy Ball",
    "imageUrl": "https://shop.coles.com.au/wcsstore/Coles-CAS/images/3/1/1/3118415-th.jpg",
    "categories": ["pantry"],
    "tags": ["health-fods", "sports-nutrition-diet"],
    "locations": {
      "vic": {
        "price": 3,
        "promoText": "Any 2 $4",
        "packageSize": "40g",
        "packagePrice": "$0.75 per 10G"
      }
    }
  },
  {
    "id": "aussie-bodies-lc-whipd-choc-mint",
    "brand": "Aussie Bodies",
    "name": "Low Carb Choc Mint",
    "imageUrl": "https://shop.coles.com.au/wcsstore/Coles-CAS/images/3/1/3/3139845-th.jpg",
    "categories": ["pantry"],
    "tags": ["health-fods", "sports-nutrition-diet"],
    "locations": {
      "vic": {
        "price": 6,
        "promoText": "$3.00 ",
        "packageSize": "120g",
        "packagePrice": "$5.00 per 100G"
      }
    }
  },
  {
    "id": "keep-it-cleaner-bliss-balls-peanut-butter-choc",
    "brand": "Keep It Cleaner",
    "name": "Bliss Balls Peanut Butter Chocolate Chip",
    "imageUrl": "https://shop.coles.com.au/wcsstore/Coles-CAS/images/3/5/2/3524380-th.jpg",
    "categories": ["pantry"],
    "tags": ["health-fods", "sports-nutrition-diet"],
    "locations": {
      "vic": {
        "price": 1.75,
        "promoText": "$0.75 ",
        "packageSize": "40g",
        "packagePrice": "$4.38 per 100mL"
      }
    }
  },
  {
    "id": "aussie-bodies-lc-whipd-chocolate",
    "brand": "Aussie Bodies",
    "name": "Lo Carb Whip'd Chocolate Flavour Protein Bar",
    "imageUrl": "https://shop.coles.com.au/wcsstore/Coles-CAS/images/3/1/3/3139834-th.jpg",
    "categories": ["pantry"],
    "tags": ["health-fods", "sports-nutrition-diet"],
    "locations": {
      "vic": {
        "price": 6,
        "promoText": "$3.00 ",
        "packageSize": "120g",
        "packagePrice": "$5.00 per 100G"
      }
    }
  },
  {
    "id": "bsc-high-protein-bar-cookies-cream",
    "brand": "BSC",
    "name": "Low Carb Cookies & Cream Protein Bar",
    "imageUrl": "https://shop.coles.com.au/wcsstore/Coles-CAS/images/3/1/2/3125148-th.jpg",
    "categories": ["pantry"],
    "tags": ["health-fods", "sports-nutrition-diet"],
    "locations": {
      "vic": {
        "price": 4,
        "promoText": " ",
        "packageSize": "60g",
        "packagePrice": "$0.67 per 10G"
      }
    }
  },
  {
    "id": "keep-it-cleaner-bliss-balls-peppermint-slice",
    "brand": "Keep It Cleaner",
    "name": "Bliss Balls Peppermint Slice",
    "imageUrl": "https://shop.coles.com.au/wcsstore/Coles-CAS/images/3/5/2/3521360-th.jpg",
    "categories": ["pantry"],
    "tags": ["health-fods", "sports-nutrition-diet"],
    "locations": {
      "vic": {
        "price": 1.75,
        "promoText": "$0.75 ",
        "packageSize": "40g",
        "packagePrice": "$4.38 per 100mL"
      }
    }
  },
  {
    "id": "sis-go-lemon-hydro-tablets-20-pack",
    "brand": "SIS",
    "name": "Go Lemon Hydro Tablets 20 pack",
    "imageUrl": "https://shop.coles.com.au/wcsstore/Coles-CAS/images/2/0/1/2010479-th.jpg",
    "categories": ["pantry"],
    "tags": ["health-fods", "sports-nutrition-diet"],
    "locations": {
      "vic": {
        "price": 8.4,
        "promoText": "$5.60 ",
        "packageSize": "",
        "packagePrice": "$0.42 per 1Ea"
      }
    }
  },
  {
    "id": "atkins-endulge-bars-caramel-nut-chew",
    "brand": "Atkins",
    "name": "Endulge Caramel Nut Chew 5 Bars",
    "imageUrl": "https://shop.coles.com.au/wcsstore/Coles-CAS/images/8/6/5/8657235-th.jpg",
    "categories": ["pantry"],
    "tags": ["health-fods", "sports-nutrition-diet"],
    "locations": {
      "vic": {
        "price": 13.5,
        "promoText": " ",
        "packageSize": "170g",
        "packagePrice": "$7.94 per 100G"
      }
    }
  },
  {
    "id": "atkins-advantage-bars-choc-mint",
    "brand": "Atkins",
    "name": "Advantage Chocolate Mint Bar",
    "imageUrl": "https://shop.coles.com.au/wcsstore/Coles-CAS/images/9/9/0/9906787-th.jpg",
    "categories": ["pantry"],
    "tags": ["health-fods", "sports-nutrition-diet"],
    "locations": {
      "vic": {
        "price": 4.5,
        "promoText": " ",
        "packageSize": "60g",
        "packagePrice": "$7.50 per 100G"
      }
    }
  },
  {
    "id": "atkins-endulge-chocolate-break-bars-3-pack",
    "brand": "Atkins",
    "name": "Endulge Chocolate Break Bars 3 pack",
    "imageUrl": "https://shop.coles.com.au/wcsstore/Coles-CAS/images/2/0/1/2015698-th.jpg",
    "categories": ["pantry"],
    "tags": ["health-fods", "sports-nutrition-diet"],
    "locations": {
      "vic": {
        "price": 7,
        "promoText": " ",
        "packageSize": "64g",
        "packagePrice": "$10.85 per 100G"
      }
    }
  },
  {
    "id": "atkins-endulge-milk-choc-multipack-5x30g",
    "brand": "Atkins",
    "name": "Endulge Milk Chocolate 5 Bars",
    "imageUrl": "https://shop.coles.com.au/wcsstore/Coles-CAS/images/3/1/2/3128317-th.jpg",
    "categories": ["pantry"],
    "tags": ["health-fods", "sports-nutrition-diet"],
    "locations": {
      "vic": {
        "price": 13.5,
        "promoText": " ",
        "packageSize": "150g",
        "packagePrice": "$9.00 per 100G"
      }
    }
  },
  {
    "id": "aussie-bodies--protein-fx-lo-carb-peanut-caramel-bar-4-pack",
    "brand": "Aussie Bodies",
    "name": "Lo Carb Peanut Butter Caramel Protein Bars 4 pack",
    "imageUrl": "https://shop.coles.com.au/wcsstore/Coles-CAS/images/2/0/1/2015177-th.jpg",
    "categories": ["pantry"],
    "tags": ["health-fods", "sports-nutrition-diet"],
    "locations": {
      "vic": {
        "price": 6,
        "promoText": "$3.00 ",
        "packageSize": "120g",
        "packagePrice": "$5.00 per 100G"
      }
    }
  },
  {
    "id": "clif-crunch-peanutbutter-bar",
    "brand": "Clif Bar",
    "name": "Crunchy Peanut Butter Bar",
    "imageUrl": "https://shop.coles.com.au/wcsstore/Coles-CAS/images/2/5/0/2507921-th.jpg",
    "categories": ["pantry"],
    "tags": ["health-fods", "sports-nutrition-diet"],
    "locations": {
      "vic": {
        "price": 3,
        "promoText": " ",
        "packageSize": "68g",
        "packagePrice": "$4.41 per 100G"
      }
    }
  },
  {
    "id": "dose-co-collagen-protein-powder-creamy-vanilla",
    "brand": "Dose & Co.",
    "name": "Collagen Protein Powder Creamy Vanilla",
    "imageUrl": "https://shop.coles.com.au/wcsstore/Coles-CAS/images/3/7/9/3792652-th.jpg",
    "categories": ["pantry"],
    "tags": ["health-fods", "sports-nutrition-diet"],
    "locations": {
      "vic": {
        "price": 40,
        "promoText": " ",
        "packageSize": "420g",
        "packagePrice": "$9.52 per 100G"
      }
    }
  },
  {
    "id": "fulfil-protein-bar-choc-mint",
    "brand": "Fulfil",
    "name": "Milk Chocolate And Mint Flavour Vitamin And Protein Bar",
    "imageUrl": "https://shop.coles.com.au/wcsstore/Coles-CAS/images/3/1/2/3129218-th.jpg",
    "categories": ["pantry"],
    "tags": ["health-fods", "sports-nutrition-diet"],
    "locations": {
      "vic": {
        "price": 4,
        "promoText": " ",
        "packageSize": "55g",
        "packagePrice": "$7.27 per 100G"
      }
    }
  },
  {
    "id": "fulfil-protein-bar-peanut-caramel",
    "brand": "Fulfil",
    "name": "Vitamin & Protein Bar Peanut & Caramel Flavour",
    "imageUrl": "https://shop.coles.com.au/wcsstore/Coles-CAS/images/3/1/2/3129240-th.jpg",
    "categories": ["pantry"],
    "tags": ["health-fods", "sports-nutrition-diet"],
    "locations": {
      "vic": {
        "price": 4,
        "promoText": " ",
        "packageSize": "55g",
        "packagePrice": "$7.27 per 100G"
      }
    }
  },
  {
    "id": "musashi-choc-fudge-p45-brownie-bar",
    "brand": "Musashi",
    "name": "Choc Fudge P45 Brownie Bar",
    "imageUrl": "https://shop.coles.com.au/wcsstore/Coles-CAS/images/2/5/0/2507320-th.jpg",
    "categories": ["pantry"],
    "tags": ["health-fods", "sports-nutrition-diet"],
    "locations": {
      "vic": {
        "price": 4,
        "promoText": "$1.00 ",
        "packageSize": "90g",
        "packagePrice": "$4.44 per 100G"
      }
    }
  },
  {
    "id": "musashi-delux-protein-peanut-crunch",
    "brand": "Musashi",
    "name": "Deluxe High Protein Peanut Crunch",
    "imageUrl": "https://shop.coles.com.au/wcsstore/Coles-CAS/images/3/3/9/3398796-th.jpg",
    "categories": ["pantry"],
    "tags": ["health-fods", "sports-nutrition-diet"],
    "locations": {
      "vic": {
        "price": 4,
        "promoText": " ",
        "packageSize": "60g",
        "packagePrice": "$6.67 per 100G"
      }
    }
  },
  {
    "id": "natures-way-slim-right-weight-loss-powder-chocolate",
    "brand": "Nature's Way",
    "name": "Slim Right Chocolate Weight Loss Powder",
    "imageUrl": "https://shop.coles.com.au/wcsstore/Coles-CAS/images/9/6/7/9676010-th.jpg",
    "categories": ["pantry"],
    "tags": ["health-fods", "sports-nutrition-diet"],
    "locations": {
      "vic": {
        "price": 14.5,
        "promoText": " ",
        "packageSize": "375g",
        "packagePrice": "$3.87 per 100G"
      }
    }
  },
  {
    "id": "atkins-endulge-bar-chocolate",
    "brand": "Atkins",
    "name": "Endulge Chocolate Bar",
    "imageUrl": "https://shop.coles.com.au/wcsstore/Coles-CAS/images/4/3/5/4358549-th.jpg",
    "categories": ["pantry"],
    "tags": ["health-fods", "sports-nutrition-diet"],
    "locations": {
      "vic": {
        "price": 3,
        "promoText": " ",
        "packageSize": "30g",
        "packagePrice": "$10.00 per 100G"
      }
    }
  },
  {
    "id": "atkins-day-break-bars-hazelnut-snack",
    "brand": "Atkins",
    "name": "Day Break Hazelnut Snack Bar",
    "imageUrl": "https://shop.coles.com.au/wcsstore/Coles-CAS/images/1/2/1/1210698-th.jpg",
    "categories": ["pantry"],
    "tags": ["health-fods", "sports-nutrition-diet"],
    "locations": {
      "vic": {
        "price": 11.5,
        "promoText": " ",
        "packageSize": "5 pack",
        "packagePrice": "$6.22 per 100G"
      }
    }
  },
  {
    "id": "atkins-advantage-rtd-chocolate",
    "brand": "Atkins",
    "name": "Low Carb Chocolate Flavour Protein Shake",
    "imageUrl": "https://shop.coles.com.au/wcsstore/Coles-CAS/images/2/8/9/2899650-th.jpg",
    "categories": ["pantry"],
    "tags": ["health-fods", "sports-nutrition-diet"],
    "locations": {
      "vic": {
        "price": 3.5,
        "promoText": " ",
        "packageSize": "330mL",
        "packagePrice": "$10.61 per 1L"
      }
    }
  },
  {
    "id": "aussie-bodies-hplc-bar-chocolate",
    "brand": "Aussie Bodies",
    "name": "HPLC Chocolate Protein Bar",
    "imageUrl": "https://shop.coles.com.au/wcsstore/Coles-CAS/images/8/6/0/8604658-th.jpg",
    "categories": ["pantry"],
    "tags": ["health-fods", "sports-nutrition-diet"],
    "locations": {
      "vic": {
        "price": 5,
        "promoText": " ",
        "packageSize": "100g",
        "packagePrice": "$5.00 per 100G"
      }
    }
  },
  {
    "id": "aussie-bodies-shine-collagen-coconut-delite",
    "brand": "Aussie Bodies",
    "name": "Shine Collagen Coconut Delite",
    "imageUrl": "https://shop.coles.com.au/wcsstore/Coles-CAS/images/3/7/9/3796176-th.jpg",
    "categories": ["pantry"],
    "tags": ["health-fods", "sports-nutrition-diet"],
    "locations": {
      "vic": {
        "price": 3.75,
        "promoText": " ",
        "packageSize": "45g",
        "packagePrice": "$8.33 per 100G"
      }
    }
  },
  {
    "id": "bsc-hydroxyburn-balls-choc-honeycomb",
    "brand": "BSC",
    "name": "White Choc Honeycomb High Protein Balls",
    "imageUrl": "https://shop.coles.com.au/wcsstore/Coles-CAS/images/8/6/5/8655014-th.jpg",
    "categories": ["pantry"],
    "tags": ["health-fods", "sports-nutrition-diet"],
    "locations": {
      "vic": {
        "price": 4.5,
        "promoText": " ",
        "packageSize": "70g",
        "packagePrice": "$6.43 per 100G"
      }
    }
  },
  {
    "id": "crankt-protein-bar-protein-bar-2581607p",
    "brand": "Crankt",
    "name": "Gluten Free Choc Caramel Flavour Protein + Energy Bar",
    "imageUrl": "https://shop.coles.com.au/wcsstore/Coles-CAS/images/2/5/8/2581607-th.jpg",
    "categories": ["pantry"],
    "tags": ["health-fods", "sports-nutrition-diet"],
    "locations": {
      "vic": {
        "price": 3.75,
        "promoText": " ",
        "packageSize": "55g",
        "packagePrice": "$6.82 per 100G"
      }
    }
  },
  {
    "id": "dose-co-dairy-fre-creamer-caramel",
    "brand": "Dose & Co.",
    "name": "Dairy Free Creamer Caramel",
    "imageUrl": "https://shop.coles.com.au/wcsstore/Coles-CAS/images/3/7/9/3792685-th.jpg",
    "categories": ["pantry"],
    "tags": ["health-fods", "sports-nutrition-diet"],
    "locations": {
      "vic": {
        "price": 42,
        "promoText": " ",
        "packageSize": "340g",
        "packagePrice": "$12.35 per 100G"
      }
    }
  },
  {
    "id": "keep-it-cleaner-bliss-balls-espresso",
    "brand": "Keep It Cleaner",
    "name": "Bliss Balls Espresso",
    "imageUrl": "https://shop.coles.com.au/wcsstore/Coles-CAS/images/3/1/3/3134604-th.jpg",
    "categories": ["pantry"],
    "tags": ["health-fods", "sports-nutrition-diet"],
    "locations": {
      "vic": {
        "price": 1.75,
        "promoText": "$0.75 ",
        "packageSize": "40g",
        "packagePrice": "$4.38 per 100G"
      }
    }
  },
  {
    "id": "keep-it-cleaner-bliss-balls-peanut-butter",
    "brand": "Keep It Cleaner",
    "name": "Bliss Balls Peanut Butter",
    "imageUrl": "https://shop.coles.com.au/wcsstore/Coles-CAS/images/3/1/3/3134590-th.jpg",
    "categories": ["pantry"],
    "tags": ["health-fods", "sports-nutrition-diet"],
    "locations": {
      "vic": {
        "price": 1.75,
        "promoText": "$0.75 ",
        "packageSize": "40g",
        "packagePrice": "$4.38 per 100G"
      }
    }
  },
  {
    "id": "keep-it-cleaner-protein-bar-sea-salt-caramel",
    "brand": "Keep It Cleaner",
    "name": "Sea Salt Caramel Protein Bar",
    "imageUrl": "https://shop.coles.com.au/wcsstore/Coles-CAS/images/3/5/0/3502082-th.jpg",
    "categories": ["pantry"],
    "tags": ["health-fods", "sports-nutrition-diet"],
    "locations": {
      "vic": {
        "price": 3,
        "promoText": " ",
        "packageSize": "40g",
        "packagePrice": "$7.50 per 100G"
      }
    }
  },
  {
    "id": "natural-peanut-butter-bar-choc-chip-crunch-30g",
    "brand": "Koja",
    "name": "Natural Peanut Butter Bar Choc Chip Crunch",
    "imageUrl": "https://shop.coles.com.au/wcsstore/Coles-CAS/images/3/4/9/3499829-th.jpg",
    "categories": ["pantry"],
    "tags": ["health-fods", "sports-nutrition-diet"],
    "locations": {
      "vic": {
        "price": 2.6,
        "promoText": "$0.90 ",
        "packageSize": "30g",
        "packagePrice": "$8.67 per 100G"
      }
    }
  },
  {
    "id": "natural-peanut-butter-bar-peanut-caramel-30g",
    "brand": "Koja",
    "name": "Natural Peanut Butter Bar Caramel",
    "imageUrl": "https://shop.coles.com.au/wcsstore/Coles-CAS/images/3/4/9/3499807-th.jpg",
    "categories": ["pantry"],
    "tags": ["health-fods", "sports-nutrition-diet"],
    "locations": {
      "vic": {
        "price": 2.6,
        "promoText": "$0.90 ",
        "packageSize": "30g",
        "packagePrice": "$8.67 per 100G"
      }
    }
  },
  {
    "id": "natures-way-slim-right-weight-loss-drink-powder-strawberry",
    "brand": "Nature's Way",
    "name": "Slim Right Strawberry Weight Loss Drink Powder",
    "imageUrl": "https://shop.coles.com.au/wcsstore/Coles-CAS/images/9/6/7/9676031-th.jpg",
    "categories": ["pantry"],
    "tags": ["health-fods", "sports-nutrition-diet"],
    "locations": {
      "vic": {
        "price": 14.5,
        "promoText": " ",
        "packageSize": "375g",
        "packagePrice": "$3.87 per 100G"
      }
    }
  },
  {
    "id": "the-man-shake-variety-10-pack",
    "brand": "The Man Shake",
    "name": "Variety 10 Pack",
    "imageUrl": "https://shop.coles.com.au/wcsstore/Coles-CAS/images/3/1/3/3136053-th.jpg",
    "categories": ["pantry"],
    "tags": ["health-fods", "sports-nutrition-diet"],
    "locations": {
      "vic": {
        "price": 36,
        "promoText": " ",
        "packageSize": "560g",
        "packagePrice": "$6.43 per 100G"
      }
    }
  },
  {
    "id": "winners-gels-lemon-lime",
    "brand": "Winners",
    "name": "Lemon Lime Energy Gel",
    "imageUrl": "https://shop.coles.com.au/wcsstore/Coles-CAS/images/7/5/9/7593363-th.jpg",
    "categories": ["pantry"],
    "tags": ["health-fods", "sports-nutrition-diet"],
    "locations": {
      "vic": {
        "price": 8.5,
        "promoText": " ",
        "packageSize": "4 pack",
        "packagePrice": "$5.31 per 100G"
      }
    }
  },
  {
    "id": "atkins-advantage-shake-vanilla",
    "brand": "Atkins",
    "name": "Low Carb Vanilla Flavoured Protein Shake Mix",
    "imageUrl": "https://shop.coles.com.au/wcsstore/Coles-CAS/images/4/2/2/4221067-th.jpg",
    "categories": ["pantry"],
    "tags": ["health-fods", "sports-nutrition-diet"],
    "locations": {
      "vic": {
        "price": 22,
        "promoText": " ",
        "packageSize": "310g",
        "packagePrice": "$7.10 per 100G"
      }
    }
  },
  {
    "id": "atkins-advantage-shake-chocolate",
    "brand": "Atkins",
    "name": "Low Carb Chocolate Flavoured Shake Mix",
    "imageUrl": "https://shop.coles.com.au/wcsstore/Coles-CAS/images/4/2/2/4221078-th.jpg",
    "categories": ["pantry"],
    "tags": ["health-fods", "sports-nutrition-diet"],
    "locations": {
      "vic": {
        "price": 22,
        "promoText": " ",
        "packageSize": "330g",
        "packagePrice": "$6.67 per 100G"
      }
    }
  },
  {
    "id": "atkins-endulge-bar-chocolate-coconut",
    "brand": "Atkins",
    "name": "Endulge Chocolate Coconut 5 Bars",
    "imageUrl": "https://shop.coles.com.au/wcsstore/Coles-CAS/images/9/9/0/9906903-th.jpg",
    "categories": ["pantry"],
    "tags": ["health-fods", "sports-nutrition-diet"],
    "locations": {
      "vic": {
        "price": 13.5,
        "promoText": " ",
        "packageSize": "200g",
        "packagePrice": "$6.75 per 100G"
      }
    }
  },
  {
    "id": "atkins-advantage-bar-fudge-caramel",
    "brand": "Atkins",
    "name": "Fudge Caramel",
    "imageUrl": "https://shop.coles.com.au/wcsstore/Coles-CAS/images/2/8/7/2873840-th.jpg",
    "categories": ["pantry"],
    "tags": ["health-fods", "sports-nutrition-diet"],
    "locations": {
      "vic": {
        "price": 4.5,
        "promoText": " ",
        "packageSize": "60g",
        "packagePrice": "$7.50 per 100G"
      }
    }
  },
  {
    "id": "atkins-endulge-choc-mint",
    "brand": "Atkins",
    "name": "Endulge Chocolate Mint Crisp 5 Bars",
    "imageUrl": "https://shop.coles.com.au/wcsstore/Coles-CAS/images/3/4/9/3498917-th.jpg",
    "categories": ["pantry"],
    "tags": ["health-fods", "sports-nutrition-diet"],
    "locations": {
      "vic": {
        "price": 13.5,
        "promoText": " ",
        "packageSize": "150g",
        "packagePrice": "$9.00 per 100G"
      }
    }
  },
  {
    "id": "atkins-endulge-cherry-coconut-5-pack",
    "brand": "Atkins",
    "name": "Endulge Cherry Coconut 5 Pack",
    "imageUrl": "https://shop.coles.com.au/wcsstore/Coles-CAS/images/3/7/5/3757899-th.jpg",
    "categories": ["pantry"],
    "tags": ["health-fods", "sports-nutrition-diet"],
    "locations": {
      "vic": {
        "price": 13.5,
        "promoText": " ",
        "packageSize": "170g",
        "packagePrice": "$7.94 per 100G"
      }
    }
  },
  {
    "id": "aussie-bodies-protein-fx-honey-almond-crunch-bars",
    "brand": "Aussie Bodies",
    "name": "FX Lo Carb Honey Almond Crunch Protein Bar",
    "imageUrl": "https://shop.coles.com.au/wcsstore/Coles-CAS/images/2/0/1/2015235-th.jpg",
    "categories": ["pantry"],
    "tags": ["health-fods", "sports-nutrition-diet"],
    "locations": {
      "vic": {
        "price": 2.8,
        "promoText": " ",
        "packageSize": "40g",
        "packagePrice": "$7.00 per 100G"
      }
    }
  },
  {
    "id": "aussie-bodies-protein-fx-lo-carb-crunch-rocky-road-bar",
    "brand": "Aussie Bodies",
    "name": "FX Lo Carb Rocky Road Crunch Protein Bar",
    "imageUrl": "https://shop.coles.com.au/wcsstore/Coles-CAS/images/2/4/8/2481566-th.jpg",
    "categories": ["pantry"],
    "tags": ["health-fods", "sports-nutrition-diet"],
    "locations": {
      "vic": {
        "price": 2.8,
        "promoText": " ",
        "packageSize": "40g",
        "packagePrice": "$7.00 per 100G"
      }
    }
  },
  {
    "id": "aussie-bodies-lc-whipd-english-toffee",
    "brand": "Aussie Bodies",
    "name": "Lo Carb Whip'd Protein Bar English Toffee Flavour",
    "imageUrl": "https://shop.coles.com.au/wcsstore/Coles-CAS/images/3/1/3/3139991-th.jpg",
    "categories": ["pantry"],
    "tags": ["health-fods", "sports-nutrition-diet"],
    "locations": {
      "vic": {
        "price": 2.6,
        "promoText": " ",
        "packageSize": "30g",
        "packagePrice": "$8.67 per 100G"
      }
    }
  },
  {
    "id": "aussie-bodies-collagen-bar-salted-caramel",
    "brand": "Aussie Bodies",
    "name": "Collagen+ Salted Cramel Flavour Protein Bar",
    "imageUrl": "https://shop.coles.com.au/wcsstore/Coles-CAS/images/3/5/0/3500495-th.jpg",
    "categories": ["pantry"],
    "tags": ["health-fods", "sports-nutrition-diet"],
    "locations": {
      "vic": {
        "price": 4,
        "promoText": " ",
        "packageSize": "60g",
        "packagePrice": "$0.67 per 10G"
      }
    }
  },
  {
    "id": "aussie-bodies-nourish-protein-peanut-butter",
    "brand": "Aussie Bodies",
    "name": "Nourish Protein Peanut Butter",
    "imageUrl": "https://shop.coles.com.au/wcsstore/Coles-CAS/images/3/7/9/3796110-th.jpg",
    "categories": ["pantry"],
    "tags": ["health-fods", "sports-nutrition-diet"],
    "locations": {
      "vic": {
        "price": 3.75,
        "promoText": " ",
        "packageSize": "36g",
        "packagePrice": "$10.42 per 100G"
      }
    }
  },
  {
    "id": "aussie-bodies-shine-collagen-protein-powder",
    "brand": "Aussie Bodies",
    "name": "Shine Collagen Apple Mango Protein Powder",
    "imageUrl": "https://shop.coles.com.au/wcsstore/Coles-CAS/images/3/7/9/3796201-th.jpg",
    "categories": ["pantry"],
    "tags": ["health-fods", "sports-nutrition-diet"],
    "locations": {
      "vic": {
        "price": 28,
        "promoText": " ",
        "packageSize": "455g",
        "packagePrice": "$6.15 per 100G"
      }
    }
  },
  {
    "id": "aussie-bodies-shape-keto-wafer-cokies-cream",
    "brand": "Aussie Bodies",
    "name": "Shape Keto Wafer Cookies & Cream",
    "imageUrl": "https://shop.coles.com.au/wcsstore/Coles-CAS/images/3/7/9/3796121-th.jpg",
    "categories": ["pantry"],
    "tags": ["health-fods", "sports-nutrition-diet"],
    "locations": {
      "vic": {
        "price": 3.75,
        "promoText": " ",
        "packageSize": "35g",
        "packagePrice": "$10.71 per 100G"
      }
    }
  },
  {
    "id": "aussie-bodies-nourish-protein-coconut-almond",
    "brand": "Aussie Bodies",
    "name": "Nourish Protein Coconut Almond",
    "imageUrl": "https://shop.coles.com.au/wcsstore/Coles-CAS/images/3/7/9/3796100-th.jpg",
    "categories": ["pantry"],
    "tags": ["health-fods", "sports-nutrition-diet"],
    "locations": {
      "vic": {
        "price": 3.75,
        "promoText": " ",
        "packageSize": "36g",
        "packagePrice": "$10.42 per 100G"
      }
    }
  },
  {
    "id": "aussie-bodies-shape-lo-carb-choc-whip-d",
    "brand": "Aussie Bodies",
    "name": "Shape Lo Carb Choc Whipped",
    "imageUrl": "https://shop.coles.com.au/wcsstore/Coles-CAS/images/3/7/9/3796085-th.jpg",
    "categories": ["pantry"],
    "tags": ["health-fods", "sports-nutrition-diet"],
    "locations": {
      "vic": {
        "price": 3.75,
        "promoText": " ",
        "packageSize": "50g",
        "packagePrice": "$7.50 per 100G"
      }
    }
  },
  {
    "id": "bsc-hydroxyburn-powder-shaker-chocolate",
    "brand": "BSC",
    "name": "Whey Protein Shaker",
    "imageUrl": "https://shop.coles.com.au/wcsstore/Coles-CAS/images/8/6/5/8653879-th.jpg",
    "categories": ["pantry"],
    "tags": ["health-fods", "sports-nutrition-diet"],
    "locations": {
      "vic": {
        "price": 5.5,
        "promoText": "$1.50 ",
        "packageSize": "",
        "packagePrice": "$5.50 per 1Ea"
      }
    }
  },
  {
    "id": "bsc-powder-nitro-bulk-mass-gain-formulachocolate",
    "brand": "BSC",
    "name": "Nitrobulk Build Muscle Protein Chocolate Fudge Powder",
    "imageUrl": "https://shop.coles.com.au/wcsstore/Coles-CAS/images/9/9/1/9919461-th.jpg",
    "categories": ["pantry"],
    "tags": ["health-fods", "sports-nutrition-diet"],
    "locations": {
      "vic": {
        "price": 25,
        "promoText": " ",
        "packageSize": "500g",
        "packagePrice": "$5.00 per 100G"
      }
    }
  },
  {
    "id": "nitrovol-primal-protein-primal-peanut-butter-fudge-protein-bar",
    "brand": "BSC",
    "name": "High Protein Peanut Butter Fudge Muscle Bar",
    "imageUrl": "https://shop.coles.com.au/wcsstore/Coles-CAS/images/2/0/2/2021191-th.jpg",
    "categories": ["pantry"],
    "tags": ["health-fods", "sports-nutrition-diet"],
    "locations": {
      "vic": {
        "price": 5,
        "promoText": " ",
        "packageSize": "80g",
        "packagePrice": "$6.25 per 100G"
      }
    }
  },
  {
    "id": "bsc-rtd-complete-protien-double-shot-espresso-shake",
    "brand": "BSC",
    "name": "Muscle Protein Shake Double Shot Espresso",
    "imageUrl": "https://shop.coles.com.au/wcsstore/Coles-CAS/images/2/9/7/2976070-th.jpg",
    "categories": ["pantry"],
    "tags": ["health-fods", "sports-nutrition-diet"],
    "locations": {
      "vic": {
        "price": 4.5,
        "promoText": " ",
        "packageSize": "450mL",
        "packagePrice": "$1.00 per 100mL"
      }
    }
  },
  {
    "id": "bsc-high-protein-bar-dough-cookie",
    "brand": "BSC",
    "name": "High Protein Cookie Dough Bar",
    "imageUrl": "https://shop.coles.com.au/wcsstore/Coles-CAS/images/2/8/9/2898818-th.jpg",
    "categories": ["pantry"],
    "tags": ["health-fods", "sports-nutrition-diet"],
    "locations": {
      "vic": {
        "price": 4,
        "promoText": " ",
        "packageSize": "60g",
        "packagePrice": "$6.67 per 100G"
      }
    }
  },
  {
    "id": "bsc-high-protein-bar-choc-mint",
    "brand": "BSC",
    "name": "High Protein Choc Mint Bar",
    "imageUrl": "https://shop.coles.com.au/wcsstore/Coles-CAS/images/2/8/9/2898807-th.jpg",
    "categories": ["pantry"],
    "tags": ["health-fods", "sports-nutrition-diet"],
    "locations": {
      "vic": {
        "price": 4,
        "promoText": " ",
        "packageSize": "60g",
        "packagePrice": "$6.67 per 100G"
      }
    }
  },
  {
    "id": "bsc-body-science-high-protein-bar-rocky-rd",
    "brand": "BSC",
    "name": "Rocky Road High Protein Low Carb Bar",
    "imageUrl": "https://shop.coles.com.au/wcsstore/Coles-CAS/images/3/1/2/3125319-th.jpg",
    "categories": ["pantry"],
    "tags": ["health-fods", "sports-nutrition-diet"],
    "locations": {
      "vic": {
        "price": 4,
        "promoText": " ",
        "packageSize": "60g",
        "packagePrice": "$6.67 per 100G"
      }
    }
  },
  {
    "id": "bsc-body-science-hi-protein-bar-salted-carml",
    "brand": "BSC",
    "name": "High Protein Salted Caramel Bar",
    "imageUrl": "https://shop.coles.com.au/wcsstore/Coles-CAS/images/3/1/2/3125840-th.jpg",
    "categories": ["pantry"],
    "tags": ["health-fods", "sports-nutrition-diet"],
    "locations": {
      "vic": {
        "price": 4,
        "promoText": " ",
        "packageSize": "60g",
        "packagePrice": "$6.67 per 100G"
      }
    }
  },
  {
    "id": "bsc-whey-protein-vanilla",
    "brand": "BSC",
    "name": "Vanilla Flavour Whey Protein",
    "imageUrl": "https://shop.coles.com.au/wcsstore/Coles-CAS/images/3/4/9/3498065-th.jpg",
    "categories": ["pantry"],
    "tags": ["health-fods", "sports-nutrition-diet"],
    "locations": {
      "vic": {
        "price": 23,
        "promoText": " ",
        "packageSize": "400g",
        "packagePrice": "$5.75 per 100G"
      }
    }
  },
  {
    "id": "bsc-clean-plant-protein-bar-choc-lamington",
    "brand": "BSC",
    "name": "Gluten Free Choc Lamington Clean Bar",
    "imageUrl": "https://shop.coles.com.au/wcsstore/Coles-CAS/images/3/4/9/3498021-th.jpg",
    "categories": ["pantry"],
    "tags": ["health-fods", "sports-nutrition-diet"],
    "locations": {
      "vic": {
        "price": 4,
        "promoText": " ",
        "packageSize": "50g",
        "packagePrice": "$0.80 per 10G"
      }
    }
  },
  {
    "id": "bounce-salted-caramel-keto-bar",
    "brand": "Bounce",
    "name": "Salted Caramel Keto Bar",
    "imageUrl": "https://shop.coles.com.au/wcsstore/Coles-CAS/images/3/7/9/3796290-th.jpg",
    "categories": ["pantry"],
    "tags": ["health-fods", "sports-nutrition-diet"],
    "locations": {
      "vic": {
        "price": 2,
        "promoText": "$1.00 ",
        "packageSize": "35 GRAM",
        "packagePrice": ""
      }
    }
  },
  {
    "id": "celebrity-slim-5-day-variety-pack",
    "brand": "Celebrity Slim",
    "name": "5 Day Variety Pack",
    "imageUrl": "https://shop.coles.com.au/wcsstore/Coles-CAS/images/9/9/0/9909264-th.jpg",
    "categories": ["pantry"],
    "tags": ["health-fods", "sports-nutrition-diet"],
    "locations": {
      "vic": {
        "price": 21,
        "promoText": "$9.00 ",
        "packageSize": "550g",
        "packagePrice": "$3.82 per 100G"
      }
    }
  },
  {
    "id": "celebrity-slim-powder-rapid-vanilla",
    "brand": "Celebrity Slim",
    "name": "Rapid Vanilla Powder",
    "imageUrl": "https://shop.coles.com.au/wcsstore/Coles-CAS/images/9/9/0/9908818-th.jpg",
    "categories": ["pantry"],
    "tags": ["health-fods", "sports-nutrition-diet"],
    "locations": {
      "vic": {
        "price": 24.8,
        "promoText": "$10.70 ",
        "packageSize": "840g",
        "packagePrice": "$2.95 per 100G"
      }
    }
  },
  {
    "id": "celebrity-slim-shaker-500ml",
    "brand": "Celebrity Slim",
    "name": "Shaker",
    "imageUrl": "https://shop.coles.com.au/wcsstore/Coles-CAS/images/9/9/0/9909322-th.jpg",
    "categories": ["pantry"],
    "tags": ["health-fods", "sports-nutrition-diet"],
    "locations": {
      "vic": {
        "price": 3.5,
        "promoText": " ",
        "packageSize": "",
        "packagePrice": "$3.50 per 1Ea"
      }
    }
  },
  {
    "id": "celebrity-slim-rapid-powder-chocolate",
    "brand": "Celebrity Slim",
    "name": "Rapid Chocolate Powder",
    "imageUrl": "https://shop.coles.com.au/wcsstore/Coles-CAS/images/9/9/0/9908807-th.jpg",
    "categories": ["pantry"],
    "tags": ["health-fods", "sports-nutrition-diet"],
    "locations": {
      "vic": {
        "price": 24.8,
        "promoText": "$10.65 ",
        "packageSize": "840g",
        "packagePrice": "$2.95 per 100G"
      }
    }
  },
  {
    "id": "clif-coconut-chocolate-chip",
    "brand": "Clif",
    "name": "Coconut Chocolate Chip",
    "imageUrl": "https://shop.coles.com.au/wcsstore/Coles-CAS/images/3/0/1/3015398-th.jpg",
    "categories": ["pantry"],
    "tags": ["health-fods", "sports-nutrition-diet"],
    "locations": {
      "vic": {
        "price": 3,
        "promoText": " ",
        "packageSize": "68g",
        "packagePrice": "$4.41 per 100G"
      }
    }
  },
  {
    "id": "clif-strawberry-bloks-energy-chews",
    "brand": "Clif",
    "name": "Strawberry Bloks Energy Chews",
    "imageUrl": "https://shop.coles.com.au/wcsstore/Coles-CAS/images/3/0/3/3035169-th.jpg",
    "categories": ["pantry"],
    "tags": ["health-fods", "sports-nutrition-diet"],
    "locations": {
      "vic": {
        "price": 6,
        "promoText": " ",
        "packageSize": "60g",
        "packagePrice": "$10.00 per 100G"
      }
    }
  },
  {
    "id": "clif-chocchip-bar",
    "brand": "Clif Bar",
    "name": "Chocolate Chip Bar",
    "imageUrl": "https://shop.coles.com.au/wcsstore/Coles-CAS/images/2/5/0/2507910-th.jpg",
    "categories": ["pantry"],
    "tags": ["health-fods", "sports-nutrition-diet"],
    "locations": {
      "vic": {
        "price": 3,
        "promoText": " ",
        "packageSize": "68g",
        "packagePrice": "$4.41 per 100G"
      }
    }
  },
  {
    "id": "clif-white-chocolate-macadamia-bar",
    "brand": "Clif Bar",
    "name": "White Chocolate Macadamia Bar",
    "imageUrl": "https://shop.coles.com.au/wcsstore/Coles-CAS/images/2/5/0/2507932-th.jpg",
    "categories": ["pantry"],
    "tags": ["health-fods", "sports-nutrition-diet"],
    "locations": {
      "vic": {
        "price": 3,
        "promoText": " ",
        "packageSize": "68g",
        "packagePrice": "$4.41 per 100G"
      }
    }
  },
  {
    "id": "coles-unflavoured-whey-protein",
    "brand": "Coles",
    "name": "Unflavoured Whey Protein Concentrate",
    "imageUrl": "https://shop.coles.com.au/wcsstore/Coles-CAS/images/2/4/8/2483390-th.jpg",
    "categories": ["pantry"],
    "tags": ["health-fods", "sports-nutrition-diet"],
    "locations": {
      "vic": {
        "price": 18,
        "promoText": " ",
        "packageSize": "500g",
        "packagePrice": "$3.60 per 100G"
      }
    }
  },
  {
    "id": "coles-unflavoured-pea-protein",
    "brand": "Coles",
    "name": "Unflavoured Pea Protein",
    "imageUrl": "https://shop.coles.com.au/wcsstore/ColesResponsiveStorefrontAssetStore/dist/ccfc54aed6e361b650bcf0582f7b576b/img/img_product-placeholder.png",
    "categories": ["pantry"],
    "tags": ["health-fods", "sports-nutrition-diet"],
    "locations": {
      "vic": {
        "price": 10,
        "promoText": " ",
        "packageSize": "500g",
        "packagePrice": "$2.00 per 100G"
      }
    }
  },
  {
    "id": "crankt-banana-protein-shake",
    "brand": "Crankt",
    "name": "Banana Protein Shake",
    "imageUrl": "https://shop.coles.com.au/wcsstore/Coles-CAS/images/2/4/9/2493000-th.jpg",
    "categories": ["pantry"],
    "tags": ["health-fods", "sports-nutrition-diet"],
    "locations": {
      "vic": {
        "price": 3.95,
        "promoText": " ",
        "packageSize": "375mL",
        "packagePrice": "$10.53 per 1L"
      }
    }
  },
  {
    "id": "crankt-choc-peanut-butter-protein-bar",
    "brand": "Crankt",
    "name": "Gluten Free Choc Peanut Flavour Protein + Energy Bar",
    "imageUrl": "https://shop.coles.com.au/wcsstore/Coles-CAS/images/3/4/9/3499589-th.jpg",
    "categories": ["pantry"],
    "tags": ["health-fods", "sports-nutrition-diet"],
    "locations": {
      "vic": {
        "price": 3.75,
        "promoText": " ",
        "packageSize": "55g",
        "packagePrice": "$0.68 per 10G"
      }
    }
  },
  {
    "id": "dose-co-collagen-protein-powder-chocolate-fudge",
    "brand": "Dose & Co.",
    "name": "Collagen Protein Powder Chocolate Fudge",
    "imageUrl": "https://shop.coles.com.au/wcsstore/Coles-CAS/images/3/7/9/3792641-th.jpg",
    "categories": ["pantry"],
    "tags": ["health-fods", "sports-nutrition-diet"],
    "locations": {
      "vic": {
        "price": 40,
        "promoText": " ",
        "packageSize": "420g",
        "packagePrice": "$9.52 per 100G"
      }
    }
  },
  {
    "id": "freedom-foods-vitalife-womens-vanilla",
    "brand": "Freedom Foods",
    "name": "Vitalife Womens 40+ Smooth Vanilla Flavour",
    "imageUrl": "https://shop.coles.com.au/wcsstore/Coles-CAS/images/3/1/2/3125126-th.jpg",
    "categories": ["pantry"],
    "tags": ["health-fods", "sports-nutrition-diet"],
    "locations": {
      "vic": {
        "price": 30,
        "promoText": " ",
        "packageSize": "420g",
        "packagePrice": "$7.14 per 100G"
      }
    }
  },
  {
    "id": "hydralyte-sports-tablets-effervescent-berry-20pk",
    "brand": "Hydralyte",
    "name": "Sports Berry Flavoured Effervescent Electrolyte 20 Tablets",
    "imageUrl": "https://shop.coles.com.au/wcsstore/Coles-CAS/images/3/4/7/3478217-th.jpg",
    "categories": ["pantry"],
    "tags": ["health-fods", "sports-nutrition-diet"],
    "locations": {
      "vic": {
        "price": 13,
        "promoText": " ",
        "packageSize": "1 pack",
        "packagePrice": "$13.00 per 1Ea"
      }
    }
  },
  {
    "id": "ironman-energy-bar-salted-caramel",
    "brand": "Ironman",
    "name": "Salted Caramel Energy Bar",
    "imageUrl": "https://shop.coles.com.au/wcsstore/Coles-CAS/images/3/5/0/3500768-th.jpg",
    "categories": ["pantry"],
    "tags": ["health-fods", "sports-nutrition-diet"],
    "locations": {
      "vic": {
        "price": 0,
        "promoText": " ",
        "packageSize": "60g",
        "packagePrice": ""
      }
    }
  },
  {
    "id": "keep-it-cleaner-bliss-balls-acai-berry",
    "brand": "Keep It Cleaner",
    "name": "Bliss Balls Acai Berry",
    "imageUrl": "https://shop.coles.com.au/wcsstore/Coles-CAS/images/3/1/3/3134568-th.jpg",
    "categories": ["pantry"],
    "tags": ["health-fods", "sports-nutrition-diet"],
    "locations": {
      "vic": {
        "price": 1.75,
        "promoText": "$0.75 ",
        "packageSize": "40g",
        "packagePrice": "$4.38 per 100G"
      }
    }
  },
  {
    "id": "keep-it-cleaner-protein-bar-crunchy-peanut-butter",
    "brand": "Keep It Cleaner",
    "name": "Crunchy Peanut Butter Protein Bar",
    "imageUrl": "https://shop.coles.com.au/wcsstore/Coles-CAS/images/3/5/0/3502093-th.jpg",
    "categories": ["pantry"],
    "tags": ["health-fods", "sports-nutrition-diet"],
    "locations": {
      "vic": {
        "price": 3,
        "promoText": " ",
        "packageSize": "40g",
        "packagePrice": "$7.50 per 100G"
      }
    }
  },
  {
    "id": "musashi-high-protein-iced-choc-pet-rtd",
    "brand": "Musashi",
    "name": "High Protein Iced Chocolate Protein Shake",
    "imageUrl": "https://shop.coles.com.au/wcsstore/Coles-CAS/images/3/1/4/3148686-th.jpg",
    "categories": ["pantry"],
    "tags": ["health-fods", "sports-nutrition-diet"],
    "locations": {
      "vic": {
        "price": 2.8,
        "promoText": "$1.20 ",
        "packageSize": "375mL",
        "packagePrice": "$0.75 per 100mL"
      }
    }
  },
  {
    "id": "musashi-high-protein-vanilla",
    "brand": "Musashi",
    "name": "Vanilla Milkshake Flavour High Protein Powder",
    "imageUrl": "https://shop.coles.com.au/wcsstore/Coles-CAS/images/3/5/0/3500338-th.jpg",
    "categories": ["pantry"],
    "tags": ["health-fods", "sports-nutrition-diet"],
    "locations": {
      "vic": {
        "price": 25,
        "promoText": " ",
        "packageSize": "375g",
        "packagePrice": "$6.67 per 100G"
      }
    }
  },
  {
    "id": "musashi-high-protein-chocolate",
    "brand": "Musashi",
    "name": "Chocolate Milkshake Flavour High Protein",
    "imageUrl": "https://shop.coles.com.au/wcsstore/Coles-CAS/images/3/5/0/3500316-th.jpg",
    "categories": ["pantry"],
    "tags": ["health-fods", "sports-nutrition-diet"],
    "locations": {
      "vic": {
        "price": 25,
        "promoText": " ",
        "packageSize": "375g",
        "packagePrice": "$6.67 per 100G"
      }
    }
  },
  {
    "id": "musashi-pre-workout-grape",
    "brand": "Musashi",
    "name": "Purple Grape Flavour Pre Workout Powder",
    "imageUrl": "https://shop.coles.com.au/wcsstore/Coles-CAS/images/3/4/7/3476517-th.jpg",
    "categories": ["pantry"],
    "tags": ["health-fods", "sports-nutrition-diet"],
    "locations": {
      "vic": {
        "price": 40,
        "promoText": " ",
        "packageSize": "225g",
        "packagePrice": "$17.78 per 100G"
      }
    }
  },
  {
    "id": "natures-way-pro-figure-powder-vanilla",
    "brand": "Nature's Way",
    "name": "Protein Figure Vanilla Powder",
    "imageUrl": "https://shop.coles.com.au/wcsstore/Coles-CAS/images/7/5/8/7588159-th.jpg",
    "categories": ["pantry"],
    "tags": ["health-fods", "sports-nutrition-diet"],
    "locations": {
      "vic": {
        "price": 26,
        "promoText": " ",
        "packageSize": "400g",
        "packagePrice": "$6.50 per 100G"
      }
    }
  },
  {
    "id": "natures-way-slim-right-weight-loss-powder-vanilla",
    "brand": "Nature's Way",
    "name": "Slim Right Vanilla Weight Loss Powder",
    "imageUrl": "https://shop.coles.com.au/wcsstore/Coles-CAS/images/4/1/7/4173135-th.jpg",
    "categories": ["pantry"],
    "tags": ["health-fods", "sports-nutrition-diet"],
    "locations": {
      "vic": {
        "price": 14.5,
        "promoText": " ",
        "packageSize": "375g",
        "packagePrice": "$3.87 per 100G"
      }
    }
  },
  {
    "id": "natures-way-metabolift-fat-burn-tablets",
    "brand": "Nature's Way",
    "name": "Metabolift Fat Burn Tablets",
    "imageUrl": "https://shop.coles.com.au/wcsstore/Coles-CAS/images/9/6/7/9676097-th.jpg",
    "categories": ["pantry"],
    "tags": ["health-fods", "sports-nutrition-diet"],
    "locations": {
      "vic": {
        "price": 42,
        "promoText": " ",
        "packageSize": "90 pack",
        "packagePrice": "$46.67 per 100Ea"
      }
    }
  },
  {
    "id": "naturopathica-fat-blaster-max-tablets",
    "brand": "Naturopathica",
    "name": "Fat Blaster Max Tablets",
    "imageUrl": "https://shop.coles.com.au/wcsstore/Coles-CAS/images/4/3/4/4341819-th.jpg",
    "categories": ["pantry"],
    "tags": ["health-fods", "sports-nutrition-diet"],
    "locations": {
      "vic": {
        "price": 40,
        "promoText": " ",
        "packageSize": "60 pack",
        "packagePrice": "$66.67 per 100Ea"
      }
    }
  },
  {
    "id": "naturopathica-fat-blaster-garciniamax-supplement",
    "brand": "Naturopathica",
    "name": "Fat Blaster Garcinia Max Supplement",
    "imageUrl": "https://shop.coles.com.au/wcsstore/Coles-CAS/images/2/0/1/2015723-th.jpg",
    "categories": ["pantry"],
    "tags": ["health-fods", "sports-nutrition-diet"],
    "locations": {
      "vic": {
        "price": 30,
        "promoText": " ",
        "packageSize": "60 pack",
        "packagePrice": "$0.50 per 1Ea"
      }
    }
  },
  {
    "id": "naturopathica-fat-blaster-less-sugar-choc-shake",
    "brand": "Naturopathica",
    "name": "Fat Blaster Less Sugar Chocolate Shake",
    "imageUrl": "https://shop.coles.com.au/wcsstore/Coles-CAS/images/3/1/3/3139186-th.jpg",
    "categories": ["pantry"],
    "tags": ["health-fods", "sports-nutrition-diet"],
    "locations": {
      "vic": {
        "price": 20,
        "promoText": " ",
        "packageSize": "430g",
        "packagePrice": "$4.65 per 100G"
      }
    }
  },
  {
    "id": "naturopathica--fat-blaster-30-less-sugar-raspberry-ripple-shake",
    "brand": "Naturopathica",
    "name": "Fat Blaster 30% Less Sugar Raspberry Ripple Shake",
    "imageUrl": "https://shop.coles.com.au/wcsstore/Coles-CAS/images/3/1/3/3139222-th.jpg",
    "categories": ["pantry"],
    "tags": ["health-fods", "sports-nutrition-diet"],
    "locations": {
      "vic": {
        "price": 20,
        "promoText": " ",
        "packageSize": "430g",
        "packagePrice": "$4.65 per 100G"
      }
    }
  },
  {
    "id": "naturopathica-fat-blaster-30-less-sugar-mocha-shake",
    "brand": "Naturopathica",
    "name": "Fat Blaster 30% Less Sugar Mocha Shake",
    "imageUrl": "https://shop.coles.com.au/wcsstore/Coles-CAS/images/3/1/3/3139211-th.jpg",
    "categories": ["pantry"],
    "tags": ["health-fods", "sports-nutrition-diet"],
    "locations": {
      "vic": {
        "price": 20,
        "promoText": " ",
        "packageSize": "430g",
        "packagePrice": "$4.65 per 100G"
      }
    }
  },
  {
    "id": "naturopathica-fat-blaster-less-sugar-vanilla-shake",
    "brand": "Naturopathica",
    "name": "Fat Blaster Less Sugar Vanilla Shake",
    "imageUrl": "https://shop.coles.com.au/wcsstore/Coles-CAS/images/3/1/3/3139200-th.jpg",
    "categories": ["pantry"],
    "tags": ["health-fods", "sports-nutrition-diet"],
    "locations": {
      "vic": {
        "price": 20,
        "promoText": " ",
        "packageSize": "430g",
        "packagePrice": "$4.65 per 100G"
      }
    }
  },
  {
    "id": "naturopathica-fat-blaster-keto-fit-choc-shake",
    "brand": "Naturopathica",
    "name": "Fat Blaster Chocolate Flavour Keto Fit Protein Shake Mix",
    "imageUrl": "https://shop.coles.com.au/wcsstore/Coles-CAS/images/3/4/7/3478046-th.jpg",
    "categories": ["pantry"],
    "tags": ["health-fods", "sports-nutrition-diet"],
    "locations": {
      "vic": {
        "price": 30,
        "promoText": " ",
        "packageSize": "300g",
        "packagePrice": "$10.00 per 100G"
      }
    }
  },
  {
    "id": "on-protein-stix-caramel-crunch",
    "brand": "On",
    "name": "Protein Stix Caramel Crunch",
    "imageUrl": "https://shop.coles.com.au/wcsstore/Coles-CAS/images/3/0/2/3025008-th.jpg",
    "categories": ["pantry"],
    "tags": ["health-fods", "sports-nutrition-diet"],
    "locations": {
      "vic": {
        "price": 4,
        "promoText": " ",
        "packageSize": "70g",
        "packagePrice": "$5.71 per 100G"
      }
    }
  },
  {
    "id": "on-protein-stix-cherry-coconut-3024989p",
    "brand": "On",
    "name": "Protein Stix Cherry Coconut",
    "imageUrl": "https://shop.coles.com.au/wcsstore/Coles-CAS/images/3/0/2/3024989-th.jpg",
    "categories": ["pantry"],
    "tags": ["health-fods", "sports-nutrition-diet"],
    "locations": {
      "vic": {
        "price": 4,
        "promoText": " ",
        "packageSize": "70g",
        "packagePrice": "$5.71 per 100G"
      }
    }
  },
  {
    "id": "optimum-nutrition-protein-crunch-milk-choclate",
    "brand": "Optimum",
    "name": "Nutrition Protein Crunch Milk Chocolate Pouch",
    "imageUrl": "https://shop.coles.com.au/wcsstore/Coles-CAS/images/3/1/3/3130578-th.jpg",
    "categories": ["pantry"],
    "tags": ["health-fods", "sports-nutrition-diet"],
    "locations": {
      "vic": {
        "price": 4,
        "promoText": " ",
        "packageSize": "56g",
        "packagePrice": "$7.02 per 100G"
      }
    }
  },
  {
    "id": "optimum-nutrition-protein-crunch-peanut",
    "brand": "Optimum Nutrition",
    "name": "Peanut Butter Flavour Protein Crunch",
    "imageUrl": "https://shop.coles.com.au/wcsstore/Coles-CAS/images/3/1/3/3130589-th.jpg",
    "categories": ["pantry"],
    "tags": ["health-fods", "sports-nutrition-diet"],
    "locations": {
      "vic": {
        "price": 4,
        "promoText": " ",
        "packageSize": "56g",
        "packagePrice": "$7.14 per 100G"
      }
    }
  },
  {
    "id": "optimum-nutrition-protein-stix-cookies-cream",
    "brand": "Optimum Nutrition",
    "name": "Cookies & Cream Protein Stix",
    "imageUrl": "https://shop.coles.com.au/wcsstore/Coles-CAS/images/3/3/9/3394831-th.jpg",
    "categories": ["pantry"],
    "tags": ["health-fods", "sports-nutrition-diet"],
    "locations": {
      "vic": {
        "price": 4,
        "promoText": " ",
        "packageSize": "70g",
        "packagePrice": "$5.71 per 100G"
      }
    }
  },
  {
    "id": "optimum-nutrition-protein-crunch-vanilla-marshmal",
    "brand": "Optimum Nutrition",
    "name": "Protein Crunch Vanilla Marshmallow",
    "imageUrl": "https://shop.coles.com.au/wcsstore/Coles-CAS/images/3/4/7/3475730-th.jpg",
    "categories": ["pantry"],
    "tags": ["health-fods", "sports-nutrition-diet"],
    "locations": {
      "vic": {
        "price": 4,
        "promoText": " ",
        "packageSize": "57g",
        "packagePrice": "$7.02 per 100G"
      }
    }
  },
  {
    "id": "optimum-nutrition-protein-protein-choc-mint",
    "brand": "Optimum Nutrition",
    "name": "Protein Crunch Mint Chocolate",
    "imageUrl": "https://shop.coles.com.au/wcsstore/Coles-CAS/images/3/7/9/3792540-th.jpg",
    "categories": ["pantry"],
    "tags": ["health-fods", "sports-nutrition-diet"],
    "locations": {
      "vic": {
        "price": 4,
        "promoText": " ",
        "packageSize": "57g",
        "packagePrice": "$7.02 per 100G"
      }
    }
  },
  {
    "id": "quest-cookies-cream-protein-bar",
    "brand": "Quest",
    "name": "Cookies & Cream Protein Bar",
    "imageUrl": "https://shop.coles.com.au/wcsstore/Coles-CAS/images/2/4/7/2477671-th.jpg",
    "categories": ["pantry"],
    "tags": ["health-fods", "sports-nutrition-diet"],
    "locations": {
      "vic": {
        "price": 4,
        "promoText": " ",
        "packageSize": "60g",
        "packagePrice": "$6.67 per 100G"
      }
    }
  },
  {
    "id": "quest-chocolate-chip-cookie-dough-protein-bar",
    "brand": "Quest",
    "name": "Chocolate Chip Cookie Dough Protein Bar",
    "imageUrl": "https://shop.coles.com.au/wcsstore/Coles-CAS/images/2/4/7/2477650-th.jpg",
    "categories": ["pantry"],
    "tags": ["health-fods", "sports-nutrition-diet"],
    "locations": {
      "vic": {
        "price": 4,
        "promoText": " ",
        "packageSize": "60g",
        "packagePrice": "$6.67 per 100G"
      }
    }
  },
  {
    "id": "slim-secrets-choc-love-mint-crisps",
    "brand": "Slim Secrets",
    "name": "Choc Love Bites Mint Crisps",
    "imageUrl": "https://shop.coles.com.au/wcsstore/Coles-CAS/images/3/5/7/3574833-th.jpg",
    "categories": ["pantry"],
    "tags": ["health-fods", "sports-nutrition-diet"],
    "locations": {
      "vic": {
        "price": 3,
        "promoText": " ",
        "packageSize": "36g",
        "packagePrice": "$8.33 per 100G"
      }
    }
  },
  {
    "id": "systemax-bar-high-protein-low-carb-choc-caramel",
    "brand": "Systemax",
    "name": "High Protein Low Carb Chocolate Caramel Bar",
    "imageUrl": "https://shop.coles.com.au/wcsstore/Coles-CAS/images/1/4/8/1485958-th.jpg",
    "categories": ["pantry"],
    "tags": ["health-fods", "sports-nutrition-diet"],
    "locations": {
      "vic": {
        "price": 1.75,
        "promoText": "$0.45 ",
        "packageSize": "32g",
        "packagePrice": "$5.47 per 100G"
      }
    }
  },
  {
    "id": "the-lady-bar-chocolate-mint",
    "brand": "The Lady Bar",
    "name": "Chocolate Mint",
    "imageUrl": "https://shop.coles.com.au/wcsstore/Coles-CAS/images/3/1/3/3136188-th.jpg",
    "categories": ["pantry"],
    "tags": ["health-fods", "sports-nutrition-diet"],
    "locations": {
      "vic": {
        "price": 4.1,
        "promoText": " ",
        "packageSize": "50g",
        "packagePrice": "$8.20 per 100G"
      }
    }
  },
  {
    "id": "the-lady-shake-variety-10-pack",
    "brand": "The Lady Shake",
    "name": "Variety 10 Pack",
    "imageUrl": "https://shop.coles.com.au/wcsstore/Coles-CAS/images/3/1/3/3136064-th.jpg",
    "categories": ["pantry"],
    "tags": ["health-fods", "sports-nutrition-diet"],
    "locations": {
      "vic": {
        "price": 36,
        "promoText": " ",
        "packageSize": "560g",
        "packagePrice": "$6.43 per 100G"
      }
    }
  },
  {
    "id": "the-man-bar-chunky-choc",
    "brand": "The Man Bar",
    "name": "Chunky Chocolate",
    "imageUrl": "https://shop.coles.com.au/wcsstore/Coles-CAS/images/3/1/3/3136133-th.jpg",
    "categories": ["pantry"],
    "tags": ["health-fods", "sports-nutrition-diet"],
    "locations": {
      "vic": {
        "price": 4.1,
        "promoText": " ",
        "packageSize": "50g",
        "packagePrice": "$8.20 per 100G"
      }
    }
  },
  {
    "id": "vital-strength-creatine-booster-powder",
    "brand": "Vital Strength",
    "name": "Creatine Booster Powder",
    "imageUrl": "https://shop.coles.com.au/wcsstore/Coles-CAS/images/2/0/1/2010559-th.jpg",
    "categories": ["pantry"],
    "tags": ["health-fods", "sports-nutrition-diet"],
    "locations": {
      "vic": {
        "price": 21.95,
        "promoText": " ",
        "packageSize": "300g",
        "packagePrice": "$7.32 per 100G"
      }
    }
  },
  {
    "id": "continental-stock-powder-chicken",
    "brand": "Continental",
    "name": "Superb Chicken Stock Powder",
    "imageUrl": "https://shop.coles.com.au/wcsstore/Coles-CAS/images/5/0/8/5086105-th.jpg",
    "categories": ["pantry"],
    "tags": ["stocks-gravy", "dry-stock"],
    "locations": {
      "vic": {
        "price": 2.4,
        "promoText": "$0.45 ",
        "packageSize": "130g",
        "packagePrice": "$0.18 per 10G"
      }
    }
  },
  {
    "id": "continental-stock-powder-instant-beef-salt-reduced",
    "brand": "Continental",
    "name": "Superb Salt Reduced Beef Stock Powder",
    "imageUrl": "https://shop.coles.com.au/wcsstore/Coles-CAS/images/5/3/8/5382006-th.jpg",
    "categories": ["pantry"],
    "tags": ["stocks-gravy", "dry-stock"],
    "locations": {
      "vic": {
        "price": 2.4,
        "promoText": "$0.45 ",
        "packageSize": "120g",
        "packagePrice": "$0.20 per 10G"
      }
    }
  },
  {
    "id": "continental-instant-stock-powder-chicken-salt-reduced",
    "brand": "Continental",
    "name": "Superb Salt Reduced Chicken Stock Powder",
    "imageUrl": "https://shop.coles.com.au/wcsstore/Coles-CAS/images/5/3/8/5387247-th.jpg",
    "categories": ["pantry"],
    "tags": ["stocks-gravy", "dry-stock"],
    "locations": {
      "vic": {
        "price": 2.4,
        "promoText": " ",
        "packageSize": "120g",
        "packagePrice": "$0.20 per 10G"
      }
    }
  },
  {
    "id": "massel-ultra-stock-cubes-chicken-style",
    "brand": "Massel",
    "name": "Chicken Style Stock Cubes",
    "imageUrl": "https://shop.coles.com.au/wcsstore/Coles-CAS/images/9/3/7/93737-th.jpg",
    "categories": ["pantry"],
    "tags": ["stocks-gravy", "dry-stock"],
    "locations": {
      "vic": {
        "price": 2.4,
        "promoText": "$0.60 ",
        "packageSize": "105g",
        "packagePrice": "$0.23 per 10G"
      }
    }
  },
  {
    "id": "massel-ultracube-stock-cubes-chicken-salt-reduced",
    "brand": "Massel",
    "name": "Salt Reduced Chicken Stock Cubes",
    "imageUrl": "https://shop.coles.com.au/wcsstore/Coles-CAS/images/9/4/9/9490725-th.jpg",
    "categories": ["pantry"],
    "tags": ["stocks-gravy", "dry-stock"],
    "locations": {
      "vic": {
        "price": 2.4,
        "promoText": "$0.60 ",
        "packageSize": "105g",
        "packagePrice": "$0.23 per 10G"
      }
    }
  },
  {
    "id": "massel-stock-powder-chicken",
    "brand": "Massel",
    "name": "Chicken Stock Powder",
    "imageUrl": "https://shop.coles.com.au/wcsstore/Coles-CAS/images/4/2/9/4298593-th.jpg",
    "categories": ["pantry"],
    "tags": ["stocks-gravy", "dry-stock"],
    "locations": {
      "vic": {
        "price": 2.4,
        "promoText": "$0.60 ",
        "packageSize": "168g",
        "packagePrice": "$0.14 per 10G"
      }
    }
  },
  {
    "id": "massel-ultracube--stock-cubes-vegetable-salt-reduced",
    "brand": "Massel",
    "name": "Salt Reduced Vegetable Stock Cubes",
    "imageUrl": "https://shop.coles.com.au/wcsstore/Coles-CAS/images/9/4/9/9490554-th.jpg",
    "categories": ["pantry"],
    "tags": ["stocks-gravy", "dry-stock"],
    "locations": {
      "vic": {
        "price": 2.4,
        "promoText": "$0.60 ",
        "packageSize": "105g",
        "packagePrice": "$0.23 per 10G"
      }
    }
  },
  {
    "id": "massel-stock-powder-vegetable",
    "brand": "Massel",
    "name": "Vegetable Stock Powder",
    "imageUrl": "https://shop.coles.com.au/wcsstore/Coles-CAS/images/4/2/9/4298607-th.jpg",
    "categories": ["pantry"],
    "tags": ["stocks-gravy", "dry-stock"],
    "locations": {
      "vic": {
        "price": 2.4,
        "promoText": "$0.60 ",
        "packageSize": "168g",
        "packagePrice": "$0.14 per 10G"
      }
    }
  },
  {
    "id": "massel-ultra-stock-cubes-beef-style",
    "brand": "Massel",
    "name": "Beef Style Stock Cubes",
    "imageUrl": "https://shop.coles.com.au/wcsstore/Coles-CAS/images/9/3/7/93726-th.jpg",
    "categories": ["pantry"],
    "tags": ["stocks-gravy", "dry-stock"],
    "locations": {
      "vic": {
        "price": 2.4,
        "promoText": "$0.60 ",
        "packageSize": "105g",
        "packagePrice": "$0.23 per 10G"
      }
    }
  },
  {
    "id": "massel-salt-reduced-stock-powder-chicken-style",
    "brand": "Massel",
    "name": "Salt Reduced Chicken Style Stock Powder",
    "imageUrl": "https://shop.coles.com.au/wcsstore/Coles-CAS/images/9/0/2/9026499-th.jpg",
    "categories": ["pantry"],
    "tags": ["stocks-gravy", "dry-stock"],
    "locations": {
      "vic": {
        "price": 2.4,
        "promoText": "$0.60 ",
        "packageSize": "140g",
        "packagePrice": "$0.17 per 10G"
      }
    }
  },
  {
    "id": "massel-bullion-chicken-stock-cubes-7-pack",
    "brand": "Massel",
    "name": "7 Bouillon Cubes Chicken Style",
    "imageUrl": "https://shop.coles.com.au/wcsstore/Coles-CAS/images/1/8/1/1814153-th.jpg",
    "categories": ["pantry"],
    "tags": ["stocks-gravy", "dry-stock"],
    "locations": {
      "vic": {
        "price": 1,
        "promoText": " ",
        "packageSize": "35g",
        "packagePrice": "$0.29 per 10G"
      }
    }
  },
  {
    "id": "massel-ultra-stock-cubes-vegetable",
    "brand": "Massel",
    "name": "Vegetable Stock Cubes",
    "imageUrl": "https://shop.coles.com.au/wcsstore/Coles-CAS/images/9/8/5/98548-th.jpg",
    "categories": ["pantry"],
    "tags": ["stocks-gravy", "dry-stock"],
    "locations": {
      "vic": {
        "price": 2.4,
        "promoText": "$0.60 ",
        "packageSize": "105g",
        "packagePrice": "$0.23 per 10G"
      }
    }
  },
  {
    "id": "massel-bullion-beef-stock-cubes-7-pack",
    "brand": "Massel",
    "name": "7 Bouillon Cubes Beef Style",
    "imageUrl": "https://shop.coles.com.au/wcsstore/Coles-CAS/images/1/8/1/1814142-th.jpg",
    "categories": ["pantry"],
    "tags": ["stocks-gravy", "dry-stock"],
    "locations": {
      "vic": {
        "price": 1,
        "promoText": " ",
        "packageSize": "35g",
        "packagePrice": "$0.29 per 10G"
      }
    }
  },
  {
    "id": "massel-stock-powder-beef",
    "brand": "Massel",
    "name": "Beef Stock Powder",
    "imageUrl": "https://shop.coles.com.au/wcsstore/Coles-CAS/images/4/2/9/4298582-th.jpg",
    "categories": ["pantry"],
    "tags": ["stocks-gravy", "dry-stock"],
    "locations": {
      "vic": {
        "price": 2.4,
        "promoText": "$0.60 ",
        "packageSize": "168g",
        "packagePrice": "$0.14 per 10G"
      }
    }
  },
  {
    "id": "oxo-stock-cubes-beef",
    "brand": "Oxo",
    "name": "Beef Stock Cubes",
    "imageUrl": "https://shop.coles.com.au/wcsstore/Coles-CAS/images/1/5/7/157079-th.jpg",
    "categories": ["pantry"],
    "tags": ["stocks-gravy", "dry-stock"],
    "locations": {
      "vic": {
        "price": 2.5,
        "promoText": " ",
        "packageSize": "71g",
        "packagePrice": "$0.35 per 10G"
      }
    }
  },
  {
    "id": "podravka-vegeta-stock-powder-gourmet",
    "brand": "Vegeta",
    "name": "Gluten Free Real Gourmet Stock Powder Canned",
    "imageUrl": "https://shop.coles.com.au/wcsstore/Coles-CAS/images/1/3/4/134110-th.jpg",
    "categories": ["pantry"],
    "tags": ["stocks-gravy", "dry-stock"],
    "locations": {
      "vic": {
        "price": 3.7,
        "promoText": " ",
        "packageSize": "250g",
        "packagePrice": "$1.48 per 100G"
      }
    }
  },
  {
    "id": "podravka-vegeta-stock-gourmet-5728508p",
    "brand": "Vegeta",
    "name": "Real Gourmet Stock",
    "imageUrl": "https://shop.coles.com.au/wcsstore/Coles-CAS/images/5/7/2/5728508-th.jpg",
    "categories": ["pantry"],
    "tags": ["stocks-gravy", "dry-stock"],
    "locations": {
      "vic": {
        "price": 5.7,
        "promoText": "Was $6.40 on Jun 2019 ",
        "packageSize": "500g",
        "packagePrice": "$1.14 per 100G"
      }
    }
  },
  {
    "id": "coles-stock-cubes-21pk-vegetable",
    "brand": "Coles",
    "name": "Vegetable Stock Cubes 21 pack",
    "imageUrl": "https://shop.coles.com.au/wcsstore/Coles-CAS/images/3/4/5/3455696-th.jpg",
    "categories": ["pantry"],
    "tags": ["stocks-gravy", "dry-stock"],
    "locations": {
      "vic": {
        "price": 2,
        "promoText": " ",
        "packageSize": "105g",
        "packagePrice": "$1.90 per 100G"
      }
    }
  },
  {
    "id": "oxo-stock-cubes-chicken",
    "brand": "Oxo",
    "name": "Chicken Stock Cubes",
    "imageUrl": "https://shop.coles.com.au/wcsstore/Coles-CAS/images/2/4/6/246102-th.jpg",
    "categories": ["pantry"],
    "tags": ["stocks-gravy", "dry-stock"],
    "locations": {
      "vic": {
        "price": 2.5,
        "promoText": " ",
        "packageSize": "71g",
        "packagePrice": "$0.35 per 10G"
      }
    }
  },
  {
    "id": "podravka-vegeta-chicken-stock",
    "brand": "Vegeta",
    "name": "Gluten Free Real Chicken Stock Powder Canned",
    "imageUrl": "https://shop.coles.com.au/wcsstore/Coles-CAS/images/8/4/9/8496985-th.jpg",
    "categories": ["pantry"],
    "tags": ["stocks-gravy", "dry-stock"],
    "locations": {
      "vic": {
        "price": 3.7,
        "promoText": " ",
        "packageSize": "200g",
        "packagePrice": "$1.85 per 100G"
      }
    }
  },
  {
    "id": "podravka-vegeta-beef-stock",
    "brand": "Vegeta",
    "name": "Gluten Free Real Beef Stock Powder Canned",
    "imageUrl": "https://shop.coles.com.au/wcsstore/Coles-CAS/images/2/3/7/2379264-th.jpg",
    "categories": ["pantry"],
    "tags": ["stocks-gravy", "dry-stock"],
    "locations": {
      "vic": {
        "price": 3.7,
        "promoText": " ",
        "packageSize": "180g",
        "packagePrice": "$2.06 per 100G"
      }
    }
  },
  {
    "id": "coles-stock-cubes-21pk-chicken",
    "brand": "Coles",
    "name": "Chicken Stock Cubes 21 pack",
    "imageUrl": "https://shop.coles.com.au/wcsstore/Coles-CAS/images/3/4/5/3455685-th.jpg",
    "categories": ["pantry"],
    "tags": ["stocks-gravy", "dry-stock"],
    "locations": {
      "vic": {
        "price": 2,
        "promoText": " ",
        "packageSize": "105g",
        "packagePrice": "$0.19 per 10G"
      }
    }
  },
  {
    "id": "coles-stock-cubes-21pk-beef",
    "brand": "Coles",
    "name": "Beef Style Stock Cubes 21 pack",
    "imageUrl": "https://shop.coles.com.au/wcsstore/Coles-CAS/images/3/4/5/3455674-th.jpg",
    "categories": ["pantry"],
    "tags": ["stocks-gravy", "dry-stock"],
    "locations": {
      "vic": {
        "price": 2,
        "promoText": " ",
        "packageSize": "105g",
        "packagePrice": "$0.19 per 10G"
      }
    }
  },
  {
    "id": "continental-stock-pot-chicken",
    "brand": "Continental",
    "name": "Chicken Stock Pot",
    "imageUrl": "https://shop.coles.com.au/wcsstore/Coles-CAS/images/8/3/9/8392935-th.jpg",
    "categories": ["pantry"],
    "tags": ["stocks-gravy", "liquid-stock"],
    "locations": {
      "vic": {
        "price": 3.5,
        "promoText": " ",
        "packageSize": "112g",
        "packagePrice": "$3.13 per 100G"
      }
    }
  },
  {
    "id": "continental-stock-pot-beef",
    "brand": "Continental",
    "name": "Beef Stock Pot",
    "imageUrl": "https://shop.coles.com.au/wcsstore/Coles-CAS/images/8/3/9/8392913-th.jpg",
    "categories": ["pantry"],
    "tags": ["stocks-gravy", "liquid-stock"],
    "locations": {
      "vic": {
        "price": 3.5,
        "promoText": " ",
        "packageSize": "112g",
        "packagePrice": "$3.13 per 100G"
      }
    }
  },
  {
    "id": "coles-rr-9x7-beef-lean-mince-3449773p",
    "brand": "Coles",
    "name": "Lean Beef Mince",
    "imageUrl": "https://shop.coles.com.au/wcsstore/Coles-CAS/images/3/4/4/3449773-th.jpg",
    "categories": ["pantry"],
    "tags": ["stocks-gravy", "liquid-stock"],
    "locations": {
      "vic": {
        "price": 11,
        "promoText": " ",
        "packageSize": "800g",
        "packagePrice": "$1.38 per 100G"
      }
    }
  },
  {
    "id": "continental-stock-pot-vegetable",
    "brand": "Continental",
    "name": "Vegetable Stock Pot",
    "imageUrl": "https://shop.coles.com.au/wcsstore/Coles-CAS/images/8/3/9/8392946-th.jpg",
    "categories": ["pantry"],
    "tags": ["stocks-gravy", "liquid-stock"],
    "locations": {
      "vic": {
        "price": 3.5,
        "promoText": " ",
        "packageSize": "112g",
        "packagePrice": "$3.13 per 100G"
      }
    }
  },
  {
    "id": "campbells-real-stock-chicken",
    "brand": "Campbell's",
    "name": "Real Chicken Stock",
    "imageUrl": "https://shop.coles.com.au/wcsstore/Coles-CAS/images/8/1/5/8157935-th.jpg",
    "categories": ["pantry"],
    "tags": ["stocks-gravy", "liquid-stock"],
    "locations": {
      "vic": {
        "price": 2,
        "promoText": "$2.00 ",
        "packageSize": "1L",
        "packagePrice": "$0.20 per 100mL"
      }
    }
  },
  {
    "id": "campbells-stock-real-chicken-salt-reduced-8837306p",
    "brand": "Campbell's",
    "name": "Real Salt Reduced Chicken Stock",
    "imageUrl": "https://shop.coles.com.au/wcsstore/Coles-CAS/images/8/8/3/8837306-th.jpg",
    "categories": ["pantry"],
    "tags": ["stocks-gravy", "liquid-stock"],
    "locations": {
      "vic": {
        "price": 2,
        "promoText": "$2.00 ",
        "packageSize": "1L",
        "packagePrice": "$2.00 per 1L"
      }
    }
  },
  {
    "id": "campbells-real-stock-vegetable",
    "brand": "Campbell's",
    "name": "Real Vegetable Stock",
    "imageUrl": "https://shop.coles.com.au/wcsstore/Coles-CAS/images/8/0/5/8053838-th.jpg",
    "categories": ["pantry"],
    "tags": ["stocks-gravy", "liquid-stock"],
    "locations": {
      "vic": {
        "price": 2,
        "promoText": "$2.00 ",
        "packageSize": "1L",
        "packagePrice": "$0.20 per 100mL"
      }
    }
  },
  {
    "id": "campbells-real-stock-beef",
    "brand": "Campbell's",
    "name": "Real Beef Stock",
    "imageUrl": "https://shop.coles.com.au/wcsstore/Coles-CAS/images/8/0/5/8055800-th.jpg",
    "categories": ["pantry"],
    "tags": ["stocks-gravy", "liquid-stock"],
    "locations": {
      "vic": {
        "price": 2,
        "promoText": "$2.00 ",
        "packageSize": "1L",
        "packagePrice": "$0.20 per 100mL"
      }
    }
  },
  {
    "id": "campbells-stock-real-vegetable-salt-reduced",
    "brand": "Campbell's",
    "name": "Real Salt Reduced Vegetable Stock",
    "imageUrl": "https://shop.coles.com.au/wcsstore/Coles-CAS/images/9/2/0/9209229-th.jpg",
    "categories": ["pantry"],
    "tags": ["stocks-gravy", "liquid-stock"],
    "locations": {
      "vic": {
        "price": 2,
        "promoText": "$2.00 ",
        "packageSize": "1L",
        "packagePrice": "$0.20 per 100mL"
      }
    }
  },
  {
    "id": "campbells-stock-real-beef-salt-reduced",
    "brand": "Campbell's",
    "name": "Real Salt Reduced Beef  Stock",
    "imageUrl": "https://shop.coles.com.au/wcsstore/Coles-CAS/images/9/2/0/9209230-th.jpg",
    "categories": ["pantry"],
    "tags": ["stocks-gravy", "liquid-stock"],
    "locations": {
      "vic": {
        "price": 2,
        "promoText": "$2.00 ",
        "packageSize": "1L",
        "packagePrice": "$0.20 per 100mL"
      }
    }
  },
  {
    "id": "campbells-real-stock-vegetable-7198416p",
    "brand": "Campbell's",
    "name": "Real Vegetable Stock",
    "imageUrl": "https://shop.coles.com.au/wcsstore/Coles-CAS/images/7/1/9/7198416-th.jpg",
    "categories": ["pantry"],
    "tags": ["stocks-gravy", "liquid-stock"],
    "locations": {
      "vic": {
        "price": 2.3,
        "promoText": " ",
        "packageSize": "500mL",
        "packagePrice": "$0.46 per 100mL"
      }
    }
  },
  {
    "id": "campbells-stock-real-chicken-salt-reduced",
    "brand": "Campbell's",
    "name": "Real Salt Reduced  Chicken  Stock",
    "imageUrl": "https://shop.coles.com.au/wcsstore/Coles-CAS/images/8/8/5/8851078-th.jpg",
    "categories": ["pantry"],
    "tags": ["stocks-gravy", "liquid-stock"],
    "locations": {
      "vic": {
        "price": 2.3,
        "promoText": " ",
        "packageSize": "500mL",
        "packagePrice": "$0.46 per 100mL"
      }
    }
  },
  {
    "id": "massel-liquid-stock-chicken-gourmet-plus",
    "brand": "Massel",
    "name": "Chicken Style Stock",
    "imageUrl": "https://shop.coles.com.au/wcsstore/Coles-CAS/images/4/4/5/4455465-th.jpg",
    "categories": ["pantry"],
    "tags": ["stocks-gravy", "liquid-stock"],
    "locations": {
      "vic": {
        "price": 3,
        "promoText": "Was $3.80 on Dec 2017 ",
        "packageSize": "1L",
        "packagePrice": "$0.30 per 100mL"
      }
    }
  },
  {
    "id": "coles-stock-liquid-real-chicken",
    "brand": "Coles",
    "name": "Real Chicken Stock",
    "imageUrl": "https://shop.coles.com.au/wcsstore/Coles-CAS/images/7/1/5/7152073-th.jpg",
    "categories": ["pantry"],
    "tags": ["stocks-gravy", "liquid-stock"],
    "locations": {
      "vic": {
        "price": 1.9,
        "promoText": " ",
        "packageSize": "1L",
        "packagePrice": "$0.19 per 100mL"
      }
    }
  },
  {
    "id": "massel-salt-reduced-liquid-stock-chicken-style",
    "brand": "Massel",
    "name": "Salt Reduced Chicken Style Stock",
    "imageUrl": "https://shop.coles.com.au/wcsstore/Coles-CAS/images/5/0/0/5000303-th.jpg",
    "categories": ["pantry"],
    "tags": ["stocks-gravy", "liquid-stock"],
    "locations": {
      "vic": {
        "price": 3,
        "promoText": "Was $3.80 on Dec 2017 ",
        "packageSize": "1L",
        "packagePrice": "$0.30 per 100mL"
      }
    }
  },
  {
    "id": "campbells-real-stock-chicken-6149845p",
    "brand": "Campbell's",
    "name": "Real Chicken Stock",
    "imageUrl": "https://shop.coles.com.au/wcsstore/Coles-CAS/images/6/1/4/6149845-th.jpg",
    "categories": ["pantry"],
    "tags": ["stocks-gravy", "liquid-stock"],
    "locations": {
      "vic": {
        "price": 2.3,
        "promoText": " ",
        "packageSize": "500mL",
        "packagePrice": "$0.46 per 100mL"
      }
    }
  },
  {
    "id": "cambells-bone-broth-free-range-chicken",
    "brand": "Campbell's",
    "name": "Bone Broth From Free Range Chicken",
    "imageUrl": "https://shop.coles.com.au/wcsstore/Coles-CAS/images/3/2/2/3224751-th.jpg",
    "categories": ["pantry"],
    "tags": ["stocks-gravy", "liquid-stock"],
    "locations": {
      "vic": {
        "price": 7,
        "promoText": " ",
        "packageSize": "500mL",
        "packagePrice": "$1.40 per 100mL"
      }
    }
  },
  {
    "id": "massel--liquid-stock-vegetable-gourmet-plus",
    "brand": "Massel",
    "name": "Vegetable Stock",
    "imageUrl": "https://shop.coles.com.au/wcsstore/Coles-CAS/images/4/4/5/4455476-th.jpg",
    "categories": ["pantry"],
    "tags": ["stocks-gravy", "liquid-stock"],
    "locations": {
      "vic": {
        "price": 3,
        "promoText": "Was $3.80 on Dec 2017 ",
        "packageSize": "1L",
        "packagePrice": "$0.30 per 100mL"
      }
    }
  },
  {
    "id": "campbells-stock-real-chicken",
    "brand": "Campbell's",
    "name": "Real Chicken Stock",
    "imageUrl": "https://shop.coles.com.au/wcsstore/Coles-CAS/images/1/1/9/1190150-th.jpg",
    "categories": ["pantry"],
    "tags": ["stocks-gravy", "liquid-stock"],
    "locations": {
      "vic": {
        "price": 1.65,
        "promoText": " ",
        "packageSize": "250mL",
        "packagePrice": "$0.66 per 100mL"
      }
    }
  },
  {
    "id": "campbells-stock-real-beef-6149743p",
    "brand": "Campbell's",
    "name": "Real Beef Stock",
    "imageUrl": "https://shop.coles.com.au/wcsstore/Coles-CAS/images/6/1/4/6149743-th.jpg",
    "categories": ["pantry"],
    "tags": ["stocks-gravy", "liquid-stock"],
    "locations": {
      "vic": {
        "price": 2.3,
        "promoText": " ",
        "packageSize": "500mL",
        "packagePrice": "$0.46 per 100mL"
      }
    }
  },
  {
    "id": "coles-liquid-stock-chicken-pho",
    "brand": "Coles",
    "name": "Vietnamese Inspired Chicken Pho Liquid Stock",
    "imageUrl": "https://shop.coles.com.au/wcsstore/Coles-CAS/images/3/4/5/3455594-th.jpg",
    "categories": ["pantry"],
    "tags": ["stocks-gravy", "liquid-stock"],
    "locations": {
      "vic": {
        "price": 3,
        "promoText": " ",
        "packageSize": "1L",
        "packagePrice": "$0.30 per 100mL"
      }
    }
  },
  {
    "id": "bovril-vegetable-extract",
    "brand": "Bovril",
    "name": "Vegetable Extract",
    "imageUrl": "https://shop.coles.com.au/wcsstore/Coles-CAS/images/9/5/0/9506042-th.jpg",
    "categories": ["pantry"],
    "tags": ["stocks-gravy", "liquid-stock"],
    "locations": {
      "vic": {
        "price": 6,
        "promoText": " ",
        "packageSize": "125g",
        "packagePrice": "$4.80 per 100G"
      }
    }
  },
  {
    "id": "campbells-stock-real-beef",
    "brand": "Campbell's",
    "name": "Real Beef Stock",
    "imageUrl": "https://shop.coles.com.au/wcsstore/Coles-CAS/images/1/1/9/1190149-th.jpg",
    "categories": ["pantry"],
    "tags": ["stocks-gravy", "liquid-stock"],
    "locations": {
      "vic": {
        "price": 1.65,
        "promoText": " ",
        "packageSize": "250mL",
        "packagePrice": "$0.66 per 100mL"
      }
    }
  },
  {
    "id": "campbells-real-stock-thai",
    "brand": "Campbell's",
    "name": "Real Stock Thai Base Soup",
    "imageUrl": "https://shop.coles.com.au/wcsstore/Coles-CAS/images/3/4/3/3434255-th.jpg",
    "categories": ["pantry"],
    "tags": ["stocks-gravy", "liquid-stock"],
    "locations": {
      "vic": {
        "price": 2,
        "promoText": "$2.00 ",
        "packageSize": "1L",
        "packagePrice": "$2.00 per 1L"
      }
    }
  },
  {
    "id": "campbells-bone-broth-grass-fed-beef",
    "brand": "Campbell's",
    "name": "Bone Broth From Grass Fed Beef",
    "imageUrl": "https://shop.coles.com.au/wcsstore/Coles-CAS/images/3/2/2/3224740-th.jpg",
    "categories": ["pantry"],
    "tags": ["stocks-gravy", "liquid-stock"],
    "locations": {
      "vic": {
        "price": 7,
        "promoText": " ",
        "packageSize": "500mL",
        "packagePrice": "$1.40 per 100mL"
      }
    }
  },
  {
    "id": "coles-brand-stock-liquid-real-vegetable",
    "brand": "Coles",
    "name": "Real Vegetable Stock",
    "imageUrl": "https://shop.coles.com.au/wcsstore/Coles-CAS/images/7/1/5/7152084-th.jpg",
    "categories": ["pantry"],
    "tags": ["stocks-gravy", "liquid-stock"],
    "locations": {
      "vic": {
        "price": 1.9,
        "promoText": " ",
        "packageSize": "1L",
        "packagePrice": "$0.19 per 100mL"
      }
    }
  },
  {
    "id": "coles-vegan-style-chicken-stock",
    "brand": "Coles",
    "name": "Vegan Chicken Style Stock",
    "imageUrl": "https://shop.coles.com.au/wcsstore/Coles-CAS/images/3/4/5/3455481-th.jpg",
    "categories": ["pantry"],
    "tags": ["stocks-gravy", "liquid-stock"],
    "locations": {
      "vic": {
        "price": 1.9,
        "promoText": " ",
        "packageSize": "1L",
        "packagePrice": "$0.19 per 100mL"
      }
    }
  },
  {
    "id": "coles-liquid-stock-chicken-ramen",
    "brand": "Coles",
    "name": "Japanese Inspired Chicken Ramen Liquid Stock",
    "imageUrl": "https://shop.coles.com.au/wcsstore/Coles-CAS/images/3/4/5/3455572-th.jpg",
    "categories": ["pantry"],
    "tags": ["stocks-gravy", "liquid-stock"],
    "locations": {
      "vic": {
        "price": 3,
        "promoText": " ",
        "packageSize": "1L",
        "packagePrice": "$0.30 per 100mL"
      }
    }
  },
  {
    "id": "massel-stock-beef-gourmet-liquid",
    "brand": "Massel",
    "name": "Beef Style Liquid Stock",
    "imageUrl": "https://shop.coles.com.au/wcsstore/Coles-CAS/images/6/2/7/6275952-th.jpg",
    "categories": ["pantry"],
    "tags": ["stocks-gravy", "liquid-stock"],
    "locations": {
      "vic": {
        "price": 3,
        "promoText": "Was $3.80 on Dec 2017 ",
        "packageSize": "1L",
        "packagePrice": "$3.00 per 1L"
      }
    }
  },
  {
    "id": "momos-meals-free-range-chicken-stock",
    "brand": "Momos Meals",
    "name": "Free Range Chicken Stock",
    "imageUrl": "https://shop.coles.com.au/wcsstore/Coles-CAS/images/1/8/1/1814200-th.jpg",
    "categories": ["pantry"],
    "tags": ["stocks-gravy", "liquid-stock"],
    "locations": {
      "vic": {
        "price": 6.25,
        "promoText": " ",
        "packageSize": "500mL",
        "packagePrice": "$1.25 per 100mL"
      }
    }
  },
  {
    "id": "momos-meals-free-range-beef-stock",
    "brand": "Momo's Meals",
    "name": "Free Range Beef Stock",
    "imageUrl": "https://shop.coles.com.au/wcsstore/Coles-CAS/images/1/8/1/1814197-th.jpg",
    "categories": ["pantry"],
    "tags": ["stocks-gravy", "liquid-stock"],
    "locations": {
      "vic": {
        "price": 6.25,
        "promoText": " ",
        "packageSize": "500mL",
        "packagePrice": "$1.25 per 100mL"
      }
    }
  },
  {
    "id": "campbells-stock-real-fish",
    "brand": "Campbell's",
    "name": "Real Fish Stock",
    "imageUrl": "https://shop.coles.com.au/wcsstore/Coles-CAS/images/1/1/9/1190182-th.jpg",
    "categories": ["pantry"],
    "tags": ["stocks-gravy", "liquid-stock"],
    "locations": {
      "vic": {
        "price": 2.3,
        "promoText": " ",
        "packageSize": "500mL",
        "packagePrice": "$0.46 per 100mL"
      }
    }
  },
  {
    "id": "coles-brand-stock-liquid-real-beef",
    "brand": "Coles",
    "name": "Real Beef Stock",
    "imageUrl": "https://shop.coles.com.au/wcsstore/Coles-CAS/images/7/1/5/7152062-th.jpg",
    "categories": ["pantry"],
    "tags": ["stocks-gravy", "liquid-stock"],
    "locations": {
      "vic": {
        "price": 1.9,
        "promoText": " ",
        "packageSize": "1L",
        "packagePrice": "$1.90 per 1L"
      }
    }
  },
  {
    "id": "coles-real-chicken-salt-reduced-liquid-stock",
    "brand": "Coles",
    "name": "Real Chicken Salt Reduced Liquid Stock",
    "imageUrl": "https://shop.coles.com.au/wcsstore/Coles-CAS/images/8/5/8/8588336-th.jpg",
    "categories": ["pantry"],
    "tags": ["stocks-gravy", "liquid-stock"],
    "locations": {
      "vic": {
        "price": 1.9,
        "promoText": " ",
        "packageSize": "1L",
        "packagePrice": "$0.19 per 100mL"
      }
    }
  },
  {
    "id": "coles-liquid-stock-mushroom-and-miso",
    "brand": "Coles",
    "name": "Japanese Inspired Mushroom & Miso Liquid Stock",
    "imageUrl": "https://shop.coles.com.au/wcsstore/Coles-CAS/images/3/4/5/3455583-th.jpg",
    "categories": ["pantry"],
    "tags": ["stocks-gravy", "liquid-stock"],
    "locations": {
      "vic": {
        "price": 3,
        "promoText": " ",
        "packageSize": "1L",
        "packagePrice": "$0.30 per 100mL"
      }
    }
  },
  {
    "id": "kraft-bonox",
    "brand": "Bonox",
    "name": "Concentrated Beef Stock",
    "imageUrl": "https://shop.coles.com.au/wcsstore/Coles-CAS/images/1/1/5/115909-th.jpg",
    "categories": ["pantry"],
    "tags": ["stocks-gravy", "liquid-stock"],
    "locations": {
      "vic": {
        "price": 5.2,
        "promoText": " ",
        "packageSize": "230g",
        "packagePrice": "$2.26 per 100G"
      }
    }
  },
  {
    "id": "campbells-chinese-dumpling-stock",
    "brand": "Campbells",
    "name": "Chinese Dumpling Stock",
    "imageUrl": "https://shop.coles.com.au/wcsstore/Coles-CAS/images/3/7/2/3729500-th.jpg",
    "categories": ["pantry"],
    "tags": ["stocks-gravy", "liquid-stock"],
    "locations": {
      "vic": {
        "price": 2,
        "promoText": "$2.00 ",
        "packageSize": "1L",
        "packagePrice": "$2.00 per 1L"
      }
    }
  },
  {
    "id": "gravox-traditional-gravy-mix",
    "brand": "Gravox",
    "name": "Traditional Gravy Mix",
    "imageUrl": "https://shop.coles.com.au/wcsstore/Coles-CAS/images/6/0/4/6048826-th.jpg",
    "categories": ["pantry"],
    "tags": ["stocks-gravy", "gravy"],
    "locations": {
      "vic": {
        "price": 3.3,
        "promoText": "Any 2 $5",
        "packageSize": "120g",
        "packagePrice": "$0.28 per 10G"
      }
    }
  },
  {
    "id": "gravox-liquid-pepper-steak-sauce",
    "brand": "Gravox",
    "name": "Pepper Steak Liquid Sauce",
    "imageUrl": "https://shop.coles.com.au/wcsstore/Coles-CAS/images/4/9/9/4999827-th.jpg",
    "categories": ["pantry"],
    "tags": ["stocks-gravy", "gravy"],
    "locations": {
      "vic": {
        "price": 2,
        "promoText": "Was $2.55 on May 2017 ",
        "packageSize": "165g",
        "packagePrice": "$1.21 per 100G"
      }
    }
  },
  {
    "id": "gravox-roast-meat-gravy-mix",
    "brand": "Gravox",
    "name": "Roast Meat Gravy Mix",
    "imageUrl": "https://shop.coles.com.au/wcsstore/Coles-CAS/images/6/0/4/6048815-th.jpg",
    "categories": ["pantry"],
    "tags": ["stocks-gravy", "gravy"],
    "locations": {
      "vic": {
        "price": 3.3,
        "promoText": "Any 2 $5",
        "packageSize": "120g",
        "packagePrice": "$0.28 per 10G"
      }
    }
  },
  {
    "id": "gravox-chicken-gravy-mix",
    "brand": "Gravox",
    "name": "Chicken Gravy Mix",
    "imageUrl": "https://shop.coles.com.au/wcsstore/Coles-CAS/images/6/0/4/6046853-th.jpg",
    "categories": ["pantry"],
    "tags": ["stocks-gravy", "gravy"],
    "locations": {
      "vic": {
        "price": 3.3,
        "promoText": "Any 2 $5",
        "packageSize": "120g",
        "packagePrice": "$0.28 per 10G"
      }
    }
  },
  {
    "id": "gravox-pepper-sauce",
    "brand": "Gravox",
    "name": "Pepper Finishing Sauce Mix",
    "imageUrl": "https://shop.coles.com.au/wcsstore/Coles-CAS/images/6/0/4/6046638-th.jpg",
    "categories": ["pantry"],
    "tags": ["stocks-gravy", "gravy"],
    "locations": {
      "vic": {
        "price": 3.3,
        "promoText": "Any 2 $5",
        "packageSize": "120g",
        "packagePrice": "$0.28 per 10G"
      }
    }
  },
  {
    "id": "gravox-brown-onion-gravy-mix",
    "brand": "Gravox",
    "name": "Brown Onion Gravy Mix",
    "imageUrl": "https://shop.coles.com.au/wcsstore/Coles-CAS/images/6/0/4/6046864-th.jpg",
    "categories": ["pantry"],
    "tags": ["stocks-gravy", "gravy"],
    "locations": {
      "vic": {
        "price": 3.3,
        "promoText": "Any 2 $5",
        "packageSize": "120g",
        "packagePrice": "$0.28 per 10G"
      }
    }
  },
  {
    "id": "gravox-liquid-traditional-gravy",
    "brand": "Gravox",
    "name": "Traditional Liquid Gravy",
    "imageUrl": "https://shop.coles.com.au/wcsstore/Coles-CAS/images/4/9/9/4999805-th.jpg",
    "categories": ["pantry"],
    "tags": ["stocks-gravy", "gravy"],
    "locations": {
      "vic": {
        "price": 2,
        "promoText": "Was $2.55 on May 2017 ",
        "packageSize": "165g",
        "packagePrice": "$1.21 per 100G"
      }
    }
  },
  {
    "id": "gravox-roast-chicken-herb-liquid-gravy",
    "brand": "Gravox",
    "name": "Roast Chicken With Herbs Gravy",
    "imageUrl": "https://shop.coles.com.au/wcsstore/Coles-CAS/images/6/8/4/6842860-th.jpg",
    "categories": ["pantry"],
    "tags": ["stocks-gravy", "gravy"],
    "locations": {
      "vic": {
        "price": 3,
        "promoText": " ",
        "packageSize": "250g",
        "packagePrice": "$1.20 per 100G"
      }
    }
  },
  {
    "id": "gravox-traditional-liquid-gravy",
    "brand": "Gravox",
    "name": "Traditional Liquid Gravy",
    "imageUrl": "https://shop.coles.com.au/wcsstore/Coles-CAS/images/6/8/4/6842837-th.jpg",
    "categories": ["pantry"],
    "tags": ["stocks-gravy", "gravy"],
    "locations": {
      "vic": {
        "price": 3,
        "promoText": " ",
        "packageSize": "250g",
        "packagePrice": "$1.20 per 100G"
      }
    }
  },
  {
    "id": "gravox-saucery-white-sauce-mix",
    "brand": "Gravox",
    "name": "Saucery White Sauce Mix",
    "imageUrl": "https://shop.coles.com.au/wcsstore/Coles-CAS/images/5/0/8/5084052-th.jpg",
    "categories": ["pantry"],
    "tags": ["stocks-gravy", "gravy"],
    "locations": {
      "vic": {
        "price": 1,
        "promoText": " ",
        "packageSize": "29g",
        "packagePrice": "$0.34 per 10G"
      }
    }
  },
  {
    "id": "gravox-brown-onion-liquid-gravy",
    "brand": "Gravox",
    "name": "Brown Onion Gravy",
    "imageUrl": "https://shop.coles.com.au/wcsstore/Coles-CAS/images/4/4/4/4443579-th.jpg",
    "categories": ["pantry"],
    "tags": ["stocks-gravy", "gravy"],
    "locations": {
      "vic": {
        "price": 2,
        "promoText": " ",
        "packageSize": "165g",
        "packagePrice": "$0.12 per 10G"
      }
    }
  },
  {
    "id": "gravox-gravy-mix-traditional",
    "brand": "Gravox",
    "name": "Traditional Gravy Mix",
    "imageUrl": "https://shop.coles.com.au/wcsstore/Coles-CAS/images/1/2/1/121151-th.jpg",
    "categories": ["pantry"],
    "tags": ["stocks-gravy", "gravy"],
    "locations": {
      "vic": {
        "price": 4,
        "promoText": "$0.50 ",
        "packageSize": "425g",
        "packagePrice": "$0.09 per 10G"
      }
    }
  },
  {
    "id": "gravox-pepper-steak-finishing-sauce",
    "brand": "Gravox",
    "name": "Pepper Steak Finishing Sauce",
    "imageUrl": "https://shop.coles.com.au/wcsstore/Coles-CAS/images/3/4/3/3433570-th.jpg",
    "categories": ["pantry"],
    "tags": ["stocks-gravy", "gravy"],
    "locations": {
      "vic": {
        "price": 3,
        "promoText": " ",
        "packageSize": "250g",
        "packagePrice": "$1.20 per 100G"
      }
    }
  },
  {
    "id": "masterfoods-finishing-sauce-creamy-white",
    "brand": "MasterFoods",
    "name": "Creamy White Finishing Sauce",
    "imageUrl": "https://shop.coles.com.au/wcsstore/Coles-CAS/images/6/8/3/6839720-th.jpg",
    "categories": ["pantry"],
    "tags": ["stocks-gravy", "gravy"],
    "locations": {
      "vic": {
        "price": 2,
        "promoText": "Was $2.65 on May 2019 ",
        "packageSize": "160g",
        "packagePrice": "$0.13 per 10G"
      }
    }
  },
  {
    "id": "masterfoods-finishing-sauce-cheese",
    "brand": "MasterFoods",
    "name": "Cheese Finishing Sauce",
    "imageUrl": "https://shop.coles.com.au/wcsstore/Coles-CAS/images/5/5/9/5595812-th.jpg",
    "categories": ["pantry"],
    "tags": ["stocks-gravy", "gravy"],
    "locations": {
      "vic": {
        "price": 2,
        "promoText": "Was $2.65 on May 2019 ",
        "packageSize": "160g",
        "packagePrice": "$0.13 per 10G"
      }
    }
  },
  {
    "id": "coles-gravy-mix-traditional-7755159p",
    "brand": "Coles",
    "name": "Traditional Gravy Mix",
    "imageUrl": "https://shop.coles.com.au/wcsstore/Coles-CAS/images/7/7/5/7755159-th.jpg",
    "categories": ["pantry"],
    "tags": ["stocks-gravy", "gravy"],
    "locations": {
      "vic": {
        "price": 1.75,
        "promoText": " ",
        "packageSize": "120g",
        "packagePrice": "$0.15 per 10G"
      }
    }
  },
  {
    "id": "coles-premium-peppercorn-gravy",
    "brand": "Coles",
    "name": "Premium Peppercorn Sauce",
    "imageUrl": "https://shop.coles.com.au/wcsstore/Coles-CAS/images/3/7/2/3729430-th.jpg",
    "categories": ["pantry"],
    "tags": ["stocks-gravy", "gravy"],
    "locations": {
      "vic": {
        "price": 4,
        "promoText": " ",
        "packageSize": "200mL",
        "packagePrice": "$2.00 per 100mL"
      }
    }
  },
  {
    "id": "gravox-our-best-ever-chip-gravy",
    "brand": "Gravox",
    "name": "Our Best Ever Chip Gravy",
    "imageUrl": "https://shop.coles.com.au/wcsstore/Coles-CAS/images/9/2/3/9233675-th.jpg",
    "categories": ["pantry"],
    "tags": ["stocks-gravy", "gravy"],
    "locations": {
      "vic": {
        "price": 2,
        "promoText": "Was $2.55 on May 2017 ",
        "packageSize": "165g",
        "packagePrice": "$0.12 per 10G"
      }
    }
  },
  {
    "id": "gravox-gravy-roast-pork",
    "brand": "Gravox",
    "name": "Roast Pork Gravy",
    "imageUrl": "https://shop.coles.com.au/wcsstore/Coles-CAS/images/6/8/3/6839785-th.jpg",
    "categories": ["pantry"],
    "tags": ["stocks-gravy", "gravy"],
    "locations": {
      "vic": {
        "price": 2,
        "promoText": "Was $2.55 on May 2017 ",
        "packageSize": "165g",
        "packagePrice": "$0.12 per 10G"
      }
    }
  },
  {
    "id": "gravox-roast-meat-supreme-gravy-mix",
    "brand": "Gravox",
    "name": "Roast Meat Supreme Gravy Mix",
    "imageUrl": "https://shop.coles.com.au/wcsstore/Coles-CAS/images/5/3/8/5387316-th.jpg",
    "categories": ["pantry"],
    "tags": ["stocks-gravy", "gravy"],
    "locations": {
      "vic": {
        "price": 1,
        "promoText": " ",
        "packageSize": "29g",
        "packagePrice": "$0.34 per 10G"
      }
    }
  },
  {
    "id": "gravox-lamb-rosemary-liquid-gravy-4445858p",
    "brand": "Gravox",
    "name": "Lamb & Rosemary Gravy",
    "imageUrl": "https://shop.coles.com.au/wcsstore/Coles-CAS/images/4/4/4/4445858-th.jpg",
    "categories": ["pantry"],
    "tags": ["stocks-gravy", "gravy"],
    "locations": {
      "vic": {
        "price": 2,
        "promoText": "Was $2.55 on May 2017 ",
        "packageSize": "165g",
        "packagePrice": "$0.12 per 10G"
      }
    }
  },
  {
    "id": "gravox-saucery-cheese-sauce-mix",
    "brand": "Gravox",
    "name": "Saucery Cheese Sauce Mix",
    "imageUrl": "https://shop.coles.com.au/wcsstore/Coles-CAS/images/5/0/8/5084030-th.jpg",
    "categories": ["pantry"],
    "tags": ["stocks-gravy", "gravy"],
    "locations": {
      "vic": {
        "price": 1,
        "promoText": " ",
        "packageSize": "29g",
        "packagePrice": "$0.34 per 10G"
      }
    }
  },
  {
    "id": "gravox-gravy-instant-salt-reduced-traditional",
    "brand": "Gravox",
    "name": "Instant Salt Reduced Traditional Gravy Mix",
    "imageUrl": "https://shop.coles.com.au/wcsstore/Coles-CAS/images/1/4/1/1418189-th.jpg",
    "categories": ["pantry"],
    "tags": ["stocks-gravy", "gravy"],
    "locations": {
      "vic": {
        "price": 3.3,
        "promoText": "Any 2 $5",
        "packageSize": "120g",
        "packagePrice": "$2.75 per 100G"
      }
    }
  },
  {
    "id": "greens-gravy-granules-for-roast-meat",
    "brand": "Green's",
    "name": "Gravy Granules for Roast Meat",
    "imageUrl": "https://shop.coles.com.au/wcsstore/Coles-CAS/images/7/3/0/7302777-th.jpg",
    "categories": ["pantry"],
    "tags": ["stocks-gravy", "gravy"],
    "locations": {
      "vic": {
        "price": 3.8,
        "promoText": " ",
        "packageSize": "120g",
        "packagePrice": "$0.32 per 10G"
      }
    }
  },
  {
    "id": "masterfoods-finishing-sauce-hollandaise",
    "brand": "MasterFoods",
    "name": "Hollandaise Finishing Sauce",
    "imageUrl": "https://shop.coles.com.au/wcsstore/Coles-CAS/images/4/6/9/4697216-th.jpg",
    "categories": ["pantry"],
    "tags": ["stocks-gravy", "gravy"],
    "locations": {
      "vic": {
        "price": 2,
        "promoText": "Was $2.65 on May 2019 ",
        "packageSize": "160g",
        "packagePrice": "$0.13 per 10G"
      }
    }
  },
  {
    "id": "coles-gravy-mix-traditional",
    "brand": "Coles",
    "name": "Traditional Gravy Mix",
    "imageUrl": "https://shop.coles.com.au/wcsstore/Coles-CAS/images/7/1/6/7169713-th.jpg",
    "categories": ["pantry"],
    "tags": ["stocks-gravy", "gravy"],
    "locations": {
      "vic": {
        "price": 2.9,
        "promoText": " ",
        "packageSize": "425g",
        "packagePrice": "$0.07 per 10G"
      }
    }
  },
  {
    "id": "coles-gravy-mix-chicken",
    "brand": "Coles",
    "name": "Chicken Gravy Mix",
    "imageUrl": "https://shop.coles.com.au/wcsstore/Coles-CAS/images/7/7/5/7755160-th.jpg",
    "categories": ["pantry"],
    "tags": ["stocks-gravy", "gravy"],
    "locations": {
      "vic": {
        "price": 1.75,
        "promoText": " ",
        "packageSize": "120g",
        "packagePrice": "$0.15 per 10G"
      }
    }
  },
  {
    "id": "coles-brand-gravy-mix-roast-meat",
    "brand": "Coles",
    "name": "Instant Roast Meat Gravy Mix",
    "imageUrl": "https://shop.coles.com.au/wcsstore/Coles-CAS/images/7/7/5/7755170-th.jpg",
    "categories": ["pantry"],
    "tags": ["stocks-gravy", "gravy"],
    "locations": {
      "vic": {
        "price": 1.75,
        "promoText": " ",
        "packageSize": "120g",
        "packagePrice": "$0.15 per 10G"
      }
    }
  },
  {
    "id": "coles-premium-red-wine-jus-gravy",
    "brand": "Coles",
    "name": "Premium Red Wine Jus",
    "imageUrl": "https://shop.coles.com.au/wcsstore/Coles-CAS/images/3/7/2/3729394-th.jpg",
    "categories": ["pantry"],
    "tags": ["stocks-gravy", "gravy"],
    "locations": {
      "vic": {
        "price": 4,
        "promoText": " ",
        "packageSize": "200mL",
        "packagePrice": "$2.00 per 100mL"
      }
    }
  },
  {
    "id": "coles-premium-chip-gravy",
    "brand": "Coles",
    "name": "Premium Chip Gravy",
    "imageUrl": "https://shop.coles.com.au/wcsstore/Coles-CAS/images/3/7/2/3728857-th.jpg",
    "categories": ["pantry"],
    "tags": ["stocks-gravy", "gravy"],
    "locations": {
      "vic": {
        "price": 4,
        "promoText": " ",
        "packageSize": "200mL",
        "packagePrice": "$2.00 per 100mL"
      }
    }
  },
  {
    "id": "coles-premium-mushrom-gravy",
    "brand": "Coles",
    "name": "Premium Mushroom Sauce",
    "imageUrl": "https://shop.coles.com.au/wcsstore/Coles-CAS/images/3/7/2/3729408-th.jpg",
    "categories": ["pantry"],
    "tags": ["stocks-gravy", "gravy"],
    "locations": {
      "vic": {
        "price": 4,
        "promoText": " ",
        "packageSize": "200mL",
        "packagePrice": "$2.00 per 100mL"
      }
    }
  },
  {
    "id": "coles-premium-roast-gravy",
    "brand": "Coles",
    "name": "Premium Roast Gravy",
    "imageUrl": "https://shop.coles.com.au/wcsstore/Coles-CAS/images/3/7/2/3729383-th.jpg",
    "categories": ["pantry"],
    "tags": ["stocks-gravy", "gravy"],
    "locations": {
      "vic": {
        "price": 4,
        "promoText": " ",
        "packageSize": "200mL",
        "packagePrice": "$2.00 per 100mL"
      }
    }
  },
  {
    "id": "gravox-liquid-gravy-brown-onion",
    "brand": "Gravox",
    "name": "Brown Onion Liquid Gravy",
    "imageUrl": "https://shop.coles.com.au/wcsstore/Coles-CAS/images/7/5/3/7534579-th.jpg",
    "categories": ["pantry"],
    "tags": ["stocks-gravy", "gravy"],
    "locations": {
      "vic": {
        "price": 3,
        "promoText": " ",
        "packageSize": "250g",
        "packagePrice": "$1.20 per 100G"
      }
    }
  },
  {
    "id": "gravox-lamb-rosemary-liquid-gravy",
    "brand": "Gravox",
    "name": "Lamb & Rosemary Liquid Gravy",
    "imageUrl": "https://shop.coles.com.au/wcsstore/Coles-CAS/images/6/8/4/6842859-th.jpg",
    "categories": ["pantry"],
    "tags": ["stocks-gravy", "gravy"],
    "locations": {
      "vic": {
        "price": 3,
        "promoText": " ",
        "packageSize": "250g",
        "packagePrice": "$1.20 per 100G"
      }
    }
  },
  {
    "id": "gravox-chicken-herb-liquid-gravy",
    "brand": "Gravox",
    "name": "Roast Chicken With Herbs Gravy",
    "imageUrl": "https://shop.coles.com.au/wcsstore/Coles-CAS/images/5/6/0/5600253-th.jpg",
    "categories": ["pantry"],
    "tags": ["stocks-gravy", "gravy"],
    "locations": {
      "vic": {
        "price": 2,
        "promoText": "Was $2.55 on May 2017 ",
        "packageSize": "165g",
        "packagePrice": "$1.21 per 100G"
      }
    }
  },
  {
    "id": "gravox-gourmet-gravy-peppercorn-with-cream",
    "brand": "Gravox",
    "name": "Gourmet Peppercorn with Cream Gravy",
    "imageUrl": "https://shop.coles.com.au/wcsstore/Coles-CAS/images/6/2/7/6273390-th.jpg",
    "categories": ["pantry"],
    "tags": ["stocks-gravy", "gravy"],
    "locations": {
      "vic": {
        "price": 2,
        "promoText": "Was $2.55 on May 2017 ",
        "packageSize": "165g",
        "packagePrice": "$0.12 per 10G"
      }
    }
  },
  {
    "id": "gravox-roast-meat-with-red-wine-garlic-gravy",
    "brand": "Gravox",
    "name": "Roast Meat with Red Wine & Garlic Gravy",
    "imageUrl": "https://shop.coles.com.au/wcsstore/Coles-CAS/images/4/4/4/4445869-th.jpg",
    "categories": ["pantry"],
    "tags": ["stocks-gravy", "gravy"],
    "locations": {
      "vic": {
        "price": 2,
        "promoText": "Was $2.55 on May 2017 ",
        "packageSize": "165g",
        "packagePrice": "$0.12 per 10G"
      }
    }
  },
  {
    "id": "gravox-saucery-pepper-sauce-mix",
    "brand": "Gravox",
    "name": "Saucery Pepper Sauce Mix",
    "imageUrl": "https://shop.coles.com.au/wcsstore/Coles-CAS/images/5/0/8/5084020-th.jpg",
    "categories": ["pantry"],
    "tags": ["stocks-gravy", "gravy"],
    "locations": {
      "vic": {
        "price": 1,
        "promoText": " ",
        "packageSize": "29g",
        "packagePrice": "$0.34 per 10G"
      }
    }
  },
  {
    "id": "gravox-liquid-diane-sauce",
    "brand": "Gravox",
    "name": "Diane Finishing Sauce",
    "imageUrl": "https://shop.coles.com.au/wcsstore/Coles-CAS/images/4/9/9/4999816-th.jpg",
    "categories": ["pantry"],
    "tags": ["stocks-gravy", "gravy"],
    "locations": {
      "vic": {
        "price": 2,
        "promoText": "Was $2.55 on May 2017 ",
        "packageSize": "165g",
        "packagePrice": "$1.21 per 100G"
      }
    }
  },
  {
    "id": "gravox-gravy-mix-supreme",
    "brand": "Gravox",
    "name": "Supreme Gravy Mix",
    "imageUrl": "https://shop.coles.com.au/wcsstore/Coles-CAS/images/1/2/1/121173-th.jpg",
    "categories": ["pantry"],
    "tags": ["stocks-gravy", "gravy"],
    "locations": {
      "vic": {
        "price": 4,
        "promoText": "$0.50 ",
        "packageSize": "425g",
        "packagePrice": "$0.09 per 10G"
      }
    }
  },
  {
    "id": "gravox-gravy-mix-traditional-1011997p",
    "brand": "Gravox",
    "name": "Traditional Gravy Mix",
    "imageUrl": "https://shop.coles.com.au/wcsstore/Coles-CAS/images/1/0/1/1011997-th.jpg",
    "categories": ["pantry"],
    "tags": ["stocks-gravy", "gravy"],
    "locations": {
      "vic": {
        "price": 1,
        "promoText": " ",
        "packageSize": "29g",
        "packagePrice": "$0.34 per 10G"
      }
    }
  },
  {
    "id": "gravox-mushroom-garlic-liquid-sauce",
    "brand": "Gravox",
    "name": "Mushroom Garlic Liquid Sauce",
    "imageUrl": "https://shop.coles.com.au/wcsstore/Coles-CAS/images/5/6/0/5600344-th.jpg",
    "categories": ["pantry"],
    "tags": ["stocks-gravy", "gravy"],
    "locations": {
      "vic": {
        "price": 2,
        "promoText": "Was $2.55 on May 2017 ",
        "packageSize": "165g",
        "packagePrice": "$1.21 per 100G"
      }
    }
  },
  {
    "id": "gravox-carvery-super-chicken-gravy-mix",
    "brand": "Gravox",
    "name": "Supreme Chicken Gravy Mix",
    "imageUrl": "https://shop.coles.com.au/wcsstore/Coles-CAS/images/5/3/8/5387327-th.jpg",
    "categories": ["pantry"],
    "tags": ["stocks-gravy", "gravy"],
    "locations": {
      "vic": {
        "price": 1,
        "promoText": " ",
        "packageSize": "29g",
        "packagePrice": "$3.45 per 100G"
      }
    }
  },
  {
    "id": "gravox-roast-pork-liquid-gravy",
    "brand": "Gravox",
    "name": "Roast Pork Gravy",
    "imageUrl": "https://shop.coles.com.au/wcsstore/Coles-CAS/images/3/4/3/3433503-th.jpg",
    "categories": ["pantry"],
    "tags": ["stocks-gravy", "gravy"],
    "locations": {
      "vic": {
        "price": 3,
        "promoText": " ",
        "packageSize": "250g",
        "packagePrice": "$1.20 per 100G"
      }
    }
  },
  {
    "id": "gravox-best-beef-gravy",
    "brand": "Gravox",
    "name": "Beef Gravy",
    "imageUrl": "https://shop.coles.com.au/wcsstore/Coles-CAS/images/3/4/3/3433365-th.jpg",
    "categories": ["pantry"],
    "tags": ["stocks-gravy", "gravy"],
    "locations": {
      "vic": {
        "price": 5.8,
        "promoText": " ",
        "packageSize": "200g",
        "packagePrice": "$2.90 per 100G"
      }
    }
  },
  {
    "id": "masterfoods-finishing-sauce-mushroom-white-wine",
    "brand": "MasterFoods",
    "name": "Mushroom & White Wine Finishing Sauce",
    "imageUrl": "https://shop.coles.com.au/wcsstore/Coles-CAS/images/9/7/4/9745134-th.jpg",
    "categories": ["pantry"],
    "tags": ["stocks-gravy", "gravy"],
    "locations": {
      "vic": {
        "price": 2,
        "promoText": "Was $2.65 on May 2019 ",
        "packageSize": "165g",
        "packagePrice": "$0.12 per 10G"
      }
    }
  },
  {
    "id": "white-wings-flour-plain",
    "brand": "White Wings",
    "name": "Plain Flour",
    "imageUrl": "https://shop.coles.com.au/wcsstore/Coles-CAS/images/1/1/9/119455-th.jpg",
    "categories": ["pantry"],
    "tags": ["baking", "flour"],
    "locations": {
      "vic": {
        "price": 2,
        "promoText": "$1.00 ",
        "packageSize": "1kg",
        "packagePrice": "$2.00 per 1Kg"
      }
    }
  },
  {
    "id": "white-wings-flour-self-raising",
    "brand": "White Wings",
    "name": "Self Raising Flour",
    "imageUrl": "https://shop.coles.com.au/wcsstore/Coles-CAS/images/1/1/9/119535-th.jpg",
    "categories": ["pantry"],
    "tags": ["baking", "flour"],
    "locations": {
      "vic": {
        "price": 2,
        "promoText": "$1.00 ",
        "packageSize": "1kg",
        "packagePrice": "$2.00 per 1Kg"
      }
    }
  },
  {
    "id": "white-wings-flour-plain-119466p",
    "brand": "White Wings",
    "name": "Plain Flour",
    "imageUrl": "https://shop.coles.com.au/wcsstore/Coles-CAS/images/1/1/9/119466-th.jpg",
    "categories": ["pantry"],
    "tags": ["baking", "flour"],
    "locations": {
      "vic": {
        "price": 4.6,
        "promoText": " ",
        "packageSize": "2kg",
        "packagePrice": "$2.30 per 1Kg"
      }
    }
  },
  {
    "id": "coles-flour-plain-white-5880841p",
    "brand": "Coles",
    "name": "White Plain Flour",
    "imageUrl": "https://shop.coles.com.au/wcsstore/Coles-CAS/images/5/8/8/5880841-th.jpg",
    "categories": ["pantry"],
    "tags": ["baking", "flour"],
    "locations": {
      "vic": {
        "price": 1.8,
        "promoText": " ",
        "packageSize": "2kg",
        "packagePrice": "$0.90 per 1Kg"
      }
    }
  },
  {
    "id": "coles-flour-plain-white",
    "brand": "Coles",
    "name": "White Plain Flour",
    "imageUrl": "https://shop.coles.com.au/wcsstore/Coles-CAS/images/5/8/8/5881232-th.jpg",
    "categories": ["pantry"],
    "tags": ["baking", "flour"],
    "locations": {
      "vic": {
        "price": 1,
        "promoText": " ",
        "packageSize": "1kg",
        "packagePrice": "$1.00 per 1Kg"
      }
    }
  },
  {
    "id": "coles-flour-self-raising-white",
    "brand": "Coles",
    "name": "White Self Raising Flour",
    "imageUrl": "https://shop.coles.com.au/wcsstore/Coles-CAS/images/5/8/8/5881141-th.jpg",
    "categories": ["pantry"],
    "tags": ["baking", "flour"],
    "locations": {
      "vic": {
        "price": 1,
        "promoText": " ",
        "packageSize": "1kg",
        "packagePrice": "$1.00 per 1Kg"
      }
    }
  },
  {
    "id": "coles-flour-self-raising-white-5881265p",
    "brand": "Coles",
    "name": "White Self Raising Flour",
    "imageUrl": "https://shop.coles.com.au/wcsstore/Coles-CAS/images/5/8/8/5881265-th.jpg",
    "categories": ["pantry"],
    "tags": ["baking", "flour"],
    "locations": {
      "vic": {
        "price": 1.8,
        "promoText": " ",
        "packageSize": "2kg",
        "packagePrice": "$0.90 per 1Kg"
      }
    }
  },
  {
    "id": "coles-flour-self-raising-wholemeal",
    "brand": "Coles",
    "name": "Wholemeal Self Raising Flour",
    "imageUrl": "https://shop.coles.com.au/wcsstore/Coles-CAS/images/5/8/8/5880830-th.jpg",
    "categories": ["pantry"],
    "tags": ["baking", "flour"],
    "locations": {
      "vic": {
        "price": 2,
        "promoText": " ",
        "packageSize": "1kg",
        "packagePrice": "$2.00 per 1Kg"
      }
    }
  },
  {
    "id": "coles-flour-plain-wholemeal",
    "brand": "Coles",
    "name": "Wholemeal Plain Flour",
    "imageUrl": "https://shop.coles.com.au/wcsstore/Coles-CAS/images/5/8/8/5880943-th.jpg",
    "categories": ["pantry"],
    "tags": ["baking", "flour"],
    "locations": {
      "vic": {
        "price": 2,
        "promoText": " ",
        "packageSize": "1kg",
        "packagePrice": "$2.00 per 1Kg"
      }
    }
  },
  {
    "id": "healthy-baker-flour-plain",
    "brand": "Healthy Baker",
    "name": "Flour Plain",
    "imageUrl": "https://shop.coles.com.au/wcsstore/Coles-CAS/images/6/4/8/6480918-th.jpg",
    "categories": ["pantry"],
    "tags": ["baking", "flour"],
    "locations": {
      "vic": {
        "price": 3,
        "promoText": " ",
        "packageSize": "1kg",
        "packagePrice": "$3.00 per 1Kg"
      }
    }
  },
  {
    "id": "tandaco-yeast",
    "brand": "Tandaco",
    "name": "Yeast",
    "imageUrl": "https://shop.coles.com.au/wcsstore/Coles-CAS/images/5/1/5/5150587-th.jpg",
    "categories": ["pantry"],
    "tags": ["baking", "flour"],
    "locations": {
      "vic": {
        "price": 4.7,
        "promoText": " ",
        "packageSize": "84g",
        "packagePrice": "$5.60 per 100G"
      }
    }
  },
  {
    "id": "coles-cornflour",
    "brand": "Coles",
    "name": "Cornflour",
    "imageUrl": "https://shop.coles.com.au/wcsstore/Coles-CAS/images/7/3/5/7352902-th.jpg",
    "categories": ["pantry"],
    "tags": ["baking", "flour"],
    "locations": {
      "vic": {
        "price": 1.5,
        "promoText": " ",
        "packageSize": "300g",
        "packagePrice": "$5.00 per 1Kg"
      }
    }
  },
  {
    "id": "tandaco-yeast-dry",
    "brand": "Tandaco",
    "name": "Dry Yeast",
    "imageUrl": "https://shop.coles.com.au/wcsstore/Coles-CAS/images/5/1/4/5140878-th.jpg",
    "categories": ["pantry"],
    "tags": ["baking", "flour"],
    "locations": {
      "vic": {
        "price": 2.4,
        "promoText": " ",
        "packageSize": "35g",
        "packagePrice": "$6.86 per 100G"
      }
    }
  },
  {
    "id": "anchor-lighthouse-flour-plain-bread-pizza",
    "brand": "Lighthouse",
    "name": "Bread & Pizza Plain Flour",
    "imageUrl": "https://shop.coles.com.au/wcsstore/Coles-CAS/images/5/8/9/5895930-th.jpg",
    "categories": ["pantry"],
    "tags": ["baking", "flour"],
    "locations": {
      "vic": {
        "price": 3,
        "promoText": " ",
        "packageSize": "1kg",
        "packagePrice": "$3.00 per 1Kg"
      }
    }
  },
  {
    "id": "the-god-harvest-plain-flour",
    "brand": "The Good Harvest",
    "name": "Plain Flour",
    "imageUrl": "https://shop.coles.com.au/wcsstore/Coles-CAS/images/3/7/6/3767780-th.jpg",
    "categories": ["pantry"],
    "tags": ["baking", "flour"],
    "locations": {
      "vic": {
        "price": 2,
        "promoText": "$0.50 ",
        "packageSize": "1kg",
        "packagePrice": "$2.00 per 1Kg"
      }
    }
  },
  {
    "id": "white-wings-flour-plain-wholemeal",
    "brand": "White Wings",
    "name": "Wholemeal Plain Flour",
    "imageUrl": "https://shop.coles.com.au/wcsstore/Coles-CAS/images/4/4/1/4418899-th.jpg",
    "categories": ["pantry"],
    "tags": ["baking", "flour"],
    "locations": {
      "vic": {
        "price": 2.45,
        "promoText": "$0.65 ",
        "packageSize": "1kg",
        "packagePrice": "$2.45 per 1Kg"
      }
    }
  },
  {
    "id": "the-god-harvest-self-raising-flour",
    "brand": "The Good Harvest",
    "name": "Self Raising Flour",
    "imageUrl": "https://shop.coles.com.au/wcsstore/Coles-CAS/images/3/7/6/3767790-th.jpg",
    "categories": ["pantry"],
    "tags": ["baking", "flour"],
    "locations": {
      "vic": {
        "price": 2,
        "promoText": "$0.50 ",
        "packageSize": "1kg",
        "packagePrice": "$2.00 per 1Kg"
      }
    }
  },
  {
    "id": "sostanza-semolina-crushed-wheat",
    "brand": "Sostanza",
    "name": "Semolina Crushed Wheat",
    "imageUrl": "https://shop.coles.com.au/wcsstore/Coles-CAS/images/5/0/7/5077126-th.jpg",
    "categories": ["pantry"],
    "tags": ["baking", "flour"],
    "locations": {
      "vic": {
        "price": 4,
        "promoText": " ",
        "packageSize": "500g",
        "packagePrice": "$8.00 per 1Kg"
      }
    }
  },
  {
    "id": "white-wings-cornflour-gluten-free",
    "brand": "White Wings",
    "name": "Cornflour Gluten Free",
    "imageUrl": "https://shop.coles.com.au/wcsstore/Coles-CAS/images/7/4/0/7404813-th.jpg",
    "categories": ["pantry"],
    "tags": ["baking", "flour"],
    "locations": {
      "vic": {
        "price": 2.7,
        "promoText": " ",
        "packageSize": "300g",
        "packagePrice": "$9.00 per 1Kg"
      }
    }
  },
  {
    "id": "la-molisana-flour",
    "brand": "La Molisana",
    "name": "Farina 00 Di Grano Tenero Flour",
    "imageUrl": "https://shop.coles.com.au/wcsstore/Coles-CAS/images/9/9/2/9926558-th.jpg",
    "categories": ["pantry"],
    "tags": ["baking", "flour"],
    "locations": {
      "vic": {
        "price": 3,
        "promoText": " ",
        "packageSize": "1kg",
        "packagePrice": "$3.00 per 1Kg"
      }
    }
  },
  {
    "id": "healthy-baker-flour-self-raising",
    "brand": "Healthy Baker",
    "name": "Flour Self Raising",
    "imageUrl": "https://shop.coles.com.au/wcsstore/Coles-CAS/images/6/4/8/6481058-th.jpg",
    "categories": ["pantry"],
    "tags": ["baking", "flour"],
    "locations": {
      "vic": {
        "price": 3,
        "promoText": " ",
        "packageSize": "1kg",
        "packagePrice": "$3.00 per 1Kg"
      }
    }
  },
  {
    "id": "lowan-yeast-dried-instant",
    "brand": "Lowan",
    "name": "Instant Dried Yeast",
    "imageUrl": "https://shop.coles.com.au/wcsstore/Coles-CAS/images/9/4/4/9442391-th.jpg",
    "categories": ["pantry"],
    "tags": ["baking", "flour"],
    "locations": {
      "vic": {
        "price": 4.3,
        "promoText": " ",
        "packageSize": "280g",
        "packagePrice": "$1.54 per 100G"
      }
    }
  },
  {
    "id": "mckenzies-flour-rice-gluten-free",
    "brand": "McKenzie's",
    "name": "Rice Flour Gluten Free",
    "imageUrl": "https://shop.coles.com.au/wcsstore/Coles-CAS/images/1/9/9/199206-th.jpg",
    "categories": ["pantry"],
    "tags": ["baking", "flour"],
    "locations": {
      "vic": {
        "price": 1.5,
        "promoText": " ",
        "packageSize": "375g",
        "packagePrice": "$4.00 per 1Kg"
      }
    }
  },
  {
    "id": "coles-flour-plain-organic",
    "brand": "Coles",
    "name": "Organic Plain Flour",
    "imageUrl": "https://shop.coles.com.au/wcsstore/Coles-CAS/images/9/6/5/9651019-th.jpg",
    "categories": ["pantry"],
    "tags": ["baking", "flour"],
    "locations": {
      "vic": {
        "price": 4.5,
        "promoText": " ",
        "packageSize": "1kg",
        "packagePrice": "$4.50 per 1Kg"
      }
    }
  },
  {
    "id": "mckenzies-flour-wholemeal-spelt",
    "brand": "Mckenzie's",
    "name": "Wholemeal Spelt Flour",
    "imageUrl": "https://shop.coles.com.au/wcsstore/Coles-CAS/images/3/2/3/3235780-th.jpg",
    "categories": ["pantry"],
    "tags": ["baking", "flour"],
    "locations": {
      "vic": {
        "price": 3,
        "promoText": "$0.60 ",
        "packageSize": "300g",
        "packagePrice": "$10.00 per 1Kg"
      }
    }
  },
  {
    "id": "laucke-flour-mix-pizza-focaccia",
    "brand": "Laucke",
    "name": "Pizza & Focaccia Flour Mix",
    "imageUrl": "https://shop.coles.com.au/wcsstore/Coles-CAS/images/3/2/3/3234143-th.jpg",
    "categories": ["pantry"],
    "tags": ["baking", "flour"],
    "locations": {
      "vic": {
        "price": 5.75,
        "promoText": "$0.65 ",
        "packageSize": "1kg",
        "packagePrice": "$5.75 per 1Kg"
      }
    }
  },
  {
    "id": "anchor-lighthouse-flour-plain-pasta-noodle",
    "brand": "Lighthouse",
    "name": "Pasta Tipo Plain Flour",
    "imageUrl": "https://shop.coles.com.au/wcsstore/Coles-CAS/images/5/8/9/5895918-th.jpg",
    "categories": ["pantry"],
    "tags": ["baking", "flour"],
    "locations": {
      "vic": {
        "price": 3,
        "promoText": " ",
        "packageSize": "1kg",
        "packagePrice": "$3.00 per 1Kg"
      }
    }
  },
  {
    "id": "anchor-lighthouse-flour-self-raising-biscuit",
    "brand": "Lighthouse",
    "name": "Cake, Sponge & Steamed Bun Self Raising Flour",
    "imageUrl": "https://shop.coles.com.au/wcsstore/Coles-CAS/images/5/8/9/5895907-th.jpg",
    "categories": ["pantry"],
    "tags": ["baking", "flour"],
    "locations": {
      "vic": {
        "price": 3,
        "promoText": " ",
        "packageSize": "1kg",
        "packagePrice": "$3.00 per 1Kg"
      }
    }
  },
  {
    "id": "mckenzies-tapioca-flour",
    "brand": "Mckenzie's",
    "name": "Tapioca Flour",
    "imageUrl": "https://shop.coles.com.au/wcsstore/Coles-CAS/images/3/2/3/3235816-th.jpg",
    "categories": ["pantry"],
    "tags": ["baking", "flour"],
    "locations": {
      "vic": {
        "price": 3,
        "promoText": "$0.60 ",
        "packageSize": "300g",
        "packagePrice": "$10.00 per 1Kg"
      }
    }
  },
  {
    "id": "mckenzies-buckwheat-flour",
    "brand": "Mckenzie's",
    "name": "Buckwheat Flour",
    "imageUrl": "https://shop.coles.com.au/wcsstore/Coles-CAS/images/3/2/3/3235791-th.jpg",
    "categories": ["pantry"],
    "tags": ["baking", "flour"],
    "locations": {
      "vic": {
        "price": 3,
        "promoText": "$0.60 ",
        "packageSize": "300g",
        "packagePrice": "$10.00 per 1Kg"
      }
    }
  },
  {
    "id": "sostanza-polenta",
    "brand": "Sostanza",
    "name": "Polenta",
    "imageUrl": "https://shop.coles.com.au/wcsstore/Coles-CAS/images/5/8/4/5843765-th.jpg",
    "categories": ["pantry"],
    "tags": ["baking", "flour"],
    "locations": {
      "vic": {
        "price": 4,
        "promoText": " ",
        "packageSize": "500g",
        "packagePrice": "$8.00 per 1Kg"
      }
    }
  },
  {
    "id": "coles-flour-self-raising-organic",
    "brand": "Coles",
    "name": "Organic Self Raising Flour",
    "imageUrl": "https://shop.coles.com.au/wcsstore/Coles-CAS/images/9/6/5/9651030-th.jpg",
    "categories": ["pantry"],
    "tags": ["baking", "flour"],
    "locations": {
      "vic": {
        "price": 4.5,
        "promoText": " ",
        "packageSize": "1kg",
        "packagePrice": "$4.50 per 1Kg"
      }
    }
  },
  {
    "id": "anchor-lighthouse-flour-plain-cake-biscuit-pastry",
    "brand": "Lighthouse",
    "name": "Biscuit, Pastry & Cake Plain Flour",
    "imageUrl": "https://shop.coles.com.au/wcsstore/Coles-CAS/images/5/8/9/5895893-th.jpg",
    "categories": ["pantry"],
    "tags": ["baking", "flour"],
    "locations": {
      "vic": {
        "price": 3,
        "promoText": " ",
        "packageSize": "1kg",
        "packagePrice": "$3.00 per 1Kg"
      }
    }
  },
  {
    "id": "white-wings-flour-self-raising-wholemeal",
    "brand": "White Wings",
    "name": "Wholemeal Self Raising Flour",
    "imageUrl": "https://shop.coles.com.au/wcsstore/Coles-CAS/images/4/6/8/4681996-th.jpg",
    "categories": ["pantry"],
    "tags": ["baking", "flour"],
    "locations": {
      "vic": {
        "price": 2.45,
        "promoText": "$0.65 ",
        "packageSize": "1kg",
        "packagePrice": "$2.45 per 1Kg"
      }
    }
  },
  {
    "id": "white-wings-flour-self-raising-119546p",
    "brand": "White Wings",
    "name": "Self Raising Flour",
    "imageUrl": "https://shop.coles.com.au/wcsstore/Coles-CAS/images/1/1/9/119546-th.jpg",
    "categories": ["pantry"],
    "tags": ["baking", "flour"],
    "locations": {
      "vic": {
        "price": 4.6,
        "promoText": " ",
        "packageSize": "2kg",
        "packagePrice": "$2.30 per 1Kg"
      }
    }
  },
  {
    "id": "cwa-scone-mix",
    "brand": "Laucke",
    "name": "CWA Scone Mix",
    "imageUrl": "https://shop.coles.com.au/wcsstore/Coles-CAS/images/3/2/3/3234154-th.jpg",
    "categories": ["pantry"],
    "tags": ["baking", "flour"],
    "locations": {
      "vic": {
        "price": 5.15,
        "promoText": "$0.60 ",
        "packageSize": "1kg",
        "packagePrice": "$5.15 per 1Kg"
      }
    }
  },
  {
    "id": "anchor-lion-australian-classics-flour-scone-mix",
    "brand": "Lion",
    "name": "Classics Scone Mix",
    "imageUrl": "https://shop.coles.com.au/wcsstore/Coles-CAS/images/7/3/8/7384986-th.jpg",
    "categories": ["pantry"],
    "tags": ["baking", "flour"],
    "locations": {
      "vic": {
        "price": 2.95,
        "promoText": "$0.85 ",
        "packageSize": "535g",
        "packagePrice": "$0.55 per 100G"
      }
    }
  },
  {
    "id": "mckenzies-chick-pea-flour",
    "brand": "McKenzie's",
    "name": "Chick Pea Flour",
    "imageUrl": "https://shop.coles.com.au/wcsstore/Coles-CAS/images/3/7/6/3767291-th.jpg",
    "categories": ["pantry"],
    "tags": ["baking", "flour"],
    "locations": {
      "vic": {
        "price": 3.6,
        "promoText": " ",
        "packageSize": "330g",
        "packagePrice": "$1.20 per 100G"
      }
    }
  },
  {
    "id": "lighthouse-pizza-foccacia-flour",
    "brand": "Lighthouse",
    "name": "Pizza & Focaccia Flour",
    "imageUrl": "https://shop.coles.com.au/wcsstore/Coles-CAS/images/3/7/6/3767269-th.jpg",
    "categories": ["pantry"],
    "tags": ["baking", "flour"],
    "locations": {
      "vic": {
        "price": 2.25,
        "promoText": "$0.60 ",
        "packageSize": "500g",
        "packagePrice": "$0.45 per 100G"
      }
    }
  },
  {
    "id": "lion-pastry-mix",
    "brand": "Lion",
    "name": "Pastry Mix",
    "imageUrl": "https://shop.coles.com.au/wcsstore/Coles-CAS/images/3/7/6/3767280-th.jpg",
    "categories": ["pantry"],
    "tags": ["baking", "flour"],
    "locations": {
      "vic": {
        "price": 2,
        "promoText": "$0.50 ",
        "packageSize": "375g",
        "packagePrice": "$5.33 per 1Kg"
      }
    }
  },
  {
    "id": "lo-fo-pantry-low-fodmap-plain-flour",
    "brand": "Lo-fo Pantry",
    "name": "Low Fodmap Plain Flour",
    "imageUrl": "https://shop.coles.com.au/wcsstore/Coles-CAS/images/3/2/3/3236262-th.jpg",
    "categories": ["pantry"],
    "tags": ["baking", "flour"],
    "locations": {
      "vic": {
        "price": 5,
        "promoText": " ",
        "packageSize": "1 kg",
        "packagePrice": "$5.00 per 1Kg"
      }
    }
  },
  {
    "id": "mckenzies-coconut-flour",
    "brand": "Mckenzie's",
    "name": "Coconut Flour",
    "imageUrl": "https://shop.coles.com.au/wcsstore/Coles-CAS/images/3/2/3/3235805-th.jpg",
    "categories": ["pantry"],
    "tags": ["baking", "flour"],
    "locations": {
      "vic": {
        "price": 3,
        "promoText": "$0.60 ",
        "packageSize": "330g",
        "packagePrice": "$9.09 per 1Kg"
      }
    }
  },
  {
    "id": "white-wings-plain-flour-gluten-free-mix",
    "brand": "White Wings",
    "name": "Plain Flour Mix Gluten Free",
    "imageUrl": "https://shop.coles.com.au/wcsstore/Coles-CAS/images/5/3/6/5361389-th.jpg",
    "categories": ["pantry"],
    "tags": ["baking", "flour"],
    "locations": {
      "vic": {
        "price": 6.3,
        "promoText": " ",
        "packageSize": "750g",
        "packagePrice": "$0.84 per 100G"
      }
    }
  },
  {
    "id": "white-wings-gluten-free-self-raising-flour",
    "brand": "White Wings",
    "name": "Gluten Free Self Raising Flour",
    "imageUrl": "https://shop.coles.com.au/wcsstore/Coles-CAS/images/5/3/6/5361378-th.jpg",
    "categories": ["pantry"],
    "tags": ["baking", "flour"],
    "locations": {
      "vic": {
        "price": 6.3,
        "promoText": " ",
        "packageSize": "750g",
        "packagePrice": "$8.40 per 1Kg"
      }
    }
  },
  {
    "id": "coles-sugar-raw-294182p",
    "brand": "Coles",
    "name": "Raw Sugar",
    "imageUrl": "https://shop.coles.com.au/wcsstore/Coles-CAS/images/2/9/4/294182-th.jpg",
    "categories": ["pantry"],
    "tags": ["baking", "sugar-sweteners"],
    "locations": {
      "vic": {
        "price": 1.1,
        "promoText": " ",
        "packageSize": "1kg",
        "packagePrice": "$0.11 per 100G"
      }
    }
  },
  {
    "id": "coles-sugar-white-5422541p",
    "brand": "Coles",
    "name": "White Sugar",
    "imageUrl": "https://shop.coles.com.au/wcsstore/Coles-CAS/images/5/4/2/5422541-th.jpg",
    "categories": ["pantry"],
    "tags": ["baking", "sugar-sweteners"],
    "locations": {
      "vic": {
        "price": 1.8,
        "promoText": " ",
        "packageSize": "2kg",
        "packagePrice": "$0.09 per 100G"
      }
    }
  },
  {
    "id": "csr-sugar-caster-254916p",
    "brand": "CSR",
    "name": "Caster Sugar",
    "imageUrl": "https://shop.coles.com.au/wcsstore/Coles-CAS/images/2/5/4/254916-th.jpg",
    "categories": ["pantry"],
    "tags": ["baking", "sugar-sweteners"],
    "locations": {
      "vic": {
        "price": 2,
        "promoText": "$0.50 ",
        "packageSize": "1kg",
        "packagePrice": "$0.20 per 100G"
      }
    }
  },
  {
    "id": "coles-sugar-brown-2909335p",
    "brand": "Coles",
    "name": "Brown Sugar",
    "imageUrl": "https://shop.coles.com.au/wcsstore/Coles-CAS/images/2/9/0/2909335-th.jpg",
    "categories": ["pantry"],
    "tags": ["baking", "sugar-sweteners"],
    "locations": {
      "vic": {
        "price": 2.65,
        "promoText": " ",
        "packageSize": "1kg",
        "packagePrice": "$0.27 per 100G"
      }
    }
  },
  {
    "id": "csr-sugar-icing-pure",
    "brand": "CSR",
    "name": "Pure Icing Sugar",
    "imageUrl": "https://shop.coles.com.au/wcsstore/Coles-CAS/images/5/5/8/5583074-th.jpg",
    "categories": ["pantry"],
    "tags": ["baking", "sugar-sweteners"],
    "locations": {
      "vic": {
        "price": 1.85,
        "promoText": " ",
        "packageSize": "500g",
        "packagePrice": "$0.37 per 100G"
      }
    }
  },
  {
    "id": "coles-caster-sugar",
    "brand": "Coles",
    "name": "Caster Sugar",
    "imageUrl": "https://shop.coles.com.au/wcsstore/Coles-CAS/images/2/9/0/2909357-th.jpg",
    "categories": ["pantry"],
    "tags": ["baking", "sugar-sweteners"],
    "locations": {
      "vic": {
        "price": 2,
        "promoText": " ",
        "packageSize": "1kg",
        "packagePrice": "$0.20 per 100G"
      }
    }
  },
  {
    "id": "coles-sugar-raw",
    "brand": "Coles",
    "name": "Raw Sugar",
    "imageUrl": "https://shop.coles.com.au/wcsstore/Coles-CAS/images/5/4/2/5426156-th.jpg",
    "categories": ["pantry"],
    "tags": ["baking", "sugar-sweteners"],
    "locations": {
      "vic": {
        "price": 2.1,
        "promoText": " ",
        "packageSize": "2kg",
        "packagePrice": "$0.11 per 100G"
      }
    }
  },
  {
    "id": "csr-sugar-caster",
    "brand": "CSR",
    "name": "Caster Sugar",
    "imageUrl": "https://shop.coles.com.au/wcsstore/Coles-CAS/images/1/2/0/120079-th.jpg",
    "categories": ["pantry"],
    "tags": ["baking", "sugar-sweteners"],
    "locations": {
      "vic": {
        "price": 1.7,
        "promoText": " ",
        "packageSize": "500g",
        "packagePrice": "$0.34 per 100G"
      }
    }
  },
  {
    "id": "csr-sugar-brown-120148p",
    "brand": "CSR",
    "name": "Brown Sugar",
    "imageUrl": "https://shop.coles.com.au/wcsstore/Coles-CAS/images/1/2/0/120148-th.jpg",
    "categories": ["pantry"],
    "tags": ["baking", "sugar-sweteners"],
    "locations": {
      "vic": {
        "price": 3,
        "promoText": "$0.75 ",
        "packageSize": "1kg",
        "packagePrice": "$0.30 per 100G"
      }
    }
  },
  {
    "id": "csr-sugar-brown",
    "brand": "CSR",
    "name": "Brown Sugar",
    "imageUrl": "https://shop.coles.com.au/wcsstore/Coles-CAS/images/1/2/0/120137-th.jpg",
    "categories": ["pantry"],
    "tags": ["baking", "sugar-sweteners"],
    "locations": {
      "vic": {
        "price": 2.15,
        "promoText": " ",
        "packageSize": "500g",
        "packagePrice": "$0.43 per 100G"
      }
    }
  },
  {
    "id": "coles-sugar-white",
    "brand": "Coles",
    "name": "White Sugar",
    "imageUrl": "https://shop.coles.com.au/wcsstore/Coles-CAS/images/5/4/2/5422530-th.jpg",
    "categories": ["pantry"],
    "tags": ["baking", "sugar-sweteners"],
    "locations": {
      "vic": {
        "price": 1,
        "promoText": " ",
        "packageSize": "1kg",
        "packagePrice": "$0.10 per 100G"
      }
    }
  },
  {
    "id": "csr-sugar-white-120104p",
    "brand": "CSR",
    "name": "White Sugar",
    "imageUrl": "https://shop.coles.com.au/wcsstore/Coles-CAS/images/1/2/0/120104-th.jpg",
    "categories": ["pantry"],
    "tags": ["baking", "sugar-sweteners"],
    "locations": {
      "vic": {
        "price": 1.3,
        "promoText": "$0.45 ",
        "packageSize": "1kg",
        "packagePrice": "$0.13 per 100G"
      }
    }
  },
  {
    "id": "csr-sugar-icing-mixture-soft",
    "brand": "CSR",
    "name": "Soft Sugar Icing Mixture",
    "imageUrl": "https://shop.coles.com.au/wcsstore/Coles-CAS/images/5/8/5/5858445-th.jpg",
    "categories": ["pantry"],
    "tags": ["baking", "sugar-sweteners"],
    "locations": {
      "vic": {
        "price": 2.7,
        "promoText": "$0.80 ",
        "packageSize": "1kg",
        "packagePrice": "$0.27 per 100G"
      }
    }
  },
  {
    "id": "csr-sugar-raw-174894p",
    "brand": "CSR",
    "name": "Raw Sugar",
    "imageUrl": "https://shop.coles.com.au/wcsstore/Coles-CAS/images/1/7/4/174894-th.jpg",
    "categories": ["pantry"],
    "tags": ["baking", "sugar-sweteners"],
    "locations": {
      "vic": {
        "price": 3.15,
        "promoText": " ",
        "packageSize": "2kg",
        "packagePrice": "$0.16 per 100G"
      }
    }
  },
  {
    "id": "sugarless-stevia-organic-natural-sweetener",
    "brand": "Sugarless",
    "name": "Stevia Organic Natural Sweetener",
    "imageUrl": "https://shop.coles.com.au/wcsstore/Coles-CAS/images/2/0/0/2002540-th.jpg",
    "categories": ["pantry"],
    "tags": ["baking", "sugar-sweteners"],
    "locations": {
      "vic": {
        "price": 8.5,
        "promoText": " ",
        "packageSize": "350g",
        "packagePrice": "$2.43 per 100G"
      }
    }
  },
  {
    "id": "csr-sugar-raw-120068p",
    "brand": "CSR",
    "name": "Raw Sugar",
    "imageUrl": "https://shop.coles.com.au/wcsstore/Coles-CAS/images/1/2/0/120068-th.jpg",
    "categories": ["pantry"],
    "tags": ["baking", "sugar-sweteners"],
    "locations": {
      "vic": {
        "price": 2.3,
        "promoText": " ",
        "packageSize": "1kg",
        "packagePrice": "$0.23 per 100G"
      }
    }
  },
  {
    "id": "natvia-sweetener-sticks",
    "brand": "Natvia",
    "name": "Sticks Sweetener",
    "imageUrl": "https://shop.coles.com.au/wcsstore/Coles-CAS/images/7/4/9/7497461-th.jpg",
    "categories": ["pantry"],
    "tags": ["baking", "sugar-sweteners"],
    "locations": {
      "vic": {
        "price": 4.05,
        "promoText": "$0.45 ",
        "packageSize": "40 pack",
        "packagePrice": "$0.10 per 1Ea"
      }
    }
  },
  {
    "id": "csr-sugar-icing-mixture",
    "brand": "CSR",
    "name": "Gluten Free Icing Sugar Mixture",
    "imageUrl": "https://shop.coles.com.au/wcsstore/Coles-CAS/images/5/5/8/5583085-th.jpg",
    "categories": ["pantry"],
    "tags": ["baking", "sugar-sweteners"],
    "locations": {
      "vic": {
        "price": 1.95,
        "promoText": " ",
        "packageSize": "500g",
        "packagePrice": "$0.39 per 100G"
      }
    }
  },
  {
    "id": "csr-sugar-white-384740p",
    "brand": "CSR",
    "name": "White Sugar",
    "imageUrl": "https://shop.coles.com.au/wcsstore/Coles-CAS/images/3/8/4/384740-th.jpg",
    "categories": ["pantry"],
    "tags": ["baking", "sugar-sweteners"],
    "locations": {
      "vic": {
        "price": 2.4,
        "promoText": " ",
        "packageSize": "2kg",
        "packagePrice": "$0.12 per 100G"
      }
    }
  },
  {
    "id": "coles-soft-icing-mixture-3597216p",
    "brand": "Coles",
    "name": "Soft Icing Mixture",
    "imageUrl": "https://shop.coles.com.au/wcsstore/Coles-CAS/images/3/5/9/3597216-th.jpg",
    "categories": ["pantry"],
    "tags": ["baking", "sugar-sweteners"],
    "locations": {
      "vic": {
        "price": 2.7,
        "promoText": " ",
        "packageSize": "1 kg",
        "packagePrice": "$0.27 per 100G"
      }
    }
  },
  {
    "id": "csr-white-sugar",
    "brand": "CSR",
    "name": "White Sugar",
    "imageUrl": "https://shop.coles.com.au/wcsstore/Coles-CAS/images/3/7/7/3771903-th.jpg",
    "categories": ["pantry"],
    "tags": ["baking", "sugar-sweteners"],
    "locations": {
      "vic": {
        "price": 1.55,
        "promoText": " ",
        "packageSize": "500g",
        "packagePrice": "$0.31 per 100G"
      }
    }
  },
  {
    "id": "coles-sweeteners-reduced-calorie-tablets",
    "brand": "Coles",
    "name": "Sweeteners Reduced Calorie Tablets",
    "imageUrl": "https://shop.coles.com.au/wcsstore/Coles-CAS/images/2/2/5/2256253-th.jpg",
    "categories": ["pantry"],
    "tags": ["baking", "sugar-sweteners"],
    "locations": {
      "vic": {
        "price": 3,
        "promoText": " ",
        "packageSize": "300 pack",
        "packagePrice": "$0.01 per 1Ea"
      }
    }
  },
  {
    "id": "hermesetas-sweetener-tablets-original",
    "brand": "Hermesetas",
    "name": "Original Sweetener Tablets",
    "imageUrl": "https://shop.coles.com.au/wcsstore/Coles-CAS/images/4/6/9/4692449-th.jpg",
    "categories": ["pantry"],
    "tags": ["baking", "sugar-sweteners"],
    "locations": {
      "vic": {
        "price": 5.7,
        "promoText": "$1.45 ",
        "packageSize": "800 pack",
        "packagePrice": "$0.01 per 1Ea"
      }
    }
  },
  {
    "id": "natvia-sweetener-granular",
    "brand": "Natvia",
    "name": "Granular Sweetener",
    "imageUrl": "https://shop.coles.com.au/wcsstore/Coles-CAS/images/7/4/9/7497483-th.jpg",
    "categories": ["pantry"],
    "tags": ["baking", "sugar-sweteners"],
    "locations": {
      "vic": {
        "price": 7.75,
        "promoText": " ",
        "packageSize": "300g",
        "packagePrice": "$2.58 per 100G"
      }
    }
  },
  {
    "id": "csr-sugar-raw",
    "brand": "CSR",
    "name": "Raw Sugar",
    "imageUrl": "https://shop.coles.com.au/wcsstore/Coles-CAS/images/5/2/6/5264702-th.jpg",
    "categories": ["pantry"],
    "tags": ["baking", "sugar-sweteners"],
    "locations": {
      "vic": {
        "price": 1.5,
        "promoText": " ",
        "packageSize": "500g",
        "packagePrice": "$0.30 per 100G"
      }
    }
  },
  {
    "id": "csr-raw-sugar-sticks",
    "brand": "CSR",
    "name": "Raw Sugar Sticks",
    "imageUrl": "https://shop.coles.com.au/wcsstore/Coles-CAS/images/2/9/1/2911701-th.jpg",
    "categories": ["pantry"],
    "tags": ["baking", "sugar-sweteners"],
    "locations": {
      "vic": {
        "price": 2.85,
        "promoText": " ",
        "packageSize": "150g",
        "packagePrice": "$1.90 per 100G"
      }
    }
  },
  {
    "id": "coles-sugar-raw-organic",
    "brand": "Coles",
    "name": "Organic Raw Sugar",
    "imageUrl": "https://shop.coles.com.au/wcsstore/Coles-CAS/images/9/5/0/9501876-th.jpg",
    "categories": ["pantry"],
    "tags": ["baking", "sugar-sweteners"],
    "locations": {
      "vic": {
        "price": 2.85,
        "promoText": " ",
        "packageSize": "1kg",
        "packagePrice": "$2.85 per 1Kg"
      }
    }
  },
  {
    "id": "equal-sweetener-tablets-5088326p",
    "brand": "Equal",
    "name": "Sweetener Tablets",
    "imageUrl": "https://shop.coles.com.au/wcsstore/Coles-CAS/images/5/0/8/5088326-th.jpg",
    "categories": ["pantry"],
    "tags": ["baking", "sugar-sweteners"],
    "locations": {
      "vic": {
        "price": 9.4,
        "promoText": " ",
        "packageSize": "300 pack",
        "packagePrice": "$0.03 per 1Ea"
      }
    }
  },
  {
    "id": "equal-sweetener-sachets-384004p",
    "brand": "Equal",
    "name": "Sweetener Sachets",
    "imageUrl": "https://shop.coles.com.au/wcsstore/Coles-CAS/images/3/8/4/384004-th.jpg",
    "categories": ["pantry"],
    "tags": ["baking", "sugar-sweteners"],
    "locations": {
      "vic": {
        "price": 3.7,
        "promoText": " ",
        "packageSize": "50 pack",
        "packagePrice": "$0.07 per 1Ea"
      }
    }
  },
  {
    "id": "csr-sugar-demerara",
    "brand": "CSR",
    "name": "Demerara Sugar",
    "imageUrl": "https://shop.coles.com.au/wcsstore/Coles-CAS/images/6/0/4/6040970-th.jpg",
    "categories": ["pantry"],
    "tags": ["baking", "sugar-sweteners"],
    "locations": {
      "vic": {
        "price": 3,
        "promoText": " ",
        "packageSize": "375g",
        "packagePrice": "$0.80 per 100G"
      }
    }
  },
  {
    "id": "csr-sugar-coffee-crystals",
    "brand": "CSR",
    "name": "Coffee Sugar Crystals",
    "imageUrl": "https://shop.coles.com.au/wcsstore/Coles-CAS/images/6/0/4/6043287-th.jpg",
    "categories": ["pantry"],
    "tags": ["baking", "sugar-sweteners"],
    "locations": {
      "vic": {
        "price": 3.45,
        "promoText": " ",
        "packageSize": "500g",
        "packagePrice": "$0.69 per 100G"
      }
    }
  },
  {
    "id": "csr-sugar-white-sticks-premium-single-serves",
    "brand": "CSR",
    "name": "Premium White Sugar Sticks",
    "imageUrl": "https://shop.coles.com.au/wcsstore/Coles-CAS/images/4/6/9/4694230-th.jpg",
    "categories": ["pantry"],
    "tags": ["baking", "sugar-sweteners"],
    "locations": {
      "vic": {
        "price": 2.75,
        "promoText": " ",
        "packageSize": "150g",
        "packagePrice": "$1.83 per 100G"
      }
    }
  },
  {
    "id": "csr-sugar-brown-dark",
    "brand": "CSR",
    "name": "Dark Brown Sugar",
    "imageUrl": "https://shop.coles.com.au/wcsstore/Coles-CAS/images/4/4/7/447829-th.jpg",
    "categories": ["pantry"],
    "tags": ["baking", "sugar-sweteners"],
    "locations": {
      "vic": {
        "price": 4,
        "promoText": " ",
        "packageSize": "1kg",
        "packagePrice": "$0.40 per 100G"
      }
    }
  },
  {
    "id": "csr-coconut-sugar",
    "brand": "CSR",
    "name": "Coconut Sugar",
    "imageUrl": "https://shop.coles.com.au/wcsstore/Coles-CAS/images/2/2/2/2223301-th.jpg",
    "categories": ["pantry"],
    "tags": ["baking", "sugar-sweteners"],
    "locations": {
      "vic": {
        "price": 4,
        "promoText": " ",
        "packageSize": "250g",
        "packagePrice": "$1.60 per 100G"
      }
    }
  },
  {
    "id": "hermesetas-sweetener-stevia-tablets",
    "brand": "Hermesetas",
    "name": "Stevia Sweet 220 Tablets",
    "imageUrl": "https://shop.coles.com.au/wcsstore/Coles-CAS/images/9/9/3/9933178-th.jpg",
    "categories": ["pantry"],
    "tags": ["baking", "sugar-sweteners"],
    "locations": {
      "vic": {
        "price": 8,
        "promoText": " ",
        "packageSize": "1 pack",
        "packagePrice": "$8.00 per 1Ea"
      }
    }
  },
  {
    "id": "splenda-sweetener-tablets",
    "brand": "Splenda",
    "name": "Sweetener Tablets",
    "imageUrl": "https://shop.coles.com.au/wcsstore/Coles-CAS/images/5/4/6/5464199-th.jpg",
    "categories": ["pantry"],
    "tags": ["baking", "sugar-sweteners"],
    "locations": {
      "vic": {
        "price": 12.15,
        "promoText": " ",
        "packageSize": "500 pack",
        "packagePrice": "$0.02 per 1Ea"
      }
    }
  },
  {
    "id": "coles-monk-fruit-and-erythiritol-swetener",
    "brand": "Coles",
    "name": "Monk Fruit And Erythritol Sweetener",
    "imageUrl": "https://shop.coles.com.au/wcsstore/Coles-CAS/images/3/7/5/3757083-th.jpg",
    "categories": ["pantry"],
    "tags": ["baking", "sugar-sweteners"],
    "locations": {
      "vic": {
        "price": 7,
        "promoText": " ",
        "packageSize": "200g",
        "packagePrice": "$3.50 per 100G"
      }
    }
  },
  {
    "id": "equal-sweetener-tablets",
    "brand": "Equal",
    "name": "Sweetener Tablets",
    "imageUrl": "https://shop.coles.com.au/wcsstore/Coles-CAS/images/3/8/3/383828-th.jpg",
    "categories": ["pantry"],
    "tags": ["baking", "sugar-sweteners"],
    "locations": {
      "vic": {
        "price": 3.85,
        "promoText": " ",
        "packageSize": "100 pack",
        "packagePrice": "$0.04 per 1Ea"
      }
    }
  },
  {
    "id": "equal-sweetener-tablets-refill",
    "brand": "Equal",
    "name": "Sweetener Tablets Refill",
    "imageUrl": "https://shop.coles.com.au/wcsstore/Coles-CAS/images/5/9/2/5927796-th.jpg",
    "categories": ["pantry"],
    "tags": ["baking", "sugar-sweteners"],
    "locations": {
      "vic": {
        "price": 12.3,
        "promoText": " ",
        "packageSize": "500 pack",
        "packagePrice": "$0.02 per 1Ea"
      }
    }
  },
  {
    "id": "hermesetas-sweetener-stevia-granular-jar",
    "brand": "Hermesetas",
    "name": "Stevia Sweet Granules",
    "imageUrl": "https://shop.coles.com.au/wcsstore/Coles-CAS/images/9/9/3/9933189-th.jpg",
    "categories": ["pantry"],
    "tags": ["baking", "sugar-sweteners"],
    "locations": {
      "vic": {
        "price": 8.15,
        "promoText": " ",
        "packageSize": "75g",
        "packagePrice": "$10.87 per 100G"
      }
    }
  },
  {
    "id": "lakanto-monkfruit-swetener-golden",
    "brand": "Lakanto",
    "name": "Monkfruit Sweetener Golden",
    "imageUrl": "https://shop.coles.com.au/wcsstore/Coles-CAS/images/3/7/7/3772000-th.jpg",
    "categories": ["pantry"],
    "tags": ["baking", "sugar-sweteners"],
    "locations": {
      "vic": {
        "price": 8.9,
        "promoText": " ",
        "packageSize": "200g",
        "packagePrice": "$4.45 per 100G"
      }
    }
  },
  {
    "id": "sugarine-sweetener-tablets-2997933p",
    "brand": "Sugarine",
    "name": "Sweetener Tablets",
    "imageUrl": "https://shop.coles.com.au/wcsstore/Coles-CAS/images/2/9/9/2997933-th.jpg",
    "categories": ["pantry"],
    "tags": ["baking", "sugar-sweteners"],
    "locations": {
      "vic": {
        "price": 5.7,
        "promoText": " ",
        "packageSize": "600 pack",
        "packagePrice": "$0.01 per 1Ea"
      }
    }
  },
  {
    "id": "csr-sugar-logicane",
    "brand": "CSR",
    "name": "Logicane Sugar",
    "imageUrl": "https://shop.coles.com.au/wcsstore/Coles-CAS/images/6/8/1/6810863-th.jpg",
    "categories": ["pantry"],
    "tags": ["baking", "sugar-sweteners"],
    "locations": {
      "vic": {
        "price": 3.3,
        "promoText": " ",
        "packageSize": "750g",
        "packagePrice": "$0.44 per 100G"
      }
    }
  },
  {
    "id": "csr-sugar-jam-setting",
    "brand": "CSR",
    "name": "Jam Setting Sugar",
    "imageUrl": "https://shop.coles.com.au/wcsstore/Coles-CAS/images/5/5/3/5535832-th.jpg",
    "categories": ["pantry"],
    "tags": ["baking", "sugar-sweteners"],
    "locations": {
      "vic": {
        "price": 2.6,
        "promoText": " ",
        "packageSize": "500g",
        "packagePrice": "$0.52 per 100G"
      }
    }
  },
  {
    "id": "sugars-of-the-world-sri-lankanrapadura-sugar",
    "brand": "CSR",
    "name": "Rapadura Sugar",
    "imageUrl": "https://shop.coles.com.au/wcsstore/Coles-CAS/images/2/2/8/2288293-th.jpg",
    "categories": ["pantry"],
    "tags": ["baking", "sugar-sweteners"],
    "locations": {
      "vic": {
        "price": 4,
        "promoText": " ",
        "packageSize": "250g",
        "packagePrice": "$1.60 per 100G"
      }
    }
  },
  {
    "id": "equal-sweetener-stevia-tablets",
    "brand": "Equal",
    "name": "Stevia Sweetener Tablets",
    "imageUrl": "https://shop.coles.com.au/wcsstore/Coles-CAS/images/7/9/0/7903802-th.jpg",
    "categories": ["pantry"],
    "tags": ["baking", "sugar-sweteners"],
    "locations": {
      "vic": {
        "price": 7.95,
        "promoText": " ",
        "packageSize": "200 pack",
        "packagePrice": "$0.04 per 1Ea"
      }
    }
  },
  {
    "id": "equal-sweetener-sachets",
    "brand": "Equal",
    "name": "Sweetener Sachets",
    "imageUrl": "https://shop.coles.com.au/wcsstore/Coles-CAS/images/5/1/3/5139256-th.jpg",
    "categories": ["pantry"],
    "tags": ["baking", "sugar-sweteners"],
    "locations": {
      "vic": {
        "price": 6.1,
        "promoText": " ",
        "packageSize": "100 pack",
        "packagePrice": "$0.06 per 1Ea"
      }
    }
  },
  {
    "id": "equal-plus-with-prebiotic",
    "brand": "Equal",
    "name": "Plus With Prebiotic",
    "imageUrl": "https://shop.coles.com.au/wcsstore/Coles-CAS/images/3/7/7/3771947-th.jpg",
    "categories": ["pantry"],
    "tags": ["baking", "sugar-sweteners"],
    "locations": {
      "vic": {
        "price": 7.9,
        "promoText": " ",
        "packageSize": "240g",
        "packagePrice": "$3.29 per 100G"
      }
    }
  },
  {
    "id": "hermesetas-granulated-swetener-jar",
    "brand": "Hermesetas",
    "name": "Granulated Sweetener Jar",
    "imageUrl": "https://shop.coles.com.au/wcsstore/Coles-CAS/images/3/2/5/3250048-th.jpg",
    "categories": ["pantry"],
    "tags": ["baking", "sugar-sweteners"],
    "locations": {
      "vic": {
        "price": 4.5,
        "promoText": "$1.20 ",
        "packageSize": "90g",
        "packagePrice": "$5.00 per 100G"
      }
    }
  },
  {
    "id": "lakanto-monkfruit-swetener-classic",
    "brand": "Lakanto",
    "name": "Monkfruit Sweetener Classic",
    "imageUrl": "https://shop.coles.com.au/wcsstore/Coles-CAS/images/3/7/7/3771991-th.jpg",
    "categories": ["pantry"],
    "tags": ["baking", "sugar-sweteners"],
    "locations": {
      "vic": {
        "price": 8.9,
        "promoText": " ",
        "packageSize": "200g",
        "packagePrice": "$4.45 per 100G"
      }
    }
  },
  {
    "id": "splenda-sweetener-sachets",
    "brand": "Splenda",
    "name": "Sweetener Sachets",
    "imageUrl": "https://shop.coles.com.au/wcsstore/Coles-CAS/images/7/4/9/7495772-th.jpg",
    "categories": ["pantry"],
    "tags": ["baking", "sugar-sweteners"],
    "locations": {
      "vic": {
        "price": 5.15,
        "promoText": "$0.95 ",
        "packageSize": "100 pack",
        "packagePrice": "$0.05 per 1Ea"
      }
    }
  },
  {
    "id": "splenda-sweetener-granular-5449923p",
    "brand": "Splenda",
    "name": "Granular Sweetener",
    "imageUrl": "https://shop.coles.com.au/wcsstore/Coles-CAS/images/5/4/4/5449923-th.jpg",
    "categories": ["pantry"],
    "tags": ["baking", "sugar-sweteners"],
    "locations": {
      "vic": {
        "price": 7.05,
        "promoText": "$1.25 ",
        "packageSize": "120g",
        "packagePrice": "$5.88 per 100G"
      }
    }
  },
  {
    "id": "sugarless-low-calorie-sweetener",
    "brand": "Sugarless",
    "name": "Low Calorie Sweetener",
    "imageUrl": "https://shop.coles.com.au/wcsstore/Coles-CAS/images/6/8/1/6811607-th.jpg",
    "categories": ["pantry"],
    "tags": ["baking", "sugar-sweteners"],
    "locations": {
      "vic": {
        "price": 6,
        "promoText": " ",
        "packageSize": "110 pack",
        "packagePrice": "$4.55 per 100G"
      }
    }
  },
  {
    "id": "whole-earth-monk-fruit-natural-swetener-sticks",
    "brand": "Whole Earth",
    "name": "Monk Fruit 100% Natural Sweetener Sticks",
    "imageUrl": "https://shop.coles.com.au/wcsstore/Coles-CAS/images/3/7/7/3771890-th.jpg",
    "categories": ["pantry"],
    "tags": ["baking", "sugar-sweteners"],
    "locations": {
      "vic": {
        "price": 4.9,
        "promoText": " ",
        "packageSize": "40 pack",
        "packagePrice": "$0.12 per 1Ea"
      }
    }
  },
  {
    "id": "whole-earth-monk-fruit-100-natural-swetener",
    "brand": "Whole Earth",
    "name": "Monk Fruit 100% Natural Sweetener",
    "imageUrl": "https://shop.coles.com.au/wcsstore/Coles-CAS/images/3/7/7/3771878-th.jpg",
    "categories": ["pantry"],
    "tags": ["baking", "sugar-sweteners"],
    "locations": {
      "vic": {
        "price": 8.5,
        "promoText": " ",
        "packageSize": "200g",
        "packagePrice": "$4.25 per 100G"
      }
    }
  },
  {
    "id": "whole-earth-baking-100-natural-swetener",
    "brand": "Whole Earth",
    "name": "Baking 100% Natural Sweetener",
    "imageUrl": "https://shop.coles.com.au/wcsstore/Coles-CAS/images/3/7/7/3771867-th.jpg",
    "categories": ["pantry"],
    "tags": ["baking", "sugar-sweteners"],
    "locations": {
      "vic": {
        "price": 11.7,
        "promoText": "$3.00 ",
        "packageSize": "600g",
        "packagePrice": "$1.95 per 100G"
      }
    }
  },
  {
    "id": "coles-smart-buy-breadcrumbs",
    "brand": "Coles",
    "name": "Smart Buy Breadcrumbs",
    "imageUrl": "https://shop.coles.com.au/wcsstore/Coles-CAS/images/9/3/0/9305277-th.jpg",
    "categories": ["pantry"],
    "tags": ["baking", "breadcrumbs-stuffing"],
    "locations": {
      "vic": {
        "price": 1.55,
        "promoText": " ",
        "packageSize": "500g",
        "packagePrice": "$0.31 per 100G"
      }
    }
  },
  {
    "id": "tip-top-breadcrumbs-krummies",
    "brand": "Tip Top",
    "name": "Krummies Breadcrumbs",
    "imageUrl": "https://shop.coles.com.au/wcsstore/Coles-CAS/images/2/9/9/299244-th.jpg",
    "categories": ["pantry"],
    "tags": ["baking", "breadcrumbs-stuffing"],
    "locations": {
      "vic": {
        "price": 3,
        "promoText": " ",
        "packageSize": "375g",
        "packagePrice": "$0.80 per 100G"
      }
    }
  },
  {
    "id": "kelloggs-corn-flakes-crumbs",
    "brand": "Kellogg's",
    "name": "Corn Flakes Crumbs",
    "imageUrl": "https://shop.coles.com.au/wcsstore/Coles-CAS/images/1/4/9/149886-th.jpg",
    "categories": ["pantry"],
    "tags": ["baking", "breadcrumbs-stuffing"],
    "locations": {
      "vic": {
        "price": 3.2,
        "promoText": " ",
        "packageSize": "300g",
        "packagePrice": "$1.07 per 100G"
      }
    }
  },
  {
    "id": "kooka-a-krumb-breadcrumbs-panko",
    "brand": "Kooka A Krumb",
    "name": "Panko Breadcrumbs",
    "imageUrl": "https://shop.coles.com.au/wcsstore/Coles-CAS/images/1/4/3/1437230-th.jpg",
    "categories": ["pantry"],
    "tags": ["baking", "breadcrumbs-stuffing"],
    "locations": {
      "vic": {
        "price": 3,
        "promoText": " ",
        "packageSize": "190g",
        "packagePrice": "$1.58 per 100G"
      }
    }
  },
  {
    "id": "anchor-breadcrumbs",
    "brand": "Anchor",
    "name": "Bread Crumbs",
    "imageUrl": "https://shop.coles.com.au/wcsstore/Coles-CAS/images/3/2/4/3244963-th.jpg",
    "categories": ["pantry"],
    "tags": ["baking", "breadcrumbs-stuffing"],
    "locations": {
      "vic": {
        "price": 4.1,
        "promoText": " ",
        "packageSize": "750g",
        "packagePrice": "$0.55 per 100G"
      }
    }
  },
  {
    "id": "kook-a-crumb-herb-garlic-bread-crumbs",
    "brand": "Kook 'A' Crumb",
    "name": "Herb & Garlic Bread Crumbs",
    "imageUrl": "https://shop.coles.com.au/wcsstore/Coles-CAS/images/8/2/6/8263310-th.jpg",
    "categories": ["pantry"],
    "tags": ["baking", "breadcrumbs-stuffing"],
    "locations": {
      "vic": {
        "price": 2.5,
        "promoText": " ",
        "packageSize": "200g",
        "packagePrice": "$1.25 per 100G"
      }
    }
  },
  {
    "id": "coles-smart-buy-stuffing-mix-seasoned",
    "brand": "Coles",
    "name": "Seasoned Stuffing Mix",
    "imageUrl": "https://shop.coles.com.au/wcsstore/Coles-CAS/images/1/9/4/194133-th.jpg",
    "categories": ["pantry"],
    "tags": ["baking", "breadcrumbs-stuffing"],
    "locations": {
      "vic": {
        "price": 1.35,
        "promoText": " ",
        "packageSize": "200g",
        "packagePrice": "$0.68 per 100G"
      }
    }
  },
  {
    "id": "tandaco-coating-mix-southern-fried-chicken",
    "brand": "Tandaco",
    "name": "Southern Fried Chicken Coating Mix",
    "imageUrl": "https://shop.coles.com.au/wcsstore/Coles-CAS/images/5/1/3/5134682-th.jpg",
    "categories": ["pantry"],
    "tags": ["baking", "breadcrumbs-stuffing"],
    "locations": {
      "vic": {
        "price": 2,
        "promoText": " ",
        "packageSize": "75g",
        "packagePrice": "$2.67 per 100G"
      }
    }
  },
  {
    "id": "tandaco-stuffing-mix-seasoned",
    "brand": "Tandaco",
    "name": "Stuffing Mix Seasoned",
    "imageUrl": "https://shop.coles.com.au/wcsstore/Coles-CAS/images/5/1/3/5138140-th.jpg",
    "categories": ["pantry"],
    "tags": ["baking", "breadcrumbs-stuffing"],
    "locations": {
      "vic": {
        "price": 2.45,
        "promoText": " ",
        "packageSize": "200g",
        "packagePrice": "$1.23 per 100G"
      }
    }
  },
  {
    "id": "mary-macks-batter-mix-instant",
    "brand": "Mary Macks",
    "name": "Instant Batter Mix",
    "imageUrl": "https://shop.coles.com.au/wcsstore/Coles-CAS/images/5/3/6/5361764-th.jpg",
    "categories": ["pantry"],
    "tags": ["baking", "breadcrumbs-stuffing"],
    "locations": {
      "vic": {
        "price": 2,
        "promoText": "$0.50 ",
        "packageSize": "150g",
        "packagePrice": "$1.33 per 100G"
      }
    }
  },
  {
    "id": "tandaco-coating-mix-seasoned-chicken",
    "brand": "Tandaco",
    "name": "Coating Mix For Seasoned Chicken",
    "imageUrl": "https://shop.coles.com.au/wcsstore/Coles-CAS/images/5/1/3/5134707-th.jpg",
    "categories": ["pantry"],
    "tags": ["baking", "breadcrumbs-stuffing"],
    "locations": {
      "vic": {
        "price": 2,
        "promoText": " ",
        "packageSize": "75g",
        "packagePrice": "$2.67 per 100G"
      }
    }
  },
  {
    "id": "tandaco-stuffing-mix-sage-onion",
    "brand": "Tandaco",
    "name": "Sage & Onion Stuffing Mix",
    "imageUrl": "https://shop.coles.com.au/wcsstore/Coles-CAS/images/5/1/2/5123711-th.jpg",
    "categories": ["pantry"],
    "tags": ["baking", "breadcrumbs-stuffing"],
    "locations": {
      "vic": {
        "price": 2.45,
        "promoText": " ",
        "packageSize": "200g",
        "packagePrice": "$1.23 per 100G"
      }
    }
  },
  {
    "id": "tandaco-coating-mix-seasoned-fish",
    "brand": "Tandaco",
    "name": "Seasoned Fish Coating Mix",
    "imageUrl": "https://shop.coles.com.au/wcsstore/Coles-CAS/images/5/1/3/5134693-th.jpg",
    "categories": ["pantry"],
    "tags": ["baking", "breadcrumbs-stuffing"],
    "locations": {
      "vic": {
        "price": 2,
        "promoText": " ",
        "packageSize": "75g",
        "packagePrice": "$2.67 per 100G"
      }
    }
  },
  {
    "id": "tandaco-coating-mix-salt-and-pepper",
    "brand": "Tandaco",
    "name": "Salt And Pepper Coating Mix",
    "imageUrl": "https://shop.coles.com.au/wcsstore/Coles-CAS/images/1/4/3/1433171-th.jpg",
    "categories": ["pantry"],
    "tags": ["baking", "breadcrumbs-stuffing"],
    "locations": {
      "vic": {
        "price": 2,
        "promoText": " ",
        "packageSize": "75g",
        "packagePrice": "$2.67 per 100G"
      }
    }
  },
  {
    "id": "white-wings-seasoning-mix-hamburger-helper",
    "brand": "White Wings",
    "name": "Hamburger Helper Seasoning Mix",
    "imageUrl": "https://shop.coles.com.au/wcsstore/Coles-CAS/images/1/6/2/162862-th.jpg",
    "categories": ["pantry"],
    "tags": ["baking", "breadcrumbs-stuffing"],
    "locations": {
      "vic": {
        "price": 3.1,
        "promoText": " ",
        "packageSize": "110g",
        "packagePrice": "$2.82 per 100G"
      }
    }
  },
  {
    "id": "wards-baking-powder",
    "brand": "Wards",
    "name": "Baking Powder Gluten Free",
    "imageUrl": "https://shop.coles.com.au/wcsstore/Coles-CAS/images/5/1/1/5110298-th.jpg",
    "categories": ["pantry"],
    "tags": ["baking", "yeast-baking-agents"],
    "locations": {
      "vic": {
        "price": 2.5,
        "promoText": " ",
        "packageSize": "125g",
        "packagePrice": "$2.00 per 100G"
      }
    }
  },
  {
    "id": "mckenzies-bicarbonate-soda-473953p",
    "brand": "McKenzie's",
    "name": "Bicarbonate Soda",
    "imageUrl": "https://shop.coles.com.au/wcsstore/Coles-CAS/images/4/7/3/473953-th.jpg",
    "categories": ["pantry"],
    "tags": ["baking", "yeast-baking-agents"],
    "locations": {
      "vic": {
        "price": 2.3,
        "promoText": " ",
        "packageSize": "500g",
        "packagePrice": "$0.46 per 100G"
      }
    }
  },
  {
    "id": "coles-bi-carbonate-soda",
    "brand": "Coles",
    "name": "Bi Carbonate Soda",
    "imageUrl": "https://shop.coles.com.au/wcsstore/Coles-CAS/images/2/2/7/2275666-th.jpg",
    "categories": ["pantry"],
    "tags": ["baking", "yeast-baking-agents"],
    "locations": {
      "vic": {
        "price": 1.8,
        "promoText": " ",
        "packageSize": "500g",
        "packagePrice": "$0.36 per 100G"
      }
    }
  },
  {
    "id": "mckenzies-bicarbonate-soda",
    "brand": "McKenzie's",
    "name": "Bicarbonate Soda",
    "imageUrl": "https://shop.coles.com.au/wcsstore/Coles-CAS/images/5/2/2/5226882-th.jpg",
    "categories": ["pantry"],
    "tags": ["baking", "yeast-baking-agents"],
    "locations": {
      "vic": {
        "price": 3.5,
        "promoText": " ",
        "packageSize": "1kg",
        "packagePrice": "$0.35 per 100G"
      }
    }
  },
  {
    "id": "mckenzies-citric-acid",
    "brand": "McKenzie's",
    "name": "Citric Acid",
    "imageUrl": "https://shop.coles.com.au/wcsstore/Coles-CAS/images/7/0/6/7065773-th.jpg",
    "categories": ["pantry"],
    "tags": ["baking", "yeast-baking-agents"],
    "locations": {
      "vic": {
        "price": 2.3,
        "promoText": " ",
        "packageSize": "75g",
        "packagePrice": "$3.07 per 100G"
      }
    }
  },
  {
    "id": "mckenzies-cream-of-tartar",
    "brand": "McKenzie's",
    "name": "Cream Of Tartar",
    "imageUrl": "https://shop.coles.com.au/wcsstore/Coles-CAS/images/4/1/7/4176326-th.jpg",
    "categories": ["pantry"],
    "tags": ["baking", "yeast-baking-agents"],
    "locations": {
      "vic": {
        "price": 3.6,
        "promoText": " ",
        "packageSize": "125g",
        "packagePrice": "$2.88 per 100G"
      }
    }
  },
  {
    "id": "mckenzies-baking-powder",
    "brand": "Mckenzie's",
    "name": "Gluten Free Baking Powder",
    "imageUrl": "https://shop.coles.com.au/wcsstore/Coles-CAS/images/2/7/7/2777664-th.jpg",
    "categories": ["pantry"],
    "tags": ["baking", "yeast-baking-agents"],
    "locations": {
      "vic": {
        "price": 5,
        "promoText": " ",
        "packageSize": "300g",
        "packagePrice": "$1.67 per 100G"
      }
    }
  },
  {
    "id": "mckenzies-bicarbonate-soda-canister",
    "brand": "McKenzie's",
    "name": "Bicarbonate Soda Canister",
    "imageUrl": "https://shop.coles.com.au/wcsstore/Coles-CAS/images/5/8/2/5824818-th.jpg",
    "categories": ["pantry"],
    "tags": ["baking", "yeast-baking-agents"],
    "locations": {
      "vic": {
        "price": 3.95,
        "promoText": " ",
        "packageSize": "350g",
        "packagePrice": "$1.13 per 100G"
      }
    }
  },
  {
    "id": "mckenzies-arrowroot",
    "brand": "McKenzie's",
    "name": "Arrowroot",
    "imageUrl": "https://shop.coles.com.au/wcsstore/Coles-CAS/images/4/4/8/4480054-th.jpg",
    "categories": ["pantry"],
    "tags": ["baking", "yeast-baking-agents"],
    "locations": {
      "vic": {
        "price": 1.55,
        "promoText": " ",
        "packageSize": "175g",
        "packagePrice": "$0.89 per 100G"
      }
    }
  },
  {
    "id": "mckenzies-gelatine-leaves",
    "brand": "McKenzie's",
    "name": "Gelatine Leaves",
    "imageUrl": "https://shop.coles.com.au/wcsstore/Coles-CAS/images/9/8/8/9889848-th.jpg",
    "categories": ["pantry"],
    "tags": ["baking", "yeast-baking-agents"],
    "locations": {
      "vic": {
        "price": 5,
        "promoText": " ",
        "packageSize": "20g",
        "packagePrice": "$25.00 per 100G"
      }
    }
  },
  {
    "id": "fowlers-jamsetta",
    "brand": "Fowlers",
    "name": "Vacola Jamsetta with Pectin",
    "imageUrl": "https://shop.coles.com.au/wcsstore/Coles-CAS/images/1/2/0/120454-th.jpg",
    "categories": ["pantry"],
    "tags": ["baking", "yeast-baking-agents"],
    "locations": {
      "vic": {
        "price": 1.85,
        "promoText": " ",
        "packageSize": "50g",
        "packagePrice": "$3.70 per 100G"
      }
    }
  },
  {
    "id": "fowlers-vacola-jam-covers",
    "brand": "Fowlers",
    "name": "Vacola Jam Covers",
    "imageUrl": "https://shop.coles.com.au/wcsstore/Coles-CAS/images/2/1/7/217986-th.jpg",
    "categories": ["pantry"],
    "tags": ["baking", "yeast-baking-agents"],
    "locations": {
      "vic": {
        "price": 1.6,
        "promoText": " ",
        "packageSize": "24 pack",
        "packagePrice": "$0.07 per 1Ea"
      }
    }
  },
  {
    "id": "queen-writing-icing-colours-5-pack",
    "brand": "Queen",
    "name": "Writing Icing Multipack Colour Tubes 5 pack",
    "imageUrl": "https://shop.coles.com.au/wcsstore/Coles-CAS/images/1/9/6/1965080-th.jpg",
    "categories": ["pantry"],
    "tags": ["baking", "yeast-baking-agents"],
    "locations": {
      "vic": {
        "price": 5,
        "promoText": " ",
        "packageSize": "105g",
        "packagePrice": "$4.76 per 100G"
      }
    }
  },
  {
    "id": "dr-oetker-gelatine-pwder",
    "brand": "Queen",
    "name": "Gelatine Powder",
    "imageUrl": "https://shop.coles.com.au/wcsstore/Coles-CAS/images/2/5/1/2515238-th.jpg",
    "categories": ["pantry"],
    "tags": ["baking", "yeast-baking-agents"],
    "locations": {
      "vic": {
        "price": 2.3,
        "promoText": " ",
        "packageSize": "36g",
        "packagePrice": "$6.39 per 100G"
      }
    }
  },
  {
    "id": "tandaco-suet-mix-prepared",
    "brand": "Tandaco",
    "name": "Prepared Suet Mix",
    "imageUrl": "https://shop.coles.com.au/wcsstore/Coles-CAS/images/5/1/3/5133351-th.jpg",
    "categories": ["pantry"],
    "tags": ["baking", "yeast-baking-agents"],
    "locations": {
      "vic": {
        "price": 5.3,
        "promoText": " ",
        "packageSize": "250g",
        "packagePrice": "$2.12 per 100G"
      }
    }
  },
  {
    "id": "wards-gelatine",
    "brand": "Wards",
    "name": "Gelatine",
    "imageUrl": "https://shop.coles.com.au/wcsstore/Coles-CAS/images/9/0/8/9083120-th.jpg",
    "categories": ["pantry"],
    "tags": ["baking", "yeast-baking-agents"],
    "locations": {
      "vic": {
        "price": 3.7,
        "promoText": " ",
        "packageSize": "100g",
        "packagePrice": "$3.70 per 100G"
      }
    }
  },
  {
    "id": "betty-crocker-frosting-vanilla-creamy",
    "brand": "Betty Crocker",
    "name": "Creamy Deluxe Vanilla Frosting",
    "imageUrl": "https://shop.coles.com.au/wcsstore/Coles-CAS/images/5/2/3/5238473-th.jpg",
    "categories": ["pantry"],
    "tags": ["baking", "cake-decorating"],
    "locations": {
      "vic": {
        "price": 4,
        "promoText": "Was $5.00 on Mar 2019 ",
        "packageSize": "400g",
        "packagePrice": "$1.00 per 100G"
      }
    }
  },
  {
    "id": "betty-crocker-frosting-milk-chocolate",
    "brand": "Betty Crocker",
    "name": "Creamy Deluxe Milk Chocolate Frosting",
    "imageUrl": "https://shop.coles.com.au/wcsstore/Coles-CAS/images/5/2/3/5238462-th.jpg",
    "categories": ["pantry"],
    "tags": ["baking", "cake-decorating"],
    "locations": {
      "vic": {
        "price": 4,
        "promoText": "Was $5.00 on Mar 2019 ",
        "packageSize": "400g",
        "packagePrice": "$10.00 per 1Kg"
      }
    }
  },
  {
    "id": "coles-100s-1000s",
    "brand": "Coles",
    "name": "100's & 1000's",
    "imageUrl": "https://shop.coles.com.au/wcsstore/Coles-CAS/images/2/4/4/2441776-th.jpg",
    "categories": ["pantry"],
    "tags": ["baking", "cake-decorating"],
    "locations": {
      "vic": {
        "price": 4.5,
        "promoText": " ",
        "packageSize": "350g",
        "packagePrice": "$1.29 per 100G"
      }
    }
  },
  {
    "id": "coles-pink-white-mallows",
    "brand": "Coles",
    "name": "Pink & White Mallows",
    "imageUrl": "https://shop.coles.com.au/wcsstore/Coles-CAS/images/2/4/4/2441652-th.jpg",
    "categories": ["pantry"],
    "tags": ["baking", "cake-decorating"],
    "locations": {
      "vic": {
        "price": 2,
        "promoText": " ",
        "packageSize": "100g",
        "packagePrice": "$2.00 per 100G"
      }
    }
  },
  {
    "id": "coles-cake-board-10-inch-2-pack",
    "brand": "Coles",
    "name": "Cake Board 10 Inch 2 pack",
    "imageUrl": "https://shop.coles.com.au/wcsstore/Coles-CAS/images/2/4/4/2441801-th.jpg",
    "categories": ["pantry"],
    "tags": ["baking", "cake-decorating"],
    "locations": {
      "vic": {
        "price": 3,
        "promoText": " ",
        "packageSize": "2 pack",
        "packagePrice": "$1.50 per 1Ea"
      }
    }
  },
  {
    "id": "coles-colourful-birthday-candle",
    "brand": "Coles",
    "name": "Colourful Birthday Candle 3 Pieces",
    "imageUrl": "https://shop.coles.com.au/wcsstore/Coles-CAS/images/3/5/6/3566868-th.jpg",
    "categories": ["pantry"],
    "tags": ["baking", "cake-decorating"],
    "locations": {
      "vic": {
        "price": 3,
        "promoText": " ",
        "packageSize": "1 pack",
        "packagePrice": "$3.00 per 1Ea"
      }
    }
  },
  {
    "id": "coles-rainbow-sprinkles",
    "brand": "Coles",
    "name": "Rainbow Sprinkles",
    "imageUrl": "https://shop.coles.com.au/wcsstore/Coles-CAS/images/2/4/4/2441765-th.jpg",
    "categories": ["pantry"],
    "tags": ["baking", "cake-decorating"],
    "locations": {
      "vic": {
        "price": 4.5,
        "promoText": " ",
        "packageSize": "200g",
        "packagePrice": "$2.25 per 100G"
      }
    }
  },
  {
    "id": "coles-white-patty-pans",
    "brand": "Coles",
    "name": "White Patty Pans",
    "imageUrl": "https://shop.coles.com.au/wcsstore/Coles-CAS/images/2/4/4/2442054-th.jpg",
    "categories": ["pantry"],
    "tags": ["baking", "cake-decorating"],
    "locations": {
      "vic": {
        "price": 3.5,
        "promoText": " ",
        "packageSize": "100 pack",
        "packagePrice": "$0.04 per 1Ea"
      }
    }
  },
  {
    "id": "coles-piping-kit-bag",
    "brand": "Coles",
    "name": "Piping Kit Bag",
    "imageUrl": "https://shop.coles.com.au/wcsstore/Coles-CAS/images/2/4/4/2442440-th.jpg",
    "categories": ["pantry"],
    "tags": ["baking", "cake-decorating"],
    "locations": {
      "vic": {
        "price": 3.5,
        "promoText": " ",
        "packageSize": "1 pack",
        "packagePrice": "$3.50 per 1Ea"
      }
    }
  },
  {
    "id": "coles-polka-dot-patty-pans",
    "brand": "Coles",
    "name": "Polka Dot Patty Pans",
    "imageUrl": "https://shop.coles.com.au/wcsstore/Coles-CAS/images/2/4/4/2442291-th.jpg",
    "categories": ["pantry"],
    "tags": ["baking", "cake-decorating"],
    "locations": {
      "vic": {
        "price": 3.5,
        "promoText": " ",
        "packageSize": "100 pack",
        "packagePrice": "$0.04 per 1Ea"
      }
    }
  },
  {
    "id": "coles-polka-dot-mini-patty-pans",
    "brand": "Coles",
    "name": "Mini Polka Dot Patty Pans",
    "imageUrl": "https://shop.coles.com.au/wcsstore/Coles-CAS/images/2/4/4/2442360-th.jpg",
    "categories": ["pantry"],
    "tags": ["baking", "cake-decorating"],
    "locations": {
      "vic": {
        "price": 2.5,
        "promoText": " ",
        "packageSize": "100 pack",
        "packagePrice": "$0.03 per 1Ea"
      }
    }
  },
  {
    "id": "coles-muffin-wraps",
    "brand": "Coles",
    "name": "Muffin Wraps",
    "imageUrl": "https://shop.coles.com.au/wcsstore/Coles-CAS/images/2/4/4/2442429-th.jpg",
    "categories": ["pantry"],
    "tags": ["baking", "cake-decorating"],
    "locations": {
      "vic": {
        "price": 3.5,
        "promoText": " ",
        "packageSize": "36 pack",
        "packagePrice": "$0.10 per 1Ea"
      }
    }
  },
  {
    "id": "coles-rainbow-cupcake-kit",
    "brand": "Coles",
    "name": "Rainbow Cupcake Kit",
    "imageUrl": "https://shop.coles.com.au/wcsstore/Coles-CAS/images/3/5/6/3566799-th.jpg",
    "categories": ["pantry"],
    "tags": ["baking", "cake-decorating"],
    "locations": {
      "vic": {
        "price": 3.5,
        "promoText": " ",
        "packageSize": "24 pack",
        "packagePrice": "$0.15 per 1Ea"
      }
    }
  },
  {
    "id": "coles-bright-party-candles",
    "brand": "Coles",
    "name": "Bright Party Candles 16 Pieces",
    "imageUrl": "https://shop.coles.com.au/wcsstore/Coles-CAS/images/3/5/6/3566890-th.jpg",
    "categories": ["pantry"],
    "tags": ["baking", "cake-decorating"],
    "locations": {
      "vic": {
        "price": 3,
        "promoText": " ",
        "packageSize": "1 pack",
        "packagePrice": "$3.00 per 1Ea"
      }
    }
  },
  {
    "id": "dr-oetker-hundreds-thousands",
    "brand": "Queen",
    "name": "Hundreds & Thousands",
    "imageUrl": "https://shop.coles.com.au/wcsstore/Coles-CAS/images/2/5/1/2514790-th.jpg",
    "categories": ["pantry"],
    "tags": ["baking", "cake-decorating"],
    "locations": {
      "vic": {
        "price": 2,
        "promoText": "Any 2 $3",
        "packageSize": "65g",
        "packagePrice": "$3.08 per 100G"
      }
    }
  },
  {
    "id": "queen-meringue-and-pavlova-mix",
    "brand": "Queen",
    "name": "Meringue And Pavlova Mix",
    "imageUrl": "https://shop.coles.com.au/wcsstore/Coles-CAS/images/3/5/9/3591140-th.jpg",
    "categories": ["pantry"],
    "tags": ["baking", "cake-decorating"],
    "locations": {
      "vic": {
        "price": 4.5,
        "promoText": " ",
        "packageSize": "300g",
        "packagePrice": "$1.50 per 100G"
      }
    }
  },
  {
    "id": "betty-crocker-frosting-salted-caramel",
    "brand": "Betty Crocker",
    "name": "Salted Caramel Flavoured Frosting",
    "imageUrl": "https://shop.coles.com.au/wcsstore/Coles-CAS/images/3/4/9/3496580-th.jpg",
    "categories": ["pantry"],
    "tags": ["baking", "cake-decorating"],
    "locations": {
      "vic": {
        "price": 4,
        "promoText": "Was $5.00 on Mar 2019 ",
        "packageSize": "400g",
        "packagePrice": "$1.00 per 100G"
      }
    }
  },
  {
    "id": "betty-crocker-frosting-chocolate-hazelnut",
    "brand": "Betty Crocker",
    "name": "Chocolate & Hazelnut Frosting",
    "imageUrl": "https://shop.coles.com.au/wcsstore/Coles-CAS/images/3/4/9/3496591-th.jpg",
    "categories": ["pantry"],
    "tags": ["baking", "cake-decorating"],
    "locations": {
      "vic": {
        "price": 4,
        "promoText": "Was $5.00 on Mar 2019 ",
        "packageSize": "400g",
        "packagePrice": "$1.00 per 100G"
      }
    }
  },
  {
    "id": "blackwood-lane-icing-marzipan",
    "brand": "Blackwood Lane",
    "name": "Marzipan Icing",
    "imageUrl": "https://shop.coles.com.au/wcsstore/Coles-CAS/images/8/0/1/8010020-th.jpg",
    "categories": ["pantry"],
    "tags": ["baking", "cake-decorating"],
    "locations": {
      "vic": {
        "price": 4.85,
        "promoText": " ",
        "packageSize": "250g",
        "packagePrice": "$1.94 per 100G"
      }
    }
  },
  {
    "id": "coles-silver-cachous",
    "brand": "Coles",
    "name": "Silver Cachous",
    "imageUrl": "https://shop.coles.com.au/wcsstore/Coles-CAS/images/2/5/1/2518305-th.jpg",
    "categories": ["pantry"],
    "tags": ["baking", "cake-decorating"],
    "locations": {
      "vic": {
        "price": 5,
        "promoText": " ",
        "packageSize": "85g",
        "packagePrice": "$5.88 per 100G"
      }
    }
  },
  {
    "id": "coles-rainbow-mallows",
    "brand": "Coles",
    "name": "Rainbow Mallows",
    "imageUrl": "https://shop.coles.com.au/wcsstore/Coles-CAS/images/2/4/4/2441641-th.jpg",
    "categories": ["pantry"],
    "tags": ["baking", "cake-decorating"],
    "locations": {
      "vic": {
        "price": 2,
        "promoText": " ",
        "packageSize": "100g",
        "packagePrice": "$2.00 per 100G"
      }
    }
  },
  {
    "id": "coles-silver-patty-pans",
    "brand": "Coles",
    "name": "Silver Patty Pans",
    "imageUrl": "https://shop.coles.com.au/wcsstore/Coles-CAS/images/2/4/4/2442032-th.jpg",
    "categories": ["pantry"],
    "tags": ["baking", "cake-decorating"],
    "locations": {
      "vic": {
        "price": 3.5,
        "promoText": " ",
        "packageSize": "100 pack",
        "packagePrice": "$0.04 per 1Ea"
      }
    }
  },
  {
    "id": "coles-modelling-paste",
    "brand": "Coles",
    "name": "Modelling Paste",
    "imageUrl": "https://shop.coles.com.au/wcsstore/Coles-CAS/images/2/4/4/2442021-th.jpg",
    "categories": ["pantry"],
    "tags": ["baking", "cake-decorating"],
    "locations": {
      "vic": {
        "price": 4.5,
        "promoText": " ",
        "packageSize": "250g",
        "packagePrice": "$1.80 per 100G"
      }
    }
  },
  {
    "id": "coles-ready-to-roll-black-icing",
    "brand": "Coles",
    "name": "Ready to Roll Black Icing",
    "imageUrl": "https://shop.coles.com.au/wcsstore/Coles-CAS/images/2/4/4/2442010-th.jpg",
    "categories": ["pantry"],
    "tags": ["baking", "cake-decorating"],
    "locations": {
      "vic": {
        "price": 3.5,
        "promoText": " ",
        "packageSize": "250g",
        "packagePrice": "$1.40 per 100G"
      }
    }
  },
  {
    "id": "coles-ready-to-roll-yellow-icing",
    "brand": "Coles",
    "name": "Ready to Roll Yellow Icing",
    "imageUrl": "https://shop.coles.com.au/wcsstore/Coles-CAS/images/2/4/4/2441991-th.jpg",
    "categories": ["pantry"],
    "tags": ["baking", "cake-decorating"],
    "locations": {
      "vic": {
        "price": 3.5,
        "promoText": " ",
        "packageSize": "250g",
        "packagePrice": "$1.40 per 100G"
      }
    }
  },
  {
    "id": "coles-ready-to-roll-white-icing",
    "brand": "Coles",
    "name": "Ready to Roll White Icing",
    "imageUrl": "https://shop.coles.com.au/wcsstore/Coles-CAS/images/2/4/4/2441936-th.jpg",
    "categories": ["pantry"],
    "tags": ["baking", "cake-decorating"],
    "locations": {
      "vic": {
        "price": 4.5,
        "promoText": " ",
        "packageSize": "500g",
        "packagePrice": "$0.90 per 100G"
      }
    }
  },
  {
    "id": "coles-mini-flower-icing-figurines",
    "brand": "Coles",
    "name": "Mini Flower Icing Figurines",
    "imageUrl": "https://shop.coles.com.au/wcsstore/Coles-CAS/images/2/4/4/2441572-th.jpg",
    "categories": ["pantry"],
    "tags": ["baking", "cake-decorating"],
    "locations": {
      "vic": {
        "price": 3.5,
        "promoText": " ",
        "packageSize": "8g",
        "packagePrice": "$43.75 per 100G"
      }
    }
  },
  {
    "id": "coles-rose-icing-figurines",
    "brand": "Coles",
    "name": "Rose Icing Figurines",
    "imageUrl": "https://shop.coles.com.au/wcsstore/Coles-CAS/images/2/4/4/2441561-th.jpg",
    "categories": ["pantry"],
    "tags": ["baking", "cake-decorating"],
    "locations": {
      "vic": {
        "price": 3.5,
        "promoText": " ",
        "packageSize": "12g",
        "packagePrice": "$29.17 per 100G"
      }
    }
  },
  {
    "id": "coles-ready-to-roll-red-icing",
    "brand": "Coles",
    "name": "Ready to Roll Red Icing",
    "imageUrl": "https://shop.coles.com.au/wcsstore/Coles-CAS/images/2/4/4/2442000-th.jpg",
    "categories": ["pantry"],
    "tags": ["baking", "cake-decorating"],
    "locations": {
      "vic": {
        "price": 3.5,
        "promoText": " ",
        "packageSize": "250g",
        "packagePrice": "$1.40 per 100G"
      }
    }
  },
  {
    "id": "coles-white-fondant",
    "brand": "Coles",
    "name": "White Fondant",
    "imageUrl": "https://shop.coles.com.au/wcsstore/Coles-CAS/images/2/7/4/2744869-th.jpg",
    "categories": ["pantry"],
    "tags": ["baking", "cake-decorating"],
    "locations": {
      "vic": {
        "price": 8,
        "promoText": " ",
        "packageSize": "1kg",
        "packagePrice": "$0.80 per 100G"
      }
    }
  },
  {
    "id": "coles-mini-jazzies",
    "brand": "Coles",
    "name": "Mini Jazzies",
    "imageUrl": "https://shop.coles.com.au/wcsstore/Coles-CAS/images/2/7/4/2745012-th.jpg",
    "categories": ["pantry"],
    "tags": ["baking", "cake-decorating"],
    "locations": {
      "vic": {
        "price": 4,
        "promoText": " ",
        "packageSize": "50g",
        "packagePrice": "$8.00 per 100G"
      }
    }
  },
  {
    "id": "coles-chocolate-soft-set-icing",
    "brand": "Coles",
    "name": "Chocolate Soft Set Icing",
    "imageUrl": "https://shop.coles.com.au/wcsstore/Coles-CAS/images/2/7/4/2745125-th.jpg",
    "categories": ["pantry"],
    "tags": ["baking", "cake-decorating"],
    "locations": {
      "vic": {
        "price": 4,
        "promoText": " ",
        "packageSize": "400g",
        "packagePrice": "$1.00 per 100G"
      }
    }
  },
  {
    "id": "coles-vanilla-soft-set-icing",
    "brand": "Coles",
    "name": "Vanilla Soft Set Icing",
    "imageUrl": "https://shop.coles.com.au/wcsstore/Coles-CAS/images/2/7/4/2745089-th.jpg",
    "categories": ["pantry"],
    "tags": ["baking", "cake-decorating"],
    "locations": {
      "vic": {
        "price": 4,
        "promoText": " ",
        "packageSize": "400g",
        "packagePrice": "$1.00 per 100G"
      }
    }
  },
  {
    "id": "coles-chocolate-sprinkles",
    "brand": "Coles",
    "name": "Choc Sprinkles",
    "imageUrl": "https://shop.coles.com.au/wcsstore/Coles-CAS/images/3/0/2/3024130-th.jpg",
    "categories": ["pantry"],
    "tags": ["baking", "cake-decorating"],
    "locations": {
      "vic": {
        "price": 4.5,
        "promoText": " ",
        "packageSize": "250g",
        "packagePrice": "$0.18 per 10G"
      }
    }
  },
  {
    "id": "coles-marzipan",
    "brand": "Coles",
    "name": "Marzipan Ready to Roll",
    "imageUrl": "https://shop.coles.com.au/wcsstore/Coles-CAS/images/3/0/2/3024195-th.jpg",
    "categories": ["pantry"],
    "tags": ["baking", "cake-decorating"],
    "locations": {
      "vic": {
        "price": 8,
        "promoText": " ",
        "packageSize": "500g",
        "packagePrice": "$1.60 per 100G"
      }
    }
  },
  {
    "id": "coles-tropical-decorations",
    "brand": "Coles",
    "name": "Tropical Decorations 12 Pieces",
    "imageUrl": "https://shop.coles.com.au/wcsstore/Coles-CAS/images/3/5/6/3566052-th.jpg",
    "categories": ["pantry"],
    "tags": ["baking", "cake-decorating"],
    "locations": {
      "vic": {
        "price": 3,
        "promoText": " ",
        "packageSize": "8g",
        "packagePrice": "$3.75 per 10G"
      }
    }
  },
  {
    "id": "coles-fantasy-sprinkles",
    "brand": "Coles",
    "name": "Unicorn Fantasy Sprinkles Jar",
    "imageUrl": "https://shop.coles.com.au/wcsstore/Coles-CAS/images/3/5/6/3568003-th.jpg",
    "categories": ["pantry"],
    "tags": ["baking", "cake-decorating"],
    "locations": {
      "vic": {
        "price": 5.8,
        "promoText": " ",
        "packageSize": "105g",
        "packagePrice": "$5.52 per 100G"
      }
    }
  },
  {
    "id": "coles-mermaid-cupcake-kit",
    "brand": "Coles",
    "name": "Mermaid Cupcake Kit",
    "imageUrl": "https://shop.coles.com.au/wcsstore/Coles-CAS/images/3/5/6/3566835-th.jpg",
    "categories": ["pantry"],
    "tags": ["baking", "cake-decorating"],
    "locations": {
      "vic": {
        "price": 3.5,
        "promoText": " ",
        "packageSize": "24 pack",
        "packagePrice": "$0.15 per 1Ea"
      }
    }
  },
  {
    "id": "coles-unicorn-cupcake-kit",
    "brand": "Coles",
    "name": "Unicorn Cupcake Kit",
    "imageUrl": "https://shop.coles.com.au/wcsstore/Coles-CAS/images/3/5/6/3566813-th.jpg",
    "categories": ["pantry"],
    "tags": ["baking", "cake-decorating"],
    "locations": {
      "vic": {
        "price": 3.5,
        "promoText": " ",
        "packageSize": "24 pack",
        "packagePrice": "$0.15 per 1Ea"
      }
    }
  },
  {
    "id": "coles-honeycomb-crunch-sprinkles",
    "brand": "Coles",
    "name": "Honeycomb Crunch Sprinkles",
    "imageUrl": "https://shop.coles.com.au/wcsstore/Coles-CAS/images/3/5/6/3568105-th.jpg",
    "categories": ["pantry"],
    "tags": ["baking", "cake-decorating"],
    "locations": {
      "vic": {
        "price": 3,
        "promoText": " ",
        "packageSize": "65g",
        "packagePrice": "$4.62 per 100G"
      }
    }
  },
  {
    "id": "coles-funfetti-sprinkles",
    "brand": "Coles",
    "name": "Funfetti Sprinkles",
    "imageUrl": "https://shop.coles.com.au/wcsstore/Coles-CAS/images/3/5/6/3568080-th.jpg",
    "categories": ["pantry"],
    "tags": ["baking", "cake-decorating"],
    "locations": {
      "vic": {
        "price": 3,
        "promoText": " ",
        "packageSize": "65g",
        "packagePrice": "$4.62 per 100G"
      }
    }
  },
  {
    "id": "coles-tropical-sprinkles",
    "brand": "Coles",
    "name": "Tropical Sprinkles Jar",
    "imageUrl": "https://shop.coles.com.au/wcsstore/Coles-CAS/images/3/5/6/3568069-th.jpg",
    "categories": ["pantry"],
    "tags": ["baking", "cake-decorating"],
    "locations": {
      "vic": {
        "price": 5.8,
        "promoText": " ",
        "packageSize": "120g",
        "packagePrice": "$4.83 per 100G"
      }
    }
  },
  {
    "id": "coles-blue-white-star-sprinkles",
    "brand": "Coles",
    "name": "Blue & White Star Sprinkles",
    "imageUrl": "https://shop.coles.com.au/wcsstore/Coles-CAS/images/3/5/6/3567984-th.jpg",
    "categories": ["pantry"],
    "tags": ["baking", "cake-decorating"],
    "locations": {
      "vic": {
        "price": 3,
        "promoText": " ",
        "packageSize": "55g",
        "packagePrice": "$5.45 per 100G"
      }
    }
  },
  {
    "id": "coles-pink-white-heart-sprinkles",
    "brand": "Coles",
    "name": "Pink & White Heart Sprinkles",
    "imageUrl": "https://shop.coles.com.au/wcsstore/Coles-CAS/images/3/5/6/3567962-th.jpg",
    "categories": ["pantry"],
    "tags": ["baking", "cake-decorating"],
    "locations": {
      "vic": {
        "price": 3,
        "promoText": " ",
        "packageSize": "55g",
        "packagePrice": "$5.45 per 100G"
      }
    }
  },
  {
    "id": "coles-eyeball-decorations",
    "brand": "Coles",
    "name": "Eyeball Decorations",
    "imageUrl": "https://shop.coles.com.au/wcsstore/Coles-CAS/images/3/5/6/3567930-th.jpg",
    "categories": ["pantry"],
    "tags": ["baking", "cake-decorating"],
    "locations": {
      "vic": {
        "price": 3.5,
        "promoText": " ",
        "packageSize": "80g",
        "packagePrice": "$4.38 per 100G"
      }
    }
  },
  {
    "id": "coles-party-cupcake-kit",
    "brand": "Coles",
    "name": "Party Cupcake Kit",
    "imageUrl": "https://shop.coles.com.au/wcsstore/Coles-CAS/images/3/5/6/3566857-th.jpg",
    "categories": ["pantry"],
    "tags": ["baking", "cake-decorating"],
    "locations": {
      "vic": {
        "price": 3.5,
        "promoText": " ",
        "packageSize": "24 pack",
        "packagePrice": "$0.15 per 1Ea"
      }
    }
  },
  {
    "id": "coles-caramel-delce-de-leche",
    "brand": "Coles",
    "name": "Caramel Dulce De Leche",
    "imageUrl": "https://shop.coles.com.au/wcsstore/Coles-CAS/images/3/5/4/3542724-th.jpg",
    "categories": ["pantry"],
    "tags": ["baking", "cake-decorating"],
    "locations": {
      "vic": {
        "price": 6,
        "promoText": " ",
        "packageSize": "430g",
        "packagePrice": "$1.40 per 100G"
      }
    }
  },
  {
    "id": "coles-tropical-candles",
    "brand": "Coles",
    "name": "Tropical Candles 6 Pieces",
    "imageUrl": "https://shop.coles.com.au/wcsstore/Coles-CAS/images/3/5/6/3566992-th.jpg",
    "categories": ["pantry"],
    "tags": ["baking", "cake-decorating"],
    "locations": {
      "vic": {
        "price": 4,
        "promoText": " ",
        "packageSize": "1 pack",
        "packagePrice": "$4.00 per 1Ea"
      }
    }
  },
  {
    "id": "coles-fantasy-candles",
    "brand": "Coles",
    "name": "Fantasy Candles 6 Pieces",
    "imageUrl": "https://shop.coles.com.au/wcsstore/Coles-CAS/images/3/5/6/3566981-th.jpg",
    "categories": ["pantry"],
    "tags": ["baking", "cake-decorating"],
    "locations": {
      "vic": {
        "price": 4,
        "promoText": " ",
        "packageSize": "1 Pack",
        "packagePrice": "$4.00 per 1Ea"
      }
    }
  },
  {
    "id": "coles-congrats!-candle-1-piece",
    "brand": "Coles",
    "name": "Congrats Candle 1 Piece",
    "imageUrl": "https://shop.coles.com.au/wcsstore/Coles-CAS/images/3/5/6/3566960-th.jpg",
    "categories": ["pantry"],
    "tags": ["baking", "cake-decorating"],
    "locations": {
      "vic": {
        "price": 3,
        "promoText": " ",
        "packageSize": "1 pack",
        "packagePrice": "$3.00 per 1Ea"
      }
    }
  },
  {
    "id": "coles-gold-silver-birthday-candles",
    "brand": "Coles",
    "name": "Gold & Silver Birthday Candles 14 Pieces",
    "imageUrl": "https://shop.coles.com.au/wcsstore/Coles-CAS/images/3/5/6/3566915-th.jpg",
    "categories": ["pantry"],
    "tags": ["baking", "cake-decorating"],
    "locations": {
      "vic": {
        "price": 4,
        "promoText": " ",
        "packageSize": "1 pack",
        "packagePrice": "$4.00 per 1Ea"
      }
    }
  },
  {
    "id": "coles-coloured-patty-pans-3566788p",
    "brand": "Coles",
    "name": "Coloured Patty Pans",
    "imageUrl": "https://shop.coles.com.au/wcsstore/Coles-CAS/images/3/5/6/3566788-th.jpg",
    "categories": ["pantry"],
    "tags": ["baking", "cake-decorating"],
    "locations": {
      "vic": {
        "price": 4,
        "promoText": " ",
        "packageSize": "1 pack",
        "packagePrice": "$0.03 per 1Ea"
      }
    }
  },
  {
    "id": "coles-patterned-party-pans",
    "brand": "Coles",
    "name": "Patterned Party Pans",
    "imageUrl": "https://shop.coles.com.au/wcsstore/Coles-CAS/images/3/5/6/3566766-th.jpg",
    "categories": ["pantry"],
    "tags": ["baking", "cake-decorating"],
    "locations": {
      "vic": {
        "price": 4,
        "promoText": " ",
        "packageSize": "1 pack",
        "packagePrice": "$0.03 per 1Ea"
      }
    }
  },
  {
    "id": "coles-bumble-bee-decorations",
    "brand": "Coles",
    "name": "Bumble Bee Decorations 32 Pieces",
    "imageUrl": "https://shop.coles.com.au/wcsstore/Coles-CAS/images/3/5/6/3566132-th.jpg",
    "categories": ["pantry"],
    "tags": ["baking", "cake-decorating"],
    "locations": {
      "vic": {
        "price": 3,
        "promoText": " ",
        "packageSize": "8g",
        "packagePrice": "$3.75 per 10G"
      }
    }
  },
  {
    "id": "coles-fantasy-decorations",
    "brand": "Coles",
    "name": "Fantasy Decorations 12 Pieces",
    "imageUrl": "https://shop.coles.com.au/wcsstore/Coles-CAS/images/3/5/6/3566096-th.jpg",
    "categories": ["pantry"],
    "tags": ["baking", "cake-decorating"],
    "locations": {
      "vic": {
        "price": 3,
        "promoText": " ",
        "packageSize": "8g",
        "packagePrice": "$3.75 per 10G"
      }
    }
  },
  {
    "id": "coles-sweet-treats-decorations",
    "brand": "Coles",
    "name": "Sweet Treats Decorations 12 Pieces",
    "imageUrl": "https://shop.coles.com.au/wcsstore/Coles-CAS/images/3/5/6/3565990-th.jpg",
    "categories": ["pantry"],
    "tags": ["baking", "cake-decorating"],
    "locations": {
      "vic": {
        "price": 3,
        "promoText": " ",
        "packageSize": "8g",
        "packagePrice": "$3.75 per 10G"
      }
    }
  },
  {
    "id": "coles-celebration-star-candles",
    "brand": "Coles",
    "name": "Celebration Star Candles 6 Pieces",
    "imageUrl": "https://shop.coles.com.au/wcsstore/Coles-CAS/images/3/5/6/3567011-th.jpg",
    "categories": ["pantry"],
    "tags": ["baking", "cake-decorating"],
    "locations": {
      "vic": {
        "price": 4,
        "promoText": " ",
        "packageSize": "1 pack",
        "packagePrice": "$4.00 per 1Ea"
      }
    }
  },
  {
    "id": "coles-pastel-party-candles",
    "brand": "Coles",
    "name": "Pastel Party Candles 16 Pieces",
    "imageUrl": "https://shop.coles.com.au/wcsstore/Coles-CAS/images/3/5/6/3566880-th.jpg",
    "categories": ["pantry"],
    "tags": ["baking", "cake-decorating"],
    "locations": {
      "vic": {
        "price": 3,
        "promoText": " ",
        "packageSize": "1 pack",
        "packagePrice": "$3.00 per 1Ea"
      }
    }
  },
  {
    "id": "coles-sports-balls-decorations",
    "brand": "Coles",
    "name": "Sports Balls Decorations 12 Pieces",
    "imageUrl": "https://shop.coles.com.au/wcsstore/Coles-CAS/images/3/5/6/3566110-th.jpg",
    "categories": ["pantry"],
    "tags": ["baking", "cake-decorating"],
    "locations": {
      "vic": {
        "price": 3,
        "promoText": " ",
        "packageSize": "12g",
        "packagePrice": "$2.50 per 10G"
      }
    }
  },
  {
    "id": "creative-kitchen-pirate-toppings",
    "brand": "Creative Kitchen",
    "name": "Pirate Toppings",
    "imageUrl": "https://shop.coles.com.au/wcsstore/Coles-CAS/images/1/9/3/1933378-th.jpg",
    "categories": ["pantry"],
    "tags": ["baking", "cake-decorating"],
    "locations": {
      "vic": {
        "price": 6,
        "promoText": " ",
        "packageSize": "145g",
        "packagePrice": "$4.14 per 100G"
      }
    }
  },
  {
    "id": "creative-kitchen-fairy-delight-toppings",
    "brand": "Creative Kitchen",
    "name": "Fairy Delight Toppings",
    "imageUrl": "https://shop.coles.com.au/wcsstore/Coles-CAS/images/1/9/3/1933389-th.jpg",
    "categories": ["pantry"],
    "tags": ["baking", "cake-decorating"],
    "locations": {
      "vic": {
        "price": 6,
        "promoText": " ",
        "packageSize": "145g",
        "packagePrice": "$4.14 per 100G"
      }
    }
  },
  {
    "id": "creative-kitchen-gold-delight-toppings",
    "brand": "Creative Kitchen",
    "name": "Gold Delight Toppings",
    "imageUrl": "https://shop.coles.com.au/wcsstore/Coles-CAS/images/2/7/7/2777802-th.jpg",
    "categories": ["pantry"],
    "tags": ["baking", "cake-decorating"],
    "locations": {
      "vic": {
        "price": 6,
        "promoText": " ",
        "packageSize": "145 gram",
        "packagePrice": "$4.14 per 100G"
      }
    }
  },
  {
    "id": "dollar-sweets-rainbow-popping-toppings",
    "brand": "Dollar Sweets",
    "name": "Popping Toppings Rainbow Crackling Candy",
    "imageUrl": "https://shop.coles.com.au/wcsstore/Coles-CAS/images/1/9/3/1930890-th.jpg",
    "categories": ["pantry"],
    "tags": ["baking", "cake-decorating"],
    "locations": {
      "vic": {
        "price": 3,
        "promoText": " ",
        "packageSize": "150g",
        "packagePrice": "$2.00 per 100G"
      }
    }
  },
  {
    "id": "dollar-sweets-chocolate-mirror-glaze",
    "brand": "Dollar Sweets",
    "name": "Chocolate Mirror Glaze",
    "imageUrl": "https://shop.coles.com.au/wcsstore/Coles-CAS/images/3/5/9/3591344-th.jpg",
    "categories": ["pantry"],
    "tags": ["baking", "cake-decorating"],
    "locations": {
      "vic": {
        "price": 8.5,
        "promoText": " ",
        "packageSize": "500g",
        "packagePrice": "$1.70 per 100G"
      }
    }
  },
  {
    "id": "dollar-sweets-edible-glitter-spray",
    "brand": "Dollar Sweets",
    "name": "Edible Glitter Gold Spray",
    "imageUrl": "https://shop.coles.com.au/wcsstore/Coles-CAS/images/3/5/9/3591286-th.jpg",
    "categories": ["pantry"],
    "tags": ["baking", "cake-decorating"],
    "locations": {
      "vic": {
        "price": 6,
        "promoText": " ",
        "packageSize": "4g",
        "packagePrice": "$150.00 per 100G"
      }
    }
  },
  {
    "id": "dollar-sweets-edible-glitter-spray-3591242p",
    "brand": "Dollar Sweets",
    "name": "Edible Glitter Silver Spray",
    "imageUrl": "https://shop.coles.com.au/wcsstore/Coles-CAS/images/3/5/9/3591242-th.jpg",
    "categories": ["pantry"],
    "tags": ["baking", "cake-decorating"],
    "locations": {
      "vic": {
        "price": 6,
        "promoText": " ",
        "packageSize": "4g",
        "packagePrice": "$150.00 per 100G"
      }
    }
  },
  {
    "id": "dollar-sweets-gold-leaf-foil",
    "brand": "Dollar Sweets",
    "name": "Gold Leaf Foil 8cm x 8cm",
    "imageUrl": "https://shop.coles.com.au/wcsstore/Coles-CAS/images/3/5/9/3591184-th.jpg",
    "categories": ["pantry"],
    "tags": ["baking", "cake-decorating"],
    "locations": {
      "vic": {
        "price": 5,
        "promoText": " ",
        "packageSize": "",
        "packagePrice": "$5.00 per 1Ea"
      }
    }
  },
  {
    "id": "dr-oetker-smiley-icing-decorations",
    "brand": "Dr Oetker",
    "name": "Smiley Icing Decorations",
    "imageUrl": "https://shop.coles.com.au/wcsstore/Coles-CAS/images/3/3/2/3322863-th.jpg",
    "categories": ["pantry"],
    "tags": ["baking", "cake-decorating"],
    "locations": {
      "vic": {
        "price": 3.5,
        "promoText": " ",
        "packageSize": "12g",
        "packagePrice": "$29.17 per 100G"
      }
    }
  },
  {
    "id": "orchard-icing-mix-prepared-white",
    "brand": "Orchard",
    "name": "Gluten Free Prepared White Icing Mix",
    "imageUrl": "https://shop.coles.com.au/wcsstore/Coles-CAS/images/1/2/0/120239-th.jpg",
    "categories": ["pantry"],
    "tags": ["baking", "cake-decorating"],
    "locations": {
      "vic": {
        "price": 4.5,
        "promoText": " ",
        "packageSize": "500g",
        "packagePrice": "$0.90 per 100G"
      }
    }
  },
  {
    "id": "dr-oetker-sugar-strands",
    "brand": "Queen",
    "name": "Sugar Strands",
    "imageUrl": "https://shop.coles.com.au/wcsstore/Coles-CAS/images/2/5/1/2514789-th.jpg",
    "categories": ["pantry"],
    "tags": ["baking", "cake-decorating"],
    "locations": {
      "vic": {
        "price": 2,
        "promoText": "Any 2 $3",
        "packageSize": "55g",
        "packagePrice": "$3.64 per 100G"
      }
    }
  },
  {
    "id": "dr-oetker-designer-white-icing",
    "brand": "Queen",
    "name": "Designer Icing White",
    "imageUrl": "https://shop.coles.com.au/wcsstore/Coles-CAS/images/2/5/1/2514610-th.jpg",
    "categories": ["pantry"],
    "tags": ["baking", "cake-decorating"],
    "locations": {
      "vic": {
        "price": 4,
        "promoText": " ",
        "packageSize": "140g",
        "packagePrice": "$2.86 per 100G"
      }
    }
  },
  {
    "id": "queen-vanilla-bean-pods",
    "brand": "Queen",
    "name": "Finest Vanilla Bean Pods 2 pack",
    "imageUrl": "https://shop.coles.com.au/wcsstore/Coles-CAS/images/2/8/7/2877079-th.jpg",
    "categories": ["pantry"],
    "tags": ["baking", "cake-decorating"],
    "locations": {
      "vic": {
        "price": 8,
        "promoText": " ",
        "packageSize": "4g",
        "packagePrice": "$20.00 per 10G"
      }
    }
  },
  {
    "id": "dr-oetker-buttercream-icing",
    "brand": "Queen",
    "name": "Buttercream Icing",
    "imageUrl": "https://shop.coles.com.au/wcsstore/Coles-CAS/images/3/0/2/3025642-th.jpg",
    "categories": ["pantry"],
    "tags": ["baking", "cake-decorating"],
    "locations": {
      "vic": {
        "price": 3.25,
        "promoText": " ",
        "packageSize": "300g",
        "packagePrice": "$1.08 per 100G"
      }
    }
  },
  {
    "id": "dr-oetker-sprinkles-unicorn-confetti",
    "brand": "Queen",
    "name": "Unicorn Confetti Sprinkles",
    "imageUrl": "https://shop.coles.com.au/wcsstore/Coles-CAS/images/3/3/2/3322852-th.jpg",
    "categories": ["pantry"],
    "tags": ["baking", "cake-decorating"],
    "locations": {
      "vic": {
        "price": 3.2,
        "promoText": "$0.80 ",
        "packageSize": "110g",
        "packagePrice": "$2.91 per 100G"
      }
    }
  },
  {
    "id": "dr-oetker-sprinkles-glamour-sparkle",
    "brand": "Queen",
    "name": "Glamour & Sparkle Sprinkles",
    "imageUrl": "https://shop.coles.com.au/wcsstore/Coles-CAS/images/3/3/2/3322750-th.jpg",
    "categories": ["pantry"],
    "tags": ["baking", "cake-decorating"],
    "locations": {
      "vic": {
        "price": 3.2,
        "promoText": "$0.80 ",
        "packageSize": "115g",
        "packagePrice": "$2.78 per 100G"
      }
    }
  },
  {
    "id": "dr-oetker-designer-incing-black",
    "brand": "Queen",
    "name": "Designer Incing Black",
    "imageUrl": "https://shop.coles.com.au/wcsstore/Coles-CAS/images/3/4/7/3477950-th.jpg",
    "categories": ["pantry"],
    "tags": ["baking", "cake-decorating"],
    "locations": {
      "vic": {
        "price": 4,
        "promoText": " ",
        "packageSize": "140g",
        "packagePrice": "$2.86 per 100G"
      }
    }
  },
  {
    "id": "queen-flavour-for-icing-dream",
    "brand": "Queen",
    "name": "Unicorn Dream Flavour For Icing",
    "imageUrl": "https://shop.coles.com.au/wcsstore/Coles-CAS/images/3/4/7/3477961-th.jpg",
    "categories": ["pantry"],
    "tags": ["baking", "cake-decorating"],
    "locations": {
      "vic": {
        "price": 2,
        "promoText": " ",
        "packageSize": "50mL",
        "packagePrice": "$0.40 per 10mL"
      }
    }
  },
  {
    "id": "dr-oetker-cake-friends-icing-decorations",
    "brand": "Queen",
    "name": "Cake Friends Icing Decoration 12 pieces",
    "imageUrl": "https://shop.coles.com.au/wcsstore/Coles-CAS/images/3/6/2/3627770-th.jpg",
    "categories": ["pantry"],
    "tags": ["baking", "cake-decorating"],
    "locations": {
      "vic": {
        "price": 3.5,
        "promoText": " ",
        "packageSize": "13g",
        "packagePrice": "$26.92 per 100G"
      }
    }
  },
  {
    "id": "queen-ready-to-roll-icing-5pk",
    "brand": "Queen",
    "name": "Ready To Roll Icing 5pk",
    "imageUrl": "https://shop.coles.com.au/wcsstore/Coles-CAS/images/3/5/9/3591118-th.jpg",
    "categories": ["pantry"],
    "tags": ["baking", "cake-decorating"],
    "locations": {
      "vic": {
        "price": 8.5,
        "promoText": " ",
        "packageSize": "625g",
        "packagePrice": "$1.36 per 100G"
      }
    }
  },
  {
    "id": "queen-metallic-glitter-icing-5-pack",
    "brand": "Queen",
    "name": "Metallic Icing Writing Gel 5 Pack",
    "imageUrl": "https://shop.coles.com.au/wcsstore/Coles-CAS/images/3/5/9/3590884-th.jpg",
    "categories": ["pantry"],
    "tags": ["baking", "cake-decorating"],
    "locations": {
      "vic": {
        "price": 5,
        "promoText": " ",
        "packageSize": "105g",
        "packagePrice": "$4.76 per 100G"
      }
    }
  },
  {
    "id": "dr-oetker-midnight-magic-ultimate-sprinkles",
    "brand": "Queen",
    "name": "Midnight Magic Sprinkles",
    "imageUrl": "https://shop.coles.com.au/wcsstore/Coles-CAS/images/3/5/9/3590670-th.jpg",
    "categories": ["pantry"],
    "tags": ["baking", "cake-decorating"],
    "locations": {
      "vic": {
        "price": 3.2,
        "promoText": "$0.80 ",
        "packageSize": "110g",
        "packagePrice": "$2.91 per 100G"
      }
    }
  },
  {
    "id": "betty-crocker-brownie-mix-triple-chocolate-fudge",
    "brand": "Betty Crocker",
    "name": "Triple Chocolate Fudge Brownie Mix",
    "imageUrl": "https://shop.coles.com.au/wcsstore/Coles-CAS/images/4/5/2/4525640-th.jpg",
    "categories": ["pantry"],
    "tags": ["baking", "cake-bread-mixes"],
    "locations": {
      "vic": {
        "price": 4,
        "promoText": "$1.20 ",
        "packageSize": "500g",
        "packagePrice": "$0.80 per 100G"
      }
    }
  },
  {
    "id": "betty-crocker-cake-mix-devils-food",
    "brand": "Betty Crocker",
    "name": "Devil's Food Cake Mix",
    "imageUrl": "https://shop.coles.com.au/wcsstore/Coles-CAS/images/5/0/2/5028448-th.jpg",
    "categories": ["pantry"],
    "tags": ["baking", "cake-bread-mixes"],
    "locations": {
      "vic": {
        "price": 4,
        "promoText": "$1.20 ",
        "packageSize": "540g",
        "packagePrice": "$0.74 per 100G"
      }
    }
  },
  {
    "id": "betty-crocker-cookie-mix-chocolate-chunk",
    "brand": "Betty Crocker",
    "name": "Milk Chocolate Chunk Cookie Mix",
    "imageUrl": "https://shop.coles.com.au/wcsstore/Coles-CAS/images/9/4/9/9491138-th.jpg",
    "categories": ["pantry"],
    "tags": ["baking", "cake-bread-mixes"],
    "locations": {
      "vic": {
        "price": 4,
        "promoText": "$1.20 ",
        "packageSize": "485g",
        "packagePrice": "$0.82 per 100G"
      }
    }
  },
  {
    "id": "laucke-flour-plain-bakers-wallaby",
    "brand": "Laucke",
    "name": "Wallaby Bakers Plain Flour",
    "imageUrl": "https://shop.coles.com.au/wcsstore/Coles-CAS/images/4/4/1/4418990-th.jpg",
    "categories": ["pantry"],
    "tags": ["baking", "cake-bread-mixes"],
    "locations": {
      "vic": {
        "price": 13.2,
        "promoText": " ",
        "packageSize": "5kg",
        "packagePrice": "$2.64 per 1Kg"
      }
    }
  },
  {
    "id": "coles-banana-bread-mix",
    "brand": "Coles",
    "name": "Banana Bread Baking Mix",
    "imageUrl": "https://shop.coles.com.au/wcsstore/Coles-CAS/images/2/5/1/2517754-th.jpg",
    "categories": ["pantry"],
    "tags": ["baking", "cake-bread-mixes"],
    "locations": {
      "vic": {
        "price": 1.8,
        "promoText": " ",
        "packageSize": "450g",
        "packagePrice": "$0.40 per 100G"
      }
    }
  },
  {
    "id": "coles-vanilla-cake-mix",
    "brand": "Coles",
    "name": "Vanilla Cake Mix",
    "imageUrl": "https://shop.coles.com.au/wcsstore/Coles-CAS/images/2/5/1/2517346-th.jpg",
    "categories": ["pantry"],
    "tags": ["baking", "cake-bread-mixes"],
    "locations": {
      "vic": {
        "price": 0.75,
        "promoText": " ",
        "packageSize": "340g",
        "packagePrice": "$0.22 per 100G"
      }
    }
  },
  {
    "id": "greens-traditional-cake-mix-golden-butter",
    "brand": "Green's",
    "name": "Traditional Golden Butter Cake Mix",
    "imageUrl": "https://shop.coles.com.au/wcsstore/Coles-CAS/images/6/9/7/6970611-th.jpg",
    "categories": ["pantry"],
    "tags": ["baking", "cake-bread-mixes"],
    "locations": {
      "vic": {
        "price": 2.75,
        "promoText": " ",
        "packageSize": "440g",
        "packagePrice": "$0.63 per 100G"
      }
    }
  },
  {
    "id": "greens-gluten-free-pancake-mix",
    "brand": "Green's",
    "name": "Gluten Free Pancake Mix",
    "imageUrl": "https://shop.coles.com.au/wcsstore/Coles-CAS/images/2/5/1/2516730-th.jpg",
    "categories": ["pantry"],
    "tags": ["baking", "cake-bread-mixes"],
    "locations": {
      "vic": {
        "price": 2.9,
        "promoText": " ",
        "packageSize": "300g",
        "packagePrice": "$0.97 per 100G"
      }
    }
  },
  {
    "id": "greens-traditional-cake-mix-vanilla",
    "brand": "Greens",
    "name": "Traditional Vanilla Cake Mix",
    "imageUrl": "https://shop.coles.com.au/wcsstore/Coles-CAS/images/9/7/1/9715177-th.jpg",
    "categories": ["pantry"],
    "tags": ["baking", "cake-bread-mixes"],
    "locations": {
      "vic": {
        "price": 2.75,
        "promoText": " ",
        "packageSize": "470g",
        "packagePrice": "$0.59 per 100G"
      }
    }
  },
  {
    "id": "betty-crocker-red-velvet-cake-mix",
    "brand": "Betty Crocker",
    "name": "Red Velvet Cake Mix",
    "imageUrl": "https://shop.coles.com.au/wcsstore/Coles-CAS/images/3/7/6/3765489-th.jpg",
    "categories": ["pantry"],
    "tags": ["baking", "cake-bread-mixes"],
    "locations": {
      "vic": {
        "price": 4,
        "promoText": "$1.20 ",
        "packageSize": "480g",
        "packagePrice": "$0.83 per 100G"
      }
    }
  },
  {
    "id": "greens-traditional-cake-mix-chocolate",
    "brand": "Green's",
    "name": "Traditional Chocolate Cake Mix",
    "imageUrl": "https://shop.coles.com.au/wcsstore/Coles-CAS/images/5/3/6/5360976-th.jpg",
    "categories": ["pantry"],
    "tags": ["baking", "cake-bread-mixes"],
    "locations": {
      "vic": {
        "price": 2.75,
        "promoText": " ",
        "packageSize": "440g",
        "packagePrice": "$0.63 per 100G"
      }
    }
  },
  {
    "id": "greens-baking-mix-chocolate-brownie",
    "brand": "Greens",
    "name": "Traditional Chocolate Brownie Mix",
    "imageUrl": "https://shop.coles.com.au/wcsstore/Coles-CAS/images/1/2/8/1280230-th.jpg",
    "categories": ["pantry"],
    "tags": ["baking", "cake-bread-mixes"],
    "locations": {
      "vic": {
        "price": 2.75,
        "promoText": " ",
        "packageSize": "380g",
        "packagePrice": "$0.72 per 100G"
      }
    }
  },
  {
    "id": "greens-traditional-cake-mix-carrot-with-icing",
    "brand": "Green's",
    "name": "Traditional Carrot with Icing Cake Mix",
    "imageUrl": "https://shop.coles.com.au/wcsstore/Coles-CAS/images/4/9/3/4937783-th.jpg",
    "categories": ["pantry"],
    "tags": ["baking", "cake-bread-mixes"],
    "locations": {
      "vic": {
        "price": 2.75,
        "promoText": " ",
        "packageSize": "470g",
        "packagePrice": "$0.59 per 100G"
      }
    }
  },
  {
    "id": "greens-brownie-mix-triple-choc",
    "brand": "Green's",
    "name": "Triple Choc Fudge Brownie",
    "imageUrl": "https://shop.coles.com.au/wcsstore/Coles-CAS/images/2/7/3/2734570-th.jpg",
    "categories": ["pantry"],
    "tags": ["baking", "cake-bread-mixes"],
    "locations": {
      "vic": {
        "price": 4,
        "promoText": " ",
        "packageSize": "500g",
        "packagePrice": "$0.80 per 100G"
      }
    }
  },
  {
    "id": "noshu-sugar-fre-fudgy-brownies",
    "brand": "Noshu",
    "name": "99% Sugar Free Fudgy Brownies Mix",
    "imageUrl": "https://shop.coles.com.au/wcsstore/Coles-CAS/images/3/6/6/3660390-th.jpg",
    "categories": ["pantry"],
    "tags": ["baking", "cake-bread-mixes"],
    "locations": {
      "vic": {
        "price": 7.5,
        "promoText": " ",
        "packageSize": "300g",
        "packagePrice": "$2.50 per 100G"
      }
    }
  },
  {
    "id": "betty-crocker-rainbow-cake-mix",
    "brand": "Betty Crocker",
    "name": "Rainbow Cake Mix",
    "imageUrl": "https://shop.coles.com.au/wcsstore/Coles-CAS/images/3/7/6/3765478-th.jpg",
    "categories": ["pantry"],
    "tags": ["baking", "cake-bread-mixes"],
    "locations": {
      "vic": {
        "price": 4,
        "promoText": "$1.20 ",
        "packageSize": "480g",
        "packagePrice": "$0.83 per 100G"
      }
    }
  },
  {
    "id": "laucke-flour-bread-mix-white-crusty-5891225p",
    "brand": "Laucke",
    "name": "White Crusty Flour Bread Mix",
    "imageUrl": "https://shop.coles.com.au/wcsstore/Coles-CAS/images/5/8/9/5891225-th.jpg",
    "categories": ["pantry"],
    "tags": ["baking", "cake-bread-mixes"],
    "locations": {
      "vic": {
        "price": 9.2,
        "promoText": "$1.05 ",
        "packageSize": "2.4kg",
        "packagePrice": "$3.83 per 1Kg"
      }
    }
  },
  {
    "id": "betty-crocker-muffin-mix-blueberry",
    "brand": "Betty Crocker",
    "name": "Blueberry Muffin Mix",
    "imageUrl": "https://shop.coles.com.au/wcsstore/Coles-CAS/images/9/4/9/9491273-th.jpg",
    "categories": ["pantry"],
    "tags": ["baking", "cake-bread-mixes"],
    "locations": {
      "vic": {
        "price": 4,
        "promoText": "$1.20 ",
        "packageSize": "500g",
        "packagePrice": "$0.80 per 100G"
      }
    }
  },
  {
    "id": "coles-double-chocolate-brownie-mix",
    "brand": "Coles",
    "name": "Double Chocolate Brownie Mix",
    "imageUrl": "https://shop.coles.com.au/wcsstore/Coles-CAS/images/2/5/1/2517255-th.jpg",
    "categories": ["pantry"],
    "tags": ["baking", "cake-bread-mixes"],
    "locations": {
      "vic": {
        "price": 2.5,
        "promoText": " ",
        "packageSize": "500g",
        "packagePrice": "$5.00 per 1G"
      }
    }
  },
  {
    "id": "coles-chocolate-cake-mix",
    "brand": "Coles",
    "name": "Chocolate Cake Mix",
    "imageUrl": "https://shop.coles.com.au/wcsstore/Coles-CAS/images/2/5/1/2517335-th.jpg",
    "categories": ["pantry"],
    "tags": ["baking", "cake-bread-mixes"],
    "locations": {
      "vic": {
        "price": 0.75,
        "promoText": " ",
        "packageSize": "340g",
        "packagePrice": "$0.22 per 100G"
      }
    }
  },
  {
    "id": "coles-butter-cake-mix",
    "brand": "Coles",
    "name": "Butter Cake Mix",
    "imageUrl": "https://shop.coles.com.au/wcsstore/Coles-CAS/images/2/5/1/2517324-th.jpg",
    "categories": ["pantry"],
    "tags": ["baking", "cake-bread-mixes"],
    "locations": {
      "vic": {
        "price": 0.75,
        "promoText": " ",
        "packageSize": "340g",
        "packagePrice": "$0.22 per 100G"
      }
    }
  },
  {
    "id": "greens-traditional--cake-mix-date-loaf",
    "brand": "Green's",
    "name": "Traditional Date Loaf Baking Mix",
    "imageUrl": "https://shop.coles.com.au/wcsstore/Coles-CAS/images/9/0/3/90309-th.jpg",
    "categories": ["pantry"],
    "tags": ["baking", "cake-bread-mixes"],
    "locations": {
      "vic": {
        "price": 2.75,
        "promoText": " ",
        "packageSize": "415g",
        "packagePrice": "$0.66 per 100G"
      }
    }
  },
  {
    "id": "greens-baking-mix-cupcake-velvety-chocolate",
    "brand": "Green's",
    "name": "Velvety Chocolate Cupcake Baking Mix",
    "imageUrl": "https://shop.coles.com.au/wcsstore/Coles-CAS/images/1/3/1/1311141-th.jpg",
    "categories": ["pantry"],
    "tags": ["baking", "cake-bread-mixes"],
    "locations": {
      "vic": {
        "price": 4,
        "promoText": " ",
        "packageSize": "450g",
        "packagePrice": "$0.89 per 100G"
      }
    }
  },
  {
    "id": "greens-gluten-free-golden-butter-cake-mix",
    "brand": "Green's",
    "name": "Gluten Free Golden Butter Cake Mix",
    "imageUrl": "https://shop.coles.com.au/wcsstore/Coles-CAS/images/2/5/1/2515216-th.jpg",
    "categories": ["pantry"],
    "tags": ["baking", "cake-bread-mixes"],
    "locations": {
      "vic": {
        "price": 4,
        "promoText": " ",
        "packageSize": "470g",
        "packagePrice": "$0.85 per 100G"
      }
    }
  },
  {
    "id": "greens-cake-in-cup-choc-mud-cake",
    "brand": "Green's",
    "name": "Cake Break Chocolate Mud Cake",
    "imageUrl": "https://shop.coles.com.au/wcsstore/Coles-CAS/images/3/1/8/3184737-th.jpg",
    "categories": ["pantry"],
    "tags": ["baking", "cake-bread-mixes"],
    "locations": {
      "vic": {
        "price": 2.5,
        "promoText": " ",
        "packageSize": "60g",
        "packagePrice": "$4.17 per 100G"
      }
    }
  },
  {
    "id": "laucke-spelt-bread-mix",
    "brand": "Laucke",
    "name": "Spelt Bread Mix",
    "imageUrl": "https://shop.coles.com.au/wcsstore/Coles-CAS/images/3/7/6/3765140-th.jpg",
    "categories": ["pantry"],
    "tags": ["baking", "cake-bread-mixes"],
    "locations": {
      "vic": {
        "price": 6.8,
        "promoText": " ",
        "packageSize": "1Kg",
        "packagePrice": "$6.80 per 1Kg"
      }
    }
  },
  {
    "id": "betty-crocker-cake-mix-vanilla",
    "brand": "Betty Crocker",
    "name": "Vanilla Cake Mix",
    "imageUrl": "https://shop.coles.com.au/wcsstore/Coles-CAS/images/4/5/2/4525710-th.jpg",
    "categories": ["pantry"],
    "tags": ["baking", "cake-bread-mixes"],
    "locations": {
      "vic": {
        "price": 4,
        "promoText": "$1.20 ",
        "packageSize": "540g",
        "packagePrice": "$0.74 per 100G"
      }
    }
  },
  {
    "id": "coles-vanilla-cake-mix-3195449p",
    "brand": "Coles",
    "name": "Vanilla Cake Baking Mix With Icing",
    "imageUrl": "https://shop.coles.com.au/wcsstore/Coles-CAS/images/3/1/9/3195449-th.jpg",
    "categories": ["pantry"],
    "tags": ["baking", "cake-bread-mixes"],
    "locations": {
      "vic": {
        "price": 1.8,
        "promoText": " ",
        "packageSize": "440g",
        "packagePrice": "$0.41 per 100G"
      }
    }
  },
  {
    "id": "coles-ultimate-choc-chip-cokie-baking-mix",
    "brand": "Coles",
    "name": "Ultimate Choc Chip Cookie Baking Mix",
    "imageUrl": "https://shop.coles.com.au/wcsstore/Coles-CAS/images/3/7/3/3737417-th.jpg",
    "categories": ["pantry"],
    "tags": ["baking", "cake-bread-mixes"],
    "locations": {
      "vic": {
        "price": 4,
        "promoText": " ",
        "packageSize": "500g",
        "packagePrice": "$0.80 per 100G"
      }
    }
  },
  {
    "id": "greens-chocolate-mud-cake",
    "brand": "Green's",
    "name": "Chocolate Mud Cake Mix",
    "imageUrl": "https://shop.coles.com.au/wcsstore/Coles-CAS/images/8/6/2/8622503-th.jpg",
    "categories": ["pantry"],
    "tags": ["baking", "cake-bread-mixes"],
    "locations": {
      "vic": {
        "price": 4,
        "promoText": " ",
        "packageSize": "530g",
        "packagePrice": "$0.75 per 100G"
      }
    }
  },
  {
    "id": "greens-traditional-cake-mix-lemon",
    "brand": "Green's",
    "name": "Smooth Lemon Cake Mix",
    "imageUrl": "https://shop.coles.com.au/wcsstore/Coles-CAS/images/9/3/1/9316488-th.jpg",
    "categories": ["pantry"],
    "tags": ["baking", "cake-bread-mixes"],
    "locations": {
      "vic": {
        "price": 2.75,
        "promoText": " ",
        "packageSize": "470g",
        "packagePrice": "$0.59 per 100G"
      }
    }
  },
  {
    "id": "greens-cake-mix-traditional-zesty-orange",
    "brand": "Green's",
    "name": "Traditional Zesty Orange Cake Mix",
    "imageUrl": "https://shop.coles.com.au/wcsstore/Coles-CAS/images/7/5/7/7570710-th.jpg",
    "categories": ["pantry"],
    "tags": ["baking", "cake-bread-mixes"],
    "locations": {
      "vic": {
        "price": 2.75,
        "promoText": " ",
        "packageSize": "470g",
        "packagePrice": "$0.59 per 100G"
      }
    }
  },
  {
    "id": "greens-cupcakes-cookies-cream",
    "brand": "Green's",
    "name": "Cookies & Cream Cupcakes",
    "imageUrl": "https://shop.coles.com.au/wcsstore/Coles-CAS/images/2/2/8/2281272-th.jpg",
    "categories": ["pantry"],
    "tags": ["baking", "cake-bread-mixes"],
    "locations": {
      "vic": {
        "price": 4,
        "promoText": " ",
        "packageSize": "380g",
        "packagePrice": "$1.05 per 100G"
      }
    }
  },
  {
    "id": "gren-s-better-bakes-choc-chunk-cokies",
    "brand": "Green's",
    "name": "Choc Chunk Cookies Better Bakes",
    "imageUrl": "https://shop.coles.com.au/wcsstore/Coles-CAS/images/3/6/5/3655549-th.jpg",
    "categories": ["pantry"],
    "tags": ["baking", "cake-bread-mixes"],
    "locations": {
      "vic": {
        "price": 5,
        "promoText": " ",
        "packageSize": "400g",
        "packagePrice": "$1.25 per 100G"
      }
    }
  },
  {
    "id": "betty-crocker-brownie-mix-frosted-chocolate",
    "brand": "Betty Crocker",
    "name": "Frosted Chocolate Brownie Mix",
    "imageUrl": "https://shop.coles.com.au/wcsstore/Coles-CAS/images/6/4/3/6432019-th.jpg",
    "categories": ["pantry"],
    "tags": ["baking", "cake-bread-mixes"],
    "locations": {
      "vic": {
        "price": 4,
        "promoText": "$1.20 ",
        "packageSize": "500g",
        "packagePrice": "$0.80 per 100G"
      }
    }
  },
  {
    "id": "betty-crocker-cupcake-mix-vanilla",
    "brand": "Betty Crocker",
    "name": "Vanilla Cupcake Mix",
    "imageUrl": "https://shop.coles.com.au/wcsstore/Coles-CAS/images/6/9/2/6922109-th.jpg",
    "categories": ["pantry"],
    "tags": ["baking", "cake-bread-mixes"],
    "locations": {
      "vic": {
        "price": 4,
        "promoText": "$1.20 ",
        "packageSize": "450g",
        "packagePrice": "$0.89 per 100G"
      }
    }
  },
  {
    "id": "betty-crocker-cake-mix-chocolate-fudge",
    "brand": "Betty Crocker",
    "name": "Chocolate Fudge Cake Mix",
    "imageUrl": "https://shop.coles.com.au/wcsstore/Coles-CAS/images/9/4/9/9491284-th.jpg",
    "categories": ["pantry"],
    "tags": ["baking", "cake-bread-mixes"],
    "locations": {
      "vic": {
        "price": 4,
        "promoText": "$1.20 ",
        "packageSize": "540g",
        "packagePrice": "$0.74 per 100G"
      }
    }
  },
  {
    "id": "betty-crocker-muffin-mix-apple-cinnamon",
    "brand": "Betty Crocker",
    "name": "Apple & Cinnamon Muffin Mix Low Fat",
    "imageUrl": "https://shop.coles.com.au/wcsstore/Coles-CAS/images/9/4/9/9491207-th.jpg",
    "categories": ["pantry"],
    "tags": ["baking", "cake-bread-mixes"],
    "locations": {
      "vic": {
        "price": 4,
        "promoText": "$1.20 ",
        "packageSize": "500g",
        "packagePrice": "$0.80 per 100G"
      }
    }
  },
  {
    "id": "betty-crocker-cinnamon-crumble-muffin",
    "brand": "Betty Crocker",
    "name": "Cinnamon Crumble Muffin Mix",
    "imageUrl": "https://shop.coles.com.au/wcsstore/Coles-CAS/images/8/6/2/8622004-th.jpg",
    "categories": ["pantry"],
    "tags": ["baking", "cake-bread-mixes"],
    "locations": {
      "vic": {
        "price": 4,
        "promoText": "$1.20 ",
        "packageSize": "500g",
        "packagePrice": "$0.80 per 100G"
      }
    }
  },
  {
    "id": "betty-crocker-gluten-free-brownie",
    "brand": "Betty Crocker",
    "name": "Gluten Free Chocolate Fudge Brownie Baking Mix",
    "imageUrl": "https://shop.coles.com.au/wcsstore/Coles-CAS/images/2/2/5/2255487-th.jpg",
    "categories": ["pantry"],
    "tags": ["baking", "cake-bread-mixes"],
    "locations": {
      "vic": {
        "price": 6,
        "promoText": " ",
        "packageSize": "450g",
        "packagePrice": "$1.33 per 100G"
      }
    }
  },
  {
    "id": "betty-crocker-gluten-free-devils-cake",
    "brand": "Betty Crocker",
    "name": "Gluten Free Devil's Food Cake Mix",
    "imageUrl": "https://shop.coles.com.au/wcsstore/Coles-CAS/images/2/2/5/2255498-th.jpg",
    "categories": ["pantry"],
    "tags": ["baking", "cake-bread-mixes"],
    "locations": {
      "vic": {
        "price": 6,
        "promoText": " ",
        "packageSize": "550g",
        "packagePrice": "$1.09 per 100G"
      }
    }
  },
  {
    "id": "coles-chocolate-mud-cake-mix-with-icing",
    "brand": "Coles",
    "name": "Chocolate Mud Cake With Icing",
    "imageUrl": "https://shop.coles.com.au/wcsstore/Coles-CAS/images/2/5/1/2517277-th.jpg",
    "categories": ["pantry"],
    "tags": ["baking", "cake-bread-mixes"],
    "locations": {
      "vic": {
        "price": 3,
        "promoText": " ",
        "packageSize": "600g",
        "packagePrice": "$0.50 per 100G"
      }
    }
  },
  {
    "id": "coles-ultimate-brownie-mix",
    "brand": "Coles",
    "name": "Ultimate Brownie Baking Mix",
    "imageUrl": "https://shop.coles.com.au/wcsstore/Coles-CAS/images/3/7/3/3737348-th.jpg",
    "categories": ["pantry"],
    "tags": ["baking", "cake-bread-mixes"],
    "locations": {
      "vic": {
        "price": 4,
        "promoText": " ",
        "packageSize": "500g",
        "packagePrice": "$0.80 per 100G"
      }
    }
  },
  {
    "id": "coles-vanilla-melting-moments-baking-mix",
    "brand": "Coles",
    "name": "Vanilla Melting Moments Baking Mix",
    "imageUrl": "https://shop.coles.com.au/wcsstore/Coles-CAS/images/3/7/3/3737439-th.jpg",
    "categories": ["pantry"],
    "tags": ["baking", "cake-bread-mixes"],
    "locations": {
      "vic": {
        "price": 4,
        "promoText": " ",
        "packageSize": "500g",
        "packagePrice": "$0.80 per 100G"
      }
    }
  },
  {
    "id": "coles-donut-with-glaze-icing-baking-mix",
    "brand": "Coles",
    "name": "Donut With Glaze Icing Baking Mix",
    "imageUrl": "https://shop.coles.com.au/wcsstore/Coles-CAS/images/3/7/3/3737392-th.jpg",
    "categories": ["pantry"],
    "tags": ["baking", "cake-bread-mixes"],
    "locations": {
      "vic": {
        "price": 4,
        "promoText": " ",
        "packageSize": "550g",
        "packagePrice": "$0.73 per 100G"
      }
    }
  },
  {
    "id": "donna-hay-baking-mix-premium-molten-chocolate-chunk-brownie",
    "brand": "Donna Hay",
    "name": "Premium Molten Choc Chunk Brownie Baking Mix",
    "imageUrl": "https://shop.coles.com.au/wcsstore/Coles-CAS/images/1/4/6/1464233-th.jpg",
    "categories": ["pantry"],
    "tags": ["baking", "cake-bread-mixes"],
    "locations": {
      "vic": {
        "price": 7,
        "promoText": " ",
        "packageSize": "660g",
        "packagePrice": "$1.06 per 100G"
      }
    }
  },
  {
    "id": "donna-hay-salted-caramel-chocolate-brownie-mix",
    "brand": "Donna Hay",
    "name": "Salted Caramel Chocolate Brownie Mix",
    "imageUrl": "https://shop.coles.com.au/wcsstore/Coles-CAS/images/3/7/6/3765490-th.jpg",
    "categories": ["pantry"],
    "tags": ["baking", "cake-bread-mixes"],
    "locations": {
      "vic": {
        "price": 7,
        "promoText": " ",
        "packageSize": "500 GRAM",
        "packagePrice": ""
      }
    }
  },
  {
    "id": "greens-cake-caramel-mud",
    "brand": "Green's",
    "name": "Caramel Mud Cake Mix",
    "imageUrl": "https://shop.coles.com.au/wcsstore/Coles-CAS/images/1/0/3/1037844-th.jpg",
    "categories": ["pantry"],
    "tags": ["baking", "cake-bread-mixes"],
    "locations": {
      "vic": {
        "price": 4,
        "promoText": " ",
        "packageSize": "600g",
        "packagePrice": "$0.67 per 100G"
      }
    }
  },
  {
    "id": "greens-cup-cake-mix-vanilla",
    "brand": "Green's",
    "name": "Vanilla Cupcake Mix",
    "imageUrl": "https://shop.coles.com.au/wcsstore/Coles-CAS/images/5/6/7/5675300-th.jpg",
    "categories": ["pantry"],
    "tags": ["baking", "cake-bread-mixes"],
    "locations": {
      "vic": {
        "price": 4,
        "promoText": " ",
        "packageSize": "490g",
        "packagePrice": "$0.82 per 100G"
      }
    }
  },
  {
    "id": "greens-orange-poppyseed-cake",
    "brand": "Green's",
    "name": "Orange Poppyseed Cake Mix",
    "imageUrl": "https://shop.coles.com.au/wcsstore/Coles-CAS/images/8/6/6/8666939-th.jpg",
    "categories": ["pantry"],
    "tags": ["baking", "cake-bread-mixes"],
    "locations": {
      "vic": {
        "price": 4,
        "promoText": " ",
        "packageSize": "580g",
        "packagePrice": "$0.69 per 100G"
      }
    }
  },
  {
    "id": "greens-red-velvet-cupcake-mix",
    "brand": "Green's",
    "name": "Red Velvet Cupcakes",
    "imageUrl": "https://shop.coles.com.au/wcsstore/Coles-CAS/images/2/2/8/2281239-th.jpg",
    "categories": ["pantry"],
    "tags": ["baking", "cake-bread-mixes"],
    "locations": {
      "vic": {
        "price": 4,
        "promoText": " ",
        "packageSize": "410g",
        "packagePrice": "$0.98 per 100G"
      }
    }
  },
  {
    "id": "greens-vanilla-mudcake",
    "brand": "Green's",
    "name": "Vanilla Mudcake",
    "imageUrl": "https://shop.coles.com.au/wcsstore/Coles-CAS/images/2/8/6/2869944-th.jpg",
    "categories": ["pantry"],
    "tags": ["baking", "cake-bread-mixes"],
    "locations": {
      "vic": {
        "price": 4,
        "promoText": " ",
        "packageSize": "600g",
        "packagePrice": "$0.67 per 100G"
      }
    }
  },
  {
    "id": "greens-choc-filled-donut-balls",
    "brand": "Green's",
    "name": "Baked Choc Donut Balls",
    "imageUrl": "https://shop.coles.com.au/wcsstore/Coles-CAS/images/3/5/7/3577332-th.jpg",
    "categories": ["pantry"],
    "tags": ["baking", "cake-bread-mixes"],
    "locations": {
      "vic": {
        "price": 4,
        "promoText": " ",
        "packageSize": "480g",
        "packagePrice": "$0.83 per 100G"
      }
    }
  },
  {
    "id": "greens-cake-break-brownie-double-choc-fudge",
    "brand": "Green's",
    "name": "Double Choc Fudge Brownie Break Cake",
    "imageUrl": "https://shop.coles.com.au/wcsstore/Coles-CAS/images/3/1/8/3184715-th.jpg",
    "categories": ["pantry"],
    "tags": ["baking", "cake-bread-mixes"],
    "locations": {
      "vic": {
        "price": 2.5,
        "promoText": " ",
        "packageSize": "75g",
        "packagePrice": "$3.33 per 100G"
      }
    }
  },
  {
    "id": "gren-s-learn-to-bake-frozen-2-cokies",
    "brand": "Green's",
    "name": "Learn To Bake Frozen 2 Cookie Mix",
    "imageUrl": "https://shop.coles.com.au/wcsstore/Coles-CAS/images/3/6/5/3655550-th.jpg",
    "categories": ["pantry"],
    "tags": ["baking", "cake-bread-mixes"],
    "locations": {
      "vic": {
        "price": 4,
        "promoText": " ",
        "packageSize": "230g",
        "packagePrice": "$1.74 per 100G"
      }
    }
  },
  {
    "id": "grens-better-bakes-choc-muffins",
    "brand": "Green's",
    "name": "Better Bakes Chocolate Muffins",
    "imageUrl": "https://shop.coles.com.au/wcsstore/Coles-CAS/images/3/6/5/3655491-th.jpg",
    "categories": ["pantry"],
    "tags": ["baking", "cake-bread-mixes"],
    "locations": {
      "vic": {
        "price": 5,
        "promoText": " ",
        "packageSize": "450g",
        "packagePrice": "$1.11 per 100G"
      }
    }
  },
  {
    "id": "grens-learn-to-bake-troll-s-cupcake-mix",
    "brand": "Greens",
    "name": "Learn To Bake Troll's Cupcake Mix",
    "imageUrl": "https://shop.coles.com.au/wcsstore/Coles-CAS/images/3/7/6/3765605-th.jpg",
    "categories": ["pantry"],
    "tags": ["baking", "cake-bread-mixes"],
    "locations": {
      "vic": {
        "price": 4,
        "promoText": " ",
        "packageSize": "280g",
        "packagePrice": "$1.43 per 100G"
      }
    }
  },
  {
    "id": "grens-apple-walnut-sultana-muffin-mix",
    "brand": "Greens",
    "name": "Apple Walnut & Sultana Muffin Mix",
    "imageUrl": "https://shop.coles.com.au/wcsstore/Coles-CAS/images/3/7/6/3765591-th.jpg",
    "categories": ["pantry"],
    "tags": ["baking", "cake-bread-mixes"],
    "locations": {
      "vic": {
        "price": 5,
        "promoText": " ",
        "packageSize": "600g",
        "packagePrice": "$0.83 per 100G"
      }
    }
  },
  {
    "id": "grens-brokie-cokies-baking-mix",
    "brand": "Greens",
    "name": "Brookie Cookies Baking Mix",
    "imageUrl": "https://shop.coles.com.au/wcsstore/Coles-CAS/images/3/7/6/3765525-th.jpg",
    "categories": ["pantry"],
    "tags": ["baking", "cake-bread-mixes"],
    "locations": {
      "vic": {
        "price": 5,
        "promoText": " ",
        "packageSize": "530g",
        "packagePrice": "$0.94 per 100G"
      }
    }
  },
  {
    "id": "grens-temptations-jumbo-triple-choc-muffin-mix",
    "brand": "Greens",
    "name": "Temptations Jumbo Triple Choc Muffin Mix",
    "imageUrl": "https://shop.coles.com.au/wcsstore/Coles-CAS/images/3/7/6/3765580-th.jpg",
    "categories": ["pantry"],
    "tags": ["baking", "cake-bread-mixes"],
    "locations": {
      "vic": {
        "price": 5,
        "promoText": " ",
        "packageSize": "600g",
        "packagePrice": "$0.83 per 100G"
      }
    }
  },
  {
    "id": "laucke-flour-bread-mix-wholemeal",
    "brand": "Laucke",
    "name": "Wholemeal Bread Mix",
    "imageUrl": "https://shop.coles.com.au/wcsstore/Coles-CAS/images/7/7/8/7782210-th.jpg",
    "categories": ["pantry"],
    "tags": ["baking", "cake-bread-mixes"],
    "locations": {
      "vic": {
        "price": 16,
        "promoText": " ",
        "packageSize": "5kg",
        "packagePrice": "$3.20 per 1Kg"
      }
    }
  },
  {
    "id": "laucke-flour-bread-mix-multigrain",
    "brand": "Laucke",
    "name": "Multigrain Bread Mix",
    "imageUrl": "https://shop.coles.com.au/wcsstore/Coles-CAS/images/7/7/8/7782130-th.jpg",
    "categories": ["pantry"],
    "tags": ["baking", "cake-bread-mixes"],
    "locations": {
      "vic": {
        "price": 16,
        "promoText": " ",
        "packageSize": "5kg",
        "packagePrice": "$3.20 per 1Kg"
      }
    }
  },
  {
    "id": "laucke-flour-bread-mix-wholemeal-5545870p",
    "brand": "Laucke",
    "name": "Wholemeal Bread Mix",
    "imageUrl": "https://shop.coles.com.au/wcsstore/Coles-CAS/images/5/5/4/5545870-th.jpg",
    "categories": ["pantry"],
    "tags": ["baking", "cake-bread-mixes"],
    "locations": {
      "vic": {
        "price": 9.2,
        "promoText": "$1.05 ",
        "packageSize": "2.4kg",
        "packagePrice": "$3.83 per 1Kg"
      }
    }
  },
  {
    "id": "laucke-flour-bread-mix-german-grain",
    "brand": "Laucke",
    "name": "German Grain Bread Mix",
    "imageUrl": "https://shop.coles.com.au/wcsstore/Coles-CAS/images/5/8/9/5891203-th.jpg",
    "categories": ["pantry"],
    "tags": ["baking", "cake-bread-mixes"],
    "locations": {
      "vic": {
        "price": 9.2,
        "promoText": "$1.05 ",
        "packageSize": "2.4g",
        "packagePrice": "$3.83 per 1Kg"
      }
    }
  },
  {
    "id": "laucke-flour-bread-mix-sour-dough-barossa",
    "brand": "Laucke",
    "name": "Barossa Sour Dough Bread Mix",
    "imageUrl": "https://shop.coles.com.au/wcsstore/Coles-CAS/images/5/8/9/5891214-th.jpg",
    "categories": ["pantry"],
    "tags": ["baking", "cake-bread-mixes"],
    "locations": {
      "vic": {
        "price": 10.25,
        "promoText": " ",
        "packageSize": "2.4kg",
        "packagePrice": "$4.27 per 1Kg"
      }
    }
  },
  {
    "id": "laucke-flour-bread-mix-white-crusty-calico-bag",
    "brand": "Laucke",
    "name": "White Crusty Calico Bag Bread Mix",
    "imageUrl": "https://shop.coles.com.au/wcsstore/Coles-CAS/images/8/8/5/8854101-th.jpg",
    "categories": ["pantry"],
    "tags": ["baking", "cake-bread-mixes"],
    "locations": {
      "vic": {
        "price": 26,
        "promoText": " ",
        "packageSize": "10kg",
        "packagePrice": "$2.60 per 1Kg"
      }
    }
  },
  {
    "id": "lighthouse-crusty-wholemeal-breadmix",
    "brand": "Lighthouse",
    "name": "Crusty Wholemeal Breadmix",
    "imageUrl": "https://shop.coles.com.au/wcsstore/Coles-CAS/images/3/7/6/3767236-th.jpg",
    "categories": ["pantry"],
    "tags": ["baking", "cake-bread-mixes"],
    "locations": {
      "vic": {
        "price": 2.25,
        "promoText": "$0.60 ",
        "packageSize": "550 GRAM",
        "packagePrice": ""
      }
    }
  },
  {
    "id": "lighthouse-crusty-vienna-breadmix",
    "brand": "Lighthouse",
    "name": "Crusty White Vienna Breadmix",
    "imageUrl": "https://shop.coles.com.au/wcsstore/Coles-CAS/images/3/7/6/3767225-th.jpg",
    "categories": ["pantry"],
    "tags": ["baking", "cake-bread-mixes"],
    "locations": {
      "vic": {
        "price": 2.25,
        "promoText": "$0.60 ",
        "packageSize": "550g",
        "packagePrice": "$0.41 per 100G"
      }
    }
  },
  {
    "id": "noshu-sugar-fre-choc-chip-cokies",
    "brand": "Noshu",
    "name": "98% Sugar Free Choc Chip Cookies Mix",
    "imageUrl": "https://shop.coles.com.au/wcsstore/Coles-CAS/images/3/6/6/3660436-th.jpg",
    "categories": ["pantry"],
    "tags": ["baking", "cake-bread-mixes"],
    "locations": {
      "vic": {
        "price": 7.5,
        "promoText": " ",
        "packageSize": "300g",
        "packagePrice": "$2.50 per 100G"
      }
    }
  },
  {
    "id": "noshu-98-sugar-fre-chocolate-cupcake-mix",
    "brand": "Noshu",
    "name": "97% Sugar Free Chocolate Cupcake Mix",
    "imageUrl": "https://shop.coles.com.au/wcsstore/Coles-CAS/images/3/7/6/3765682-th.jpg",
    "categories": ["pantry"],
    "tags": ["baking", "cake-bread-mixes"],
    "locations": {
      "vic": {
        "price": 8,
        "promoText": " ",
        "packageSize": "350g",
        "packagePrice": "$2.29 per 100G"
      }
    }
  },
  {
    "id": "noshu-95-sugar-fre-funfetti-cupcake-mix",
    "brand": "Noshu",
    "name": "95% Sugar Free Vanilla Funfetti Cupcake Mix",
    "imageUrl": "https://shop.coles.com.au/wcsstore/Coles-CAS/images/3/7/6/3765671-th.jpg",
    "categories": ["pantry"],
    "tags": ["baking", "cake-bread-mixes"],
    "locations": {
      "vic": {
        "price": 8,
        "promoText": " ",
        "packageSize": "350g",
        "packagePrice": "$2.29 per 100G"
      }
    }
  },
  {
    "id": "queen-natural-vanilla-concentrated-extract",
    "brand": "Queen",
    "name": "Natural Vanilla Concentrated Extract",
    "imageUrl": "https://shop.coles.com.au/wcsstore/Coles-CAS/images/8/5/3/8532284-th.jpg",
    "categories": ["pantry"],
    "tags": ["baking", "essence-fod-colouring"],
    "locations": {
      "vic": {
        "price": 6.5,
        "promoText": "$0.90 ",
        "packageSize": "50mL",
        "packagePrice": "$1.30 per 10mL"
      }
    }
  },
  {
    "id": "queen-vanilla-essence-174114p",
    "brand": "Queen",
    "name": "Organic Vanilla Essence",
    "imageUrl": "https://shop.coles.com.au/wcsstore/Coles-CAS/images/1/7/4/174114-th.jpg",
    "categories": ["pantry"],
    "tags": ["baking", "essence-fod-colouring"],
    "locations": {
      "vic": {
        "price": 4,
        "promoText": " ",
        "packageSize": "50mL",
        "packagePrice": "$0.80 per 10mL"
      }
    }
  },
  {
    "id": "queen-food-colouring-blue",
    "brand": "Queen",
    "name": "Blue Food Colour",
    "imageUrl": "https://shop.coles.com.au/wcsstore/Coles-CAS/images/1/9/4/194450-th.jpg",
    "categories": ["pantry"],
    "tags": ["baking", "essence-fod-colouring"],
    "locations": {
      "vic": {
        "price": 1.1,
        "promoText": " ",
        "packageSize": "50mL",
        "packagePrice": "$0.22 per 10mL"
      }
    }
  },
  {
    "id": "queen-essence-natural-vanilla-extract",
    "brand": "Queen",
    "name": "Natural Vanilla Extract",
    "imageUrl": "https://shop.coles.com.au/wcsstore/Coles-CAS/images/1/9/4/194235-th.jpg",
    "categories": ["pantry"],
    "tags": ["baking", "essence-fod-colouring"],
    "locations": {
      "vic": {
        "price": 11.5,
        "promoText": " ",
        "packageSize": "200mL",
        "packagePrice": "$0.58 per 10mL"
      }
    }
  },
  {
    "id": "queen-food-colouring-red",
    "brand": "Queen",
    "name": "Pillar Box Red Food Colour",
    "imageUrl": "https://shop.coles.com.au/wcsstore/Coles-CAS/images/9/7/5/9754805-th.jpg",
    "categories": ["pantry"],
    "tags": ["baking", "essence-fod-colouring"],
    "locations": {
      "vic": {
        "price": 1.1,
        "promoText": " ",
        "packageSize": "50mL",
        "packagePrice": "$0.22 per 10mL"
      }
    }
  },
  {
    "id": "queen-essence-imitation-vanilla",
    "brand": "Queen",
    "name": "Imitation Vanilla Essence",
    "imageUrl": "https://shop.coles.com.au/wcsstore/Coles-CAS/images/5/2/3/5231350-th.jpg",
    "categories": ["pantry"],
    "tags": ["baking", "essence-fod-colouring"],
    "locations": {
      "vic": {
        "price": 1.95,
        "promoText": " ",
        "packageSize": "200mL",
        "packagePrice": "$0.10 per 10mL"
      }
    }
  },
  {
    "id": "queen-vanilla-bean-paste",
    "brand": "Queen",
    "name": "Organic Vanilla Bean Paste",
    "imageUrl": "https://shop.coles.com.au/wcsstore/Coles-CAS/images/4/4/4/4447230-th.jpg",
    "categories": ["pantry"],
    "tags": ["baking", "essence-fod-colouring"],
    "locations": {
      "vic": {
        "price": 11.8,
        "promoText": " ",
        "packageSize": "65g",
        "packagePrice": "$18.15 per 100G"
      }
    }
  },
  {
    "id": "queen-vanilla-bean-paste-2517517p",
    "brand": "Queen",
    "name": "Organic Vanilla Bean Paste",
    "imageUrl": "https://shop.coles.com.au/wcsstore/Coles-CAS/images/2/5/1/2517517-th.jpg",
    "categories": ["pantry"],
    "tags": ["baking", "essence-fod-colouring"],
    "locations": {
      "vic": {
        "price": 16.5,
        "promoText": " ",
        "packageSize": "140g",
        "packagePrice": "$11.79 per 100G"
      }
    }
  },
  {
    "id": "queen-food-colouring-rose-pink",
    "brand": "Queen",
    "name": "Rose Pink Food Colour",
    "imageUrl": "https://shop.coles.com.au/wcsstore/Coles-CAS/images/1/9/4/194483-th.jpg",
    "categories": ["pantry"],
    "tags": ["baking", "essence-fod-colouring"],
    "locations": {
      "vic": {
        "price": 1.1,
        "promoText": " ",
        "packageSize": "50mL",
        "packagePrice": "$0.22 per 10mL"
      }
    }
  },
  {
    "id": "queen-food-colouring-green",
    "brand": "Queen",
    "name": "Green Food Colour",
    "imageUrl": "https://shop.coles.com.au/wcsstore/Coles-CAS/images/1/9/4/194472-th.jpg",
    "categories": ["pantry"],
    "tags": ["baking", "essence-fod-colouring"],
    "locations": {
      "vic": {
        "price": 1.1,
        "promoText": " ",
        "packageSize": "50mL",
        "packagePrice": "$0.22 per 10mL"
      }
    }
  },
  {
    "id": "queen-essence-natural-peppermint",
    "brand": "Queen",
    "name": "Natural Peppermint Extract",
    "imageUrl": "https://shop.coles.com.au/wcsstore/Coles-CAS/images/8/4/5/8454680-th.jpg",
    "categories": ["pantry"],
    "tags": ["baking", "essence-fod-colouring"],
    "locations": {
      "vic": {
        "price": 1.1,
        "promoText": " ",
        "packageSize": "50mL",
        "packagePrice": "$0.22 per 10mL"
      }
    }
  },
  {
    "id": "queen-food-colouring-4-pack-assorted-colours",
    "brand": "Queen",
    "name": "Rainbow Food Colour 4 pack",
    "imageUrl": "https://shop.coles.com.au/wcsstore/Coles-CAS/images/5/5/2/5529523-th.jpg",
    "categories": ["pantry"],
    "tags": ["baking", "essence-fod-colouring"],
    "locations": {
      "vic": {
        "price": 3.7,
        "promoText": " ",
        "packageSize": "28mL",
        "packagePrice": "$1.32 per 10mL"
      }
    }
  },
  {
    "id": "queen-all-natural-food-colouring-4-pack-rainbow",
    "brand": "Queen",
    "name": "All Natural Extracts Food & Drinks Colouring 4 Pack",
    "imageUrl": "https://shop.coles.com.au/wcsstore/Coles-CAS/images/4/8/4/4847057-th.jpg",
    "categories": ["pantry"],
    "tags": ["baking", "essence-fod-colouring"],
    "locations": {
      "vic": {
        "price": 7.75,
        "promoText": " ",
        "packageSize": "28 mL",
        "packagePrice": "$27.68 per 100mL"
      }
    }
  },
  {
    "id": "queen-pure-vanilla-extract",
    "brand": "Queen",
    "name": "Celebrating 120 Years Master Blend Pure Vanilla Extract",
    "imageUrl": "https://shop.coles.com.au/wcsstore/Coles-CAS/images/3/0/2/3025427-th.jpg",
    "categories": ["pantry"],
    "tags": ["baking", "essence-fod-colouring"],
    "locations": {
      "vic": {
        "price": 15,
        "promoText": " ",
        "packageSize": "100mL",
        "packagePrice": "$1.50 per 10mL"
      }
    }
  },
  {
    "id": "queen-colour-gel-3590964p",
    "brand": "Queen",
    "name": "Food Colour Gel Black",
    "imageUrl": "https://shop.coles.com.au/wcsstore/Coles-CAS/images/3/5/9/3590964-th.jpg",
    "categories": ["pantry"],
    "tags": ["baking", "essence-fod-colouring"],
    "locations": {
      "vic": {
        "price": 2.5,
        "promoText": " ",
        "packageSize": "15g",
        "packagePrice": "$16.67 per 100G"
      }
    }
  },
  {
    "id": "queen-vanilla-essence",
    "brand": "Queen",
    "name": "Organic Vanilla Essence",
    "imageUrl": "https://shop.coles.com.au/wcsstore/Coles-CAS/images/1/7/4/174136-th.jpg",
    "categories": ["pantry"],
    "tags": ["baking", "essence-fod-colouring"],
    "locations": {
      "vic": {
        "price": 7,
        "promoText": " ",
        "packageSize": "100mL",
        "packagePrice": "$0.70 per 10mL"
      }
    }
  },
  {
    "id": "queen-essence-natural-almond",
    "brand": "Queen",
    "name": "Natural Almond Extract",
    "imageUrl": "https://shop.coles.com.au/wcsstore/Coles-CAS/images/8/4/5/8454704-th.jpg",
    "categories": ["pantry"],
    "tags": ["baking", "essence-fod-colouring"],
    "locations": {
      "vic": {
        "price": 1.1,
        "promoText": " ",
        "packageSize": "50mL",
        "packagePrice": "$0.22 per 10mL"
      }
    }
  },
  {
    "id": "queen-vanilla-extract-with-seeds",
    "brand": "Queen",
    "name": "Fairtrade Vanilla Extract with Seeds",
    "imageUrl": "https://shop.coles.com.au/wcsstore/Coles-CAS/images/1/9/3/1931055-th.jpg",
    "categories": ["pantry"],
    "tags": ["baking", "essence-fod-colouring"],
    "locations": {
      "vic": {
        "price": 8,
        "promoText": " ",
        "packageSize": "50mL",
        "packagePrice": "$16.00 per 100mL"
      }
    }
  },
  {
    "id": "heilala-vanilla-paste",
    "brand": "Heilala",
    "name": "Vanilla Paste",
    "imageUrl": "https://shop.coles.com.au/wcsstore/Coles-CAS/images/1/6/3/1636124-th.jpg",
    "categories": ["pantry"],
    "tags": ["baking", "essence-fod-colouring"],
    "locations": {
      "vic": {
        "price": 8,
        "promoText": " ",
        "packageSize": "60mL",
        "packagePrice": "$12.31 per 100G"
      }
    }
  },
  {
    "id": "queen-food-colouring-yellow",
    "brand": "Queen",
    "name": "Yellow Food Colour",
    "imageUrl": "https://shop.coles.com.au/wcsstore/Coles-CAS/images/1/9/4/194519-th.jpg",
    "categories": ["pantry"],
    "tags": ["baking", "essence-fod-colouring"],
    "locations": {
      "vic": {
        "price": 1.1,
        "promoText": " ",
        "packageSize": "50mL",
        "packagePrice": "$0.22 per 10mL"
      }
    }
  },
  {
    "id": "queen-glucose",
    "brand": "Queen",
    "name": "Glucose Syrup",
    "imageUrl": "https://shop.coles.com.au/wcsstore/Coles-CAS/images/9/7/9/9790263-th.jpg",
    "categories": ["pantry"],
    "tags": ["baking", "essence-fod-colouring"],
    "locations": {
      "vic": {
        "price": 4.65,
        "promoText": " ",
        "packageSize": "500g",
        "packagePrice": "$0.93 per 100G"
      }
    }
  },
  {
    "id": "queen-madagascan-vanilla-bean-paste",
    "brand": "Queen",
    "name": "Finest Madagascar Vanilla Bean Paste",
    "imageUrl": "https://shop.coles.com.au/wcsstore/Coles-CAS/images/2/7/7/2777642-th.jpg",
    "categories": ["pantry"],
    "tags": ["baking", "essence-fod-colouring"],
    "locations": {
      "vic": {
        "price": 10,
        "promoText": " ",
        "packageSize": "50g",
        "packagePrice": "$20.00 per 100G"
      }
    }
  },
  {
    "id": "queens-finest-vanilla-pure-extract-madagascar",
    "brand": "Queen",
    "name": "Finest Vanilla Pure Extract Madagascar",
    "imageUrl": "https://shop.coles.com.au/wcsstore/Coles-CAS/images/3/0/2/3025234-th.jpg",
    "categories": ["pantry"],
    "tags": ["baking", "essence-fod-colouring"],
    "locations": {
      "vic": {
        "price": 8,
        "promoText": " ",
        "packageSize": "50mL",
        "packagePrice": "$1.60 per 10mL"
      }
    }
  },
  {
    "id": "queen-colour-gel",
    "brand": "Queen",
    "name": "Gel Teal Food Colour",
    "imageUrl": "https://shop.coles.com.au/wcsstore/Coles-CAS/images/3/5/9/3591082-th.jpg",
    "categories": ["pantry"],
    "tags": ["baking", "essence-fod-colouring"],
    "locations": {
      "vic": {
        "price": 2.5,
        "promoText": " ",
        "packageSize": "15g",
        "packagePrice": "$16.67 per 100G"
      }
    }
  },
  {
    "id": "queen-colour-gel-purple",
    "brand": "Queen",
    "name": "Food Colour Gel Purple",
    "imageUrl": "https://shop.coles.com.au/wcsstore/Coles-CAS/images/3/5/9/3591071-th.jpg",
    "categories": ["pantry"],
    "tags": ["baking", "essence-fod-colouring"],
    "locations": {
      "vic": {
        "price": 2.5,
        "promoText": " ",
        "packageSize": "15g",
        "packagePrice": "$16.67 per 100G"
      }
    }
  },
  {
    "id": "queen-colour-gel-3591093p",
    "brand": "Queen",
    "name": "Gel Red Food Colour",
    "imageUrl": "https://shop.coles.com.au/wcsstore/Coles-CAS/images/3/5/9/3591093-th.jpg",
    "categories": ["pantry"],
    "tags": ["baking", "essence-fod-colouring"],
    "locations": {
      "vic": {
        "price": 2.5,
        "promoText": " ",
        "packageSize": "15g",
        "packagePrice": "$16.67 per 100G"
      }
    }
  },
  {
    "id": "coles-brand-sultanas-dried",
    "brand": "Coles",
    "name": "100% Australian Sultanas",
    "imageUrl": "https://shop.coles.com.au/wcsstore/Coles-CAS/images/5/3/5/5357632-th.jpg",
    "categories": ["pantry"],
    "tags": ["baking", "dried-fruits-fillings"],
    "locations": {
      "vic": {
        "price": 5,
        "promoText": " ",
        "packageSize": "1kg",
        "packagePrice": "$5.00 per 1Kg"
      }
    }
  },
  {
    "id": "coles-dates-pitted-5450219p",
    "brand": "Coles",
    "name": "Dried Pitted Dates",
    "imageUrl": "https://shop.coles.com.au/wcsstore/Coles-CAS/images/5/4/5/5450219-th.jpg",
    "categories": ["pantry"],
    "tags": ["baking", "dried-fruits-fillings"],
    "locations": {
      "vic": {
        "price": 1.6,
        "promoText": " ",
        "packageSize": "500g",
        "packagePrice": "$3.20 per 1Kg"
      }
    }
  },
  {
    "id": "coles-brand-coconut-desiccated",
    "brand": "Coles",
    "name": "Desiccated Coconut",
    "imageUrl": "https://shop.coles.com.au/wcsstore/Coles-CAS/images/8/7/3/8734482-th.jpg",
    "categories": ["pantry"],
    "tags": ["baking", "dried-fruits-fillings"],
    "locations": {
      "vic": {
        "price": 3,
        "promoText": " ",
        "packageSize": "500g",
        "packagePrice": "$6.00 per 1Kg"
      }
    }
  },
  {
    "id": "ocean-spray-craisins",
    "brand": "Ocean Spray",
    "name": "Dried Craisins Regular Cranberries",
    "imageUrl": "https://shop.coles.com.au/wcsstore/Coles-CAS/images/7/8/5/7859212-th.jpg",
    "categories": ["pantry"],
    "tags": ["baking", "dried-fruits-fillings"],
    "locations": {
      "vic": {
        "price": 3,
        "promoText": "$1.00 ",
        "packageSize": "170g",
        "packagePrice": "$17.65 per 1Kg"
      }
    }
  },
  {
    "id": "sunbeam-sultanas-sundried",
    "brand": "Sunbeam",
    "name": "Sultanas",
    "imageUrl": "https://shop.coles.com.au/wcsstore/Coles-CAS/images/1/6/7/167141-th.jpg",
    "categories": ["pantry"],
    "tags": ["baking", "dried-fruits-fillings"],
    "locations": {
      "vic": {
        "price": 4,
        "promoText": " ",
        "packageSize": "375g",
        "packagePrice": "$10.67 per 1Kg"
      }
    }
  },
  {
    "id": "coles-dried-prunes",
    "brand": "Coles",
    "name": "Dried Pitted Prunes",
    "imageUrl": "https://shop.coles.com.au/wcsstore/Coles-CAS/images/3/5/5/3559465-th.jpg",
    "categories": ["pantry"],
    "tags": ["baking", "dried-fruits-fillings"],
    "locations": {
      "vic": {
        "price": 9,
        "promoText": " ",
        "packageSize": "1kg",
        "packagePrice": "$9.00 per 1Kg"
      }
    }
  },
  {
    "id": "sunbeam-sultana-mini-packs",
    "brand": "Sunbeam",
    "name": "Sultanas Mini Snack 12 Pack",
    "imageUrl": "https://shop.coles.com.au/wcsstore/Coles-CAS/images/5/7/6/5769630-th.jpg",
    "categories": ["pantry"],
    "tags": ["baking", "dried-fruits-fillings"],
    "locations": {
      "vic": {
        "price": 4.5,
        "promoText": " ",
        "packageSize": "180g",
        "packagePrice": "$25.00 per 1Kg"
      }
    }
  },
  {
    "id": "sunbeam-sultanas",
    "brand": "Sunbeam",
    "name": "Sultanas Snack 6 Pack",
    "imageUrl": "https://shop.coles.com.au/wcsstore/Coles-CAS/images/1/4/5/145604-th.jpg",
    "categories": ["pantry"],
    "tags": ["baking", "dried-fruits-fillings"],
    "locations": {
      "vic": {
        "price": 3,
        "promoText": " ",
        "packageSize": "240g",
        "packagePrice": "$12.50 per 1Kg"
      }
    }
  },
  {
    "id": "angas-park-prunes-pitted-in-resealable-bag",
    "brand": "Angas Park",
    "name": "Dried Pitted Prunes Resealable Pack",
    "imageUrl": "https://shop.coles.com.au/wcsstore/Coles-CAS/images/7/0/5/7050324-th.jpg",
    "categories": ["pantry"],
    "tags": ["baking", "dried-fruits-fillings"],
    "locations": {
      "vic": {
        "price": 7.9,
        "promoText": " ",
        "packageSize": "500g",
        "packagePrice": "$15.80 per 1Kg"
      }
    }
  },
  {
    "id": "coles-raisins-australian",
    "brand": "Coles",
    "name": "Raisins Prepacked",
    "imageUrl": "https://shop.coles.com.au/wcsstore/Coles-CAS/images/9/1/2/9120635-th.jpg",
    "categories": ["pantry"],
    "tags": ["baking", "dried-fruits-fillings"],
    "locations": {
      "vic": {
        "price": 3.75,
        "promoText": " ",
        "packageSize": "375g",
        "packagePrice": "$10.00 per 1Kg"
      }
    }
  },
  {
    "id": "coles-sultanas-dried-5071312p",
    "brand": "Coles",
    "name": "100% Australian Sultanas",
    "imageUrl": "https://shop.coles.com.au/wcsstore/Coles-CAS/images/5/0/7/5071312-th.jpg",
    "categories": ["pantry"],
    "tags": ["baking", "dried-fruits-fillings"],
    "locations": {
      "vic": {
        "price": 3,
        "promoText": " ",
        "packageSize": "375g",
        "packagePrice": "$8.00 per 1Kg"
      }
    }
  },
  {
    "id": "coles-dried-cranberries",
    "brand": "Coles",
    "name": "Sweetened Dried Cranberries",
    "imageUrl": "https://shop.coles.com.au/wcsstore/Coles-CAS/images/2/7/4/2749410-th.jpg",
    "categories": ["pantry"],
    "tags": ["baking", "dried-fruits-fillings"],
    "locations": {
      "vic": {
        "price": 3,
        "promoText": " ",
        "packageSize": "150g",
        "packagePrice": "$20.00 per 1Kg"
      }
    }
  },
  {
    "id": "mckenzies-coconut-desiccated-120024p",
    "brand": "McKenzie's",
    "name": "Desiccated Coconut",
    "imageUrl": "https://shop.coles.com.au/wcsstore/Coles-CAS/images/1/2/0/120024-th.jpg",
    "categories": ["pantry"],
    "tags": ["baking", "dried-fruits-fillings"],
    "locations": {
      "vic": {
        "price": 2.6,
        "promoText": " ",
        "packageSize": "250g",
        "packagePrice": "$10.40 per 1Kg"
      }
    }
  },
  {
    "id": "buderim-ginger-uncrystalised-naked-sweet",
    "brand": "Buderim Ginger",
    "name": "Uncrystalised Naked Sweet Ginger",
    "imageUrl": "https://shop.coles.com.au/wcsstore/Coles-CAS/images/4/6/0/4607767-th.jpg",
    "categories": ["pantry"],
    "tags": ["baking", "dried-fruits-fillings"],
    "locations": {
      "vic": {
        "price": 4.45,
        "promoText": " ",
        "packageSize": "200g",
        "packagePrice": "$22.25 per 1Kg"
      }
    }
  },
  {
    "id": "coles-prunes-pitted-6159215p",
    "brand": "Coles",
    "name": "Dried Pitted Prunes",
    "imageUrl": "https://shop.coles.com.au/wcsstore/Coles-CAS/images/6/1/5/6159215-th.jpg",
    "categories": ["pantry"],
    "tags": ["baking", "dried-fruits-fillings"],
    "locations": {
      "vic": {
        "price": 4.9,
        "promoText": " ",
        "packageSize": "500g",
        "packagePrice": "$9.80 per 1Kg"
      }
    }
  },
  {
    "id": "ocean-spray-craisins-original",
    "brand": "Ocean Spray",
    "name": "Craisins Original",
    "imageUrl": "https://shop.coles.com.au/wcsstore/Coles-CAS/images/2/7/6/2762292-th.jpg",
    "categories": ["pantry"],
    "tags": ["baking", "dried-fruits-fillings"],
    "locations": {
      "vic": {
        "price": 6,
        "promoText": " ",
        "packageSize": "283g",
        "packagePrice": "$21.20 per 1Kg"
      }
    }
  },
  {
    "id": "angas-park-apples-dried",
    "brand": "Angas Park",
    "name": "Dried Apples",
    "imageUrl": "https://shop.coles.com.au/wcsstore/Coles-CAS/images/9/2/0/9202172-th.jpg",
    "categories": ["pantry"],
    "tags": ["baking", "dried-fruits-fillings"],
    "locations": {
      "vic": {
        "price": 4.4,
        "promoText": " ",
        "packageSize": "200g",
        "packagePrice": "$22.00 per 1Kg"
      }
    }
  },
  {
    "id": "coles-sultanas-snack-6-pack",
    "brand": "Coles",
    "name": "Australian Sultanas 6 Pack",
    "imageUrl": "https://shop.coles.com.au/wcsstore/Coles-CAS/images/6/6/5/6657631-th.jpg",
    "categories": ["pantry"],
    "tags": ["baking", "dried-fruits-fillings"],
    "locations": {
      "vic": {
        "price": 1.95,
        "promoText": " ",
        "packageSize": "240g",
        "packagePrice": "$8.13 per 1Kg"
      }
    }
  },
  {
    "id": "coles-aus-currants",
    "brand": "Coles",
    "name": "Australian Currants",
    "imageUrl": "https://shop.coles.com.au/wcsstore/Coles-CAS/images/2/7/4/2749396-th.jpg",
    "categories": ["pantry"],
    "tags": ["baking", "dried-fruits-fillings"],
    "locations": {
      "vic": {
        "price": 3.5,
        "promoText": " ",
        "packageSize": "375g",
        "packagePrice": "$9.33 per 1Kg"
      }
    }
  },
  {
    "id": "angas-park-fancy-apricots-dried-large",
    "brand": "Angas Park",
    "name": "Dried Fancy Large Apricots",
    "imageUrl": "https://shop.coles.com.au/wcsstore/Coles-CAS/images/3/4/4/344214-th.jpg",
    "categories": ["pantry"],
    "tags": ["baking", "dried-fruits-fillings"],
    "locations": {
      "vic": {
        "price": 14,
        "promoText": " ",
        "packageSize": "500g",
        "packagePrice": "$28.00 per 1Kg"
      }
    }
  },
  {
    "id": "angas-park-soft-juicy-figs",
    "brand": "Angas Park",
    "name": "Dried Soft & Juicy Figs",
    "imageUrl": "https://shop.coles.com.au/wcsstore/Coles-CAS/images/5/2/9/5295444-th.jpg",
    "categories": ["pantry"],
    "tags": ["baking", "dried-fruits-fillings"],
    "locations": {
      "vic": {
        "price": 4.5,
        "promoText": " ",
        "packageSize": "250g",
        "packagePrice": "$18.00 per 1Kg"
      }
    }
  },
  {
    "id": "coles-fruit-mixed-dried-5357643p",
    "brand": "Coles",
    "name": "Dried Mixed Fruit",
    "imageUrl": "https://shop.coles.com.au/wcsstore/Coles-CAS/images/5/3/5/5357643-th.jpg",
    "categories": ["pantry"],
    "tags": ["baking", "dried-fruits-fillings"],
    "locations": {
      "vic": {
        "price": 5.5,
        "promoText": " ",
        "packageSize": "1kg",
        "packagePrice": "$5.50 per 1Kg"
      }
    }
  },
  {
    "id": "coles-mango-slices",
    "brand": "Coles",
    "name": "Mango Slices",
    "imageUrl": "https://shop.coles.com.au/wcsstore/Coles-CAS/images/3/0/1/3019796-th.jpg",
    "categories": ["pantry"],
    "tags": ["baking", "dried-fruits-fillings"],
    "locations": {
      "vic": {
        "price": 4,
        "promoText": " ",
        "packageSize": "150g",
        "packagePrice": "$2.67 per 100G"
      }
    }
  },
  {
    "id": "ocean-spray-reduced-sugar-craisins",
    "brand": "Ocean Spray",
    "name": "Reduced Sugar Craisins",
    "imageUrl": "https://shop.coles.com.au/wcsstore/Coles-CAS/images/1/8/7/1872105-th.jpg",
    "categories": ["pantry"],
    "tags": ["baking", "dried-fruits-fillings"],
    "locations": {
      "vic": {
        "price": 3,
        "promoText": "$1.00 ",
        "packageSize": "150g",
        "packagePrice": "$20.00 per 1Kg"
      }
    }
  },
  {
    "id": "sunbeam-currants-sundried",
    "brand": "Sunbeam",
    "name": "Dried Currants",
    "imageUrl": "https://shop.coles.com.au/wcsstore/Coles-CAS/images/8/0/4/8047846-th.jpg",
    "categories": ["pantry"],
    "tags": ["baking", "dried-fruits-fillings"],
    "locations": {
      "vic": {
        "price": 4.9,
        "promoText": " ",
        "packageSize": "300g",
        "packagePrice": "$16.33 per 1Kg"
      }
    }
  },
  {
    "id": "sunbeam-sultanas-sundried-177892p",
    "brand": "Sunbeam",
    "name": "Sultanas",
    "imageUrl": "https://shop.coles.com.au/wcsstore/Coles-CAS/images/1/7/7/177892-th.jpg",
    "categories": ["pantry"],
    "tags": ["baking", "dried-fruits-fillings"],
    "locations": {
      "vic": {
        "price": 8.4,
        "promoText": " ",
        "packageSize": "1kg",
        "packagePrice": "$8.40 per 1Kg"
      }
    }
  },
  {
    "id": "trident-dates-pitted",
    "brand": "Trident",
    "name": "Dried Pitted Dates",
    "imageUrl": "https://shop.coles.com.au/wcsstore/Coles-CAS/images/5/7/7/5771937-th.jpg",
    "categories": ["pantry"],
    "tags": ["baking", "dried-fruits-fillings"],
    "locations": {
      "vic": {
        "price": 2.5,
        "promoText": " ",
        "packageSize": "250g",
        "packagePrice": "$10.00 per 1Kg"
      }
    }
  },
  {
    "id": "angas-park-soft-juicy-apricots",
    "brand": "Angas Park",
    "name": "Dried Soft & Juicy Apricots",
    "imageUrl": "https://shop.coles.com.au/wcsstore/Coles-CAS/images/8/9/5/8951367-th.jpg",
    "categories": ["pantry"],
    "tags": ["baking", "dried-fruits-fillings"],
    "locations": {
      "vic": {
        "price": 7,
        "promoText": " ",
        "packageSize": "225g",
        "packagePrice": "$31.11 per 1Kg"
      }
    }
  },
  {
    "id": "angas-park-prunes-pitted",
    "brand": "Angas Park",
    "name": "Dried Pitted Prunes",
    "imageUrl": "https://shop.coles.com.au/wcsstore/Coles-CAS/images/1/6/6/166080-th.jpg",
    "categories": ["pantry"],
    "tags": ["baking", "dried-fruits-fillings"],
    "locations": {
      "vic": {
        "price": 4.3,
        "promoText": " ",
        "packageSize": "250g",
        "packagePrice": "$17.20 per 1Kg"
      }
    }
  },
  {
    "id": "coles-premium-deglet-nour-dates",
    "brand": "Coles",
    "name": "Dates",
    "imageUrl": "https://shop.coles.com.au/wcsstore/Coles-CAS/images/3/5/7/3571846-th.jpg",
    "categories": ["pantry"],
    "tags": ["baking", "dried-fruits-fillings"],
    "locations": {
      "vic": {
        "price": 4,
        "promoText": " ",
        "packageSize": "150g",
        "packagePrice": "$26.67 per 1Kg"
      }
    }
  },
  {
    "id": "sunbeam-raisins-seeded-149161p",
    "brand": "Sunbeam",
    "name": "Seeded Raisins Dried",
    "imageUrl": "https://shop.coles.com.au/wcsstore/Coles-CAS/images/1/4/9/149161-th.jpg",
    "categories": ["pantry"],
    "tags": ["baking", "dried-fruits-fillings"],
    "locations": {
      "vic": {
        "price": 4.9,
        "promoText": " ",
        "packageSize": "375g",
        "packagePrice": "$13.07 per 1Kg"
      }
    }
  },
  {
    "id": "angas-park-apricots-diced-dried",
    "brand": "Angas Park",
    "name": "Diced Dried Apricots",
    "imageUrl": "https://shop.coles.com.au/wcsstore/Coles-CAS/images/5/0/6/5067880-th.jpg",
    "categories": ["pantry"],
    "tags": ["baking", "dried-fruits-fillings"],
    "locations": {
      "vic": {
        "price": 6,
        "promoText": " ",
        "packageSize": "200g",
        "packagePrice": "$30.00 per 1Kg"
      }
    }
  },
  {
    "id": "angas-park-apricots-large-dried",
    "brand": "Angas Park",
    "name": "Dried Fancy Large Apricots",
    "imageUrl": "https://shop.coles.com.au/wcsstore/Coles-CAS/images/2/9/8/298081-th.jpg",
    "categories": ["pantry"],
    "tags": ["baking", "dried-fruits-fillings"],
    "locations": {
      "vic": {
        "price": 8,
        "promoText": " ",
        "packageSize": "200g",
        "packagePrice": "$40.00 per 1Kg"
      }
    }
  },
  {
    "id": "angas-park-prunes-pitted-9938604p",
    "brand": "Angas Park",
    "name": "Dried Pitted Prunes",
    "imageUrl": "https://shop.coles.com.au/wcsstore/Coles-CAS/images/9/9/3/9938604-th.jpg",
    "categories": ["pantry"],
    "tags": ["baking", "dried-fruits-fillings"],
    "locations": {
      "vic": {
        "price": 12.5,
        "promoText": " ",
        "packageSize": "1kg",
        "packagePrice": "$12.50 per 1Kg"
      }
    }
  },
  {
    "id": "coles-organic-australian-sultanas",
    "brand": "Coles",
    "name": "Organic Australian Sultanas",
    "imageUrl": "https://shop.coles.com.au/wcsstore/Coles-CAS/images/2/7/4/2749443-th.jpg",
    "categories": ["pantry"],
    "tags": ["baking", "dried-fruits-fillings"],
    "locations": {
      "vic": {
        "price": 4,
        "promoText": " ",
        "packageSize": "375g",
        "packagePrice": "$10.67 per 1Kg"
      }
    }
  },
  {
    "id": "coles-shredded-coconut",
    "brand": "Coles",
    "name": "Shredded Coconut",
    "imageUrl": "https://shop.coles.com.au/wcsstore/Coles-CAS/images/2/8/7/2877080-th.jpg",
    "categories": ["pantry"],
    "tags": ["baking", "dried-fruits-fillings"],
    "locations": {
      "vic": {
        "price": 2.65,
        "promoText": " ",
        "packageSize": "375g",
        "packagePrice": "$0.71 per 100G"
      }
    }
  },
  {
    "id": "coles-prunes",
    "brand": "Coles",
    "name": "Pitted Prunes",
    "imageUrl": "https://shop.coles.com.au/wcsstore/Coles-CAS/images/3/0/3/3039578-th.jpg",
    "categories": ["pantry"],
    "tags": ["baking", "dried-fruits-fillings"],
    "locations": {
      "vic": {
        "price": 3,
        "promoText": " ",
        "packageSize": "200g",
        "packagePrice": "$15.00 per 1Kg"
      }
    }
  },
  {
    "id": "coles-seeds-and-sultanas",
    "brand": "Coles",
    "name": "Seed Mix",
    "imageUrl": "https://shop.coles.com.au/wcsstore/Coles-CAS/images/3/0/1/3017859-th.jpg",
    "categories": ["pantry"],
    "tags": ["baking", "dried-fruits-fillings"],
    "locations": {
      "vic": {
        "price": 2.5,
        "promoText": " ",
        "packageSize": "165g",
        "packagePrice": "$15.15 per 1Kg"
      }
    }
  },
  {
    "id": "coles-premium-turkish-apricots",
    "brand": "Coles",
    "name": "Apricots",
    "imageUrl": "https://shop.coles.com.au/wcsstore/Coles-CAS/images/3/5/7/3571700-th.jpg",
    "categories": ["pantry"],
    "tags": ["baking", "dried-fruits-fillings"],
    "locations": {
      "vic": {
        "price": 3,
        "promoText": " ",
        "packageSize": "200g",
        "packagePrice": "$15.00 per 1Kg"
      }
    }
  },
  {
    "id": "mckenzies-coconut-shredded-pouches",
    "brand": "McKenzie's",
    "name": "Shredded Coconut Pouches",
    "imageUrl": "https://shop.coles.com.au/wcsstore/Coles-CAS/images/5/2/2/5228833-th.jpg",
    "categories": ["pantry"],
    "tags": ["baking", "dried-fruits-fillings"],
    "locations": {
      "vic": {
        "price": 3.25,
        "promoText": " ",
        "packageSize": "215g",
        "packagePrice": "$15.12 per 1Kg"
      }
    }
  },
  {
    "id": "mckenzies-dried-shaved-coconut",
    "brand": "McKenzie's",
    "name": "Dried Shaved Coconut",
    "imageUrl": "https://shop.coles.com.au/wcsstore/Coles-CAS/images/2/7/7/2777799-th.jpg",
    "categories": ["pantry"],
    "tags": ["baking", "dried-fruits-fillings"],
    "locations": {
      "vic": {
        "price": 3.3,
        "promoText": " ",
        "packageSize": "150g",
        "packagePrice": "$2.20 per 100G"
      }
    }
  },
  {
    "id": "sunsweet-prunes-pitted-preservative-free",
    "brand": "Sunsweet",
    "name": "Dried Pitted Prunes",
    "imageUrl": "https://shop.coles.com.au/wcsstore/Coles-CAS/images/6/3/2/6325700-th.jpg",
    "categories": ["pantry"],
    "tags": ["baking", "dried-fruits-fillings"],
    "locations": {
      "vic": {
        "price": 3.6,
        "promoText": " ",
        "packageSize": "200g",
        "packagePrice": "$18.00 per 1Kg"
      }
    }
  },
  {
    "id": "coles-sultana-apple-snack-6-pack",
    "brand": "Coles",
    "name": "Sultana & Apple Snack Pack 150mL",
    "imageUrl": "https://shop.coles.com.au/wcsstore/Coles-CAS/images/6/1/6/6161727-th.jpg",
    "categories": ["pantry"],
    "tags": ["baking", "dried-fruits-fillings"],
    "locations": {
      "vic": {
        "price": 1.95,
        "promoText": " ",
        "packageSize": "6 pack",
        "packagePrice": "$0.22 per 100mL"
      }
    }
  },
  {
    "id": "coles-dried-apple-slices",
    "brand": "Coles",
    "name": "Dried Apple Slices",
    "imageUrl": "https://shop.coles.com.au/wcsstore/Coles-CAS/images/3/5/5/3559352-th.jpg",
    "categories": ["pantry"],
    "tags": ["baking", "dried-fruits-fillings"],
    "locations": {
      "vic": {
        "price": 4,
        "promoText": " ",
        "packageSize": "200g",
        "packagePrice": "$2.00 per 100G"
      }
    }
  },
  {
    "id": "sunbeam-sultanas-apricots",
    "brand": "Sunbeam",
    "name": "Sultanas & Apricot Snack 6 Pack",
    "imageUrl": "https://shop.coles.com.au/wcsstore/Coles-CAS/images/9/4/6/9461793-th.jpg",
    "categories": ["pantry"],
    "tags": ["baking", "dried-fruits-fillings"],
    "locations": {
      "vic": {
        "price": 3,
        "promoText": " ",
        "packageSize": "222g",
        "packagePrice": "$13.51 per 1Kg"
      }
    }
  },
  {
    "id": "coles-sultanas-organic-snack-6-pack",
    "brand": "Coles",
    "name": "Organic Australian Sultanas 6 Pack",
    "imageUrl": "https://shop.coles.com.au/wcsstore/Coles-CAS/images/8/5/6/8561238-th.jpg",
    "categories": ["pantry"],
    "tags": ["baking", "dried-fruits-fillings"],
    "locations": {
      "vic": {
        "price": 3.5,
        "promoText": " ",
        "packageSize": "210g",
        "packagePrice": "$16.67 per 1Kg"
      }
    }
  },
  {
    "id": "coles-brand-trail-mix",
    "brand": "Coles",
    "name": "Trail Mix",
    "imageUrl": "https://shop.coles.com.au/wcsstore/Coles-CAS/images/6/1/6/6160305-th.jpg",
    "categories": ["pantry"],
    "tags": ["baking", "dried-fruits-fillings"],
    "locations": {
      "vic": {
        "price": 3.5,
        "promoText": " ",
        "packageSize": "200g",
        "packagePrice": "$17.50 per 1Kg"
      }
    }
  },
  {
    "id": "coles-goji-berries",
    "brand": "Coles",
    "name": "Goji Berries",
    "imageUrl": "https://shop.coles.com.au/wcsstore/Coles-CAS/images/3/0/1/3017848-th.jpg",
    "categories": ["pantry"],
    "tags": ["baking", "dried-fruits-fillings"],
    "locations": {
      "vic": {
        "price": 5.2,
        "promoText": " ",
        "packageSize": "150g",
        "packagePrice": "$34.67 per 1Kg"
      }
    }
  },
  {
    "id": "mckenzies-coconut-flakes-moist",
    "brand": "McKenzie's",
    "name": "Moist Coconut Flakes",
    "imageUrl": "https://shop.coles.com.au/wcsstore/Coles-CAS/images/5/2/2/5228822-th.jpg",
    "categories": ["pantry"],
    "tags": ["baking", "dried-fruits-fillings"],
    "locations": {
      "vic": {
        "price": 3.25,
        "promoText": " ",
        "packageSize": "225g",
        "packagePrice": "$14.44 per 1Kg"
      }
    }
  },
  {
    "id": "robern-apricot-indulgence",
    "brand": "Robern",
    "name": "Delightfuls Apricot Indugence Fruit Snack",
    "imageUrl": "https://shop.coles.com.au/wcsstore/Coles-CAS/images/9/6/0/9602953-th.jpg",
    "categories": ["pantry"],
    "tags": ["baking", "dried-fruits-fillings"],
    "locations": {
      "vic": {
        "price": 3,
        "promoText": " ",
        "packageSize": "200g",
        "packagePrice": "$1.50 per 100G"
      }
    }
  },
  {
    "id": "sunbeam-sultana-and-cranberry-6-pack",
    "brand": "Sunbeam",
    "name": "Sultana And Cranberry 6 pack",
    "imageUrl": "https://shop.coles.com.au/wcsstore/Coles-CAS/images/1/8/7/1877299-th.jpg",
    "categories": ["pantry"],
    "tags": ["baking", "dried-fruits-fillings"],
    "locations": {
      "vic": {
        "price": 3,
        "promoText": " ",
        "packageSize": "234g",
        "packagePrice": "$12.82 per 1Kg"
      }
    }
  },
  {
    "id": "trident-dates-pitted-415480p",
    "brand": "Trident",
    "name": "Dried Pitted Dates",
    "imageUrl": "https://shop.coles.com.au/wcsstore/Coles-CAS/images/4/1/5/415480-th.jpg",
    "categories": ["pantry"],
    "tags": ["baking", "dried-fruits-fillings"],
    "locations": {
      "vic": {
        "price": 3.8,
        "promoText": " ",
        "packageSize": "500g",
        "packagePrice": "$7.60 per 1Kg"
      }
    }
  },
  {
    "id": "verity-dried-prunes",
    "brand": "Verity",
    "name": "Dried Fancy Large Prunes",
    "imageUrl": "https://shop.coles.com.au/wcsstore/Coles-CAS/images/3/2/6/326438-th.jpg",
    "categories": ["pantry"],
    "tags": ["baking", "dried-fruits-fillings"],
    "locations": {
      "vic": {
        "price": 6,
        "promoText": " ",
        "packageSize": "750g",
        "packagePrice": "$8.00 per 1Kg"
      }
    }
  },
  {
    "id": "angas-park-peaches-dried",
    "brand": "Angas Park",
    "name": "Dried Peaches",
    "imageUrl": "https://shop.coles.com.au/wcsstore/Coles-CAS/images/6/6/0/66064-th.jpg",
    "categories": ["pantry"],
    "tags": ["baking", "dried-fruits-fillings"],
    "locations": {
      "vic": {
        "price": 6,
        "promoText": " ",
        "packageSize": "200g",
        "packagePrice": "$30.00 per 1Kg"
      }
    }
  },
  {
    "id": "angas-park-mixed-peel",
    "brand": "Angas Park",
    "name": "Dried Fruit Mixed Peel",
    "imageUrl": "https://shop.coles.com.au/wcsstore/Coles-CAS/images/5/1/9/5195360-th.jpg",
    "categories": ["pantry"],
    "tags": ["baking", "dried-fruits-fillings"],
    "locations": {
      "vic": {
        "price": 3.3,
        "promoText": " ",
        "packageSize": "200g",
        "packagePrice": "$16.50 per 1Kg"
      }
    }
  },
  {
    "id": "angus-park-fancy-prunes-dried",
    "brand": "Angas Park",
    "name": "Dried Fancy Prunes",
    "imageUrl": "https://shop.coles.com.au/wcsstore/Coles-CAS/images/3/1/4/314348-th.jpg",
    "categories": ["pantry"],
    "tags": ["baking", "dried-fruits-fillings"],
    "locations": {
      "vic": {
        "price": 8.25,
        "promoText": " ",
        "packageSize": "1kg",
        "packagePrice": "$8.25 per 1Kg"
      }
    }
  },
  {
    "id": "buderim-ginger-crystallised-mild",
    "brand": "Buderim Ginger",
    "name": "Crystallised Mild Ginger",
    "imageUrl": "https://shop.coles.com.au/wcsstore/Coles-CAS/images/3/2/8/328830-th.jpg",
    "categories": ["pantry"],
    "tags": ["baking", "dried-fruits-fillings"],
    "locations": {
      "vic": {
        "price": 5.25,
        "promoText": " ",
        "packageSize": "250g",
        "packagePrice": "$21.00 per 1Kg"
      }
    }
  },
  {
    "id": "buderim-ginger-bears-",
    "brand": "Buderim Ginger",
    "name": "Bears",
    "imageUrl": "https://shop.coles.com.au/wcsstore/Coles-CAS/images/3/5/7/3578710-th.jpg",
    "categories": ["pantry"],
    "tags": ["baking", "dried-fruits-fillings"],
    "locations": {
      "vic": {
        "price": 4.5,
        "promoText": " ",
        "packageSize": "175g",
        "packagePrice": "$2.57 per 100G"
      }
    }
  },
  {
    "id": "coles-glace-cherries",
    "brand": "Coles",
    "name": "Glace Cherries",
    "imageUrl": "https://shop.coles.com.au/wcsstore/Coles-CAS/images/2/7/9/2791199-th.jpg",
    "categories": ["pantry"],
    "tags": ["baking", "dried-fruits-fillings"],
    "locations": {
      "vic": {
        "price": 2.5,
        "promoText": " ",
        "packageSize": "150g",
        "packagePrice": "$16.67 per 1Kg"
      }
    }
  },
  {
    "id": "coles-uncrystallised-ginger",
    "brand": "Coles",
    "name": "Uncrystallised Ginger",
    "imageUrl": "https://shop.coles.com.au/wcsstore/Coles-CAS/images/3/0/4/3041194-th.jpg",
    "categories": ["pantry"],
    "tags": ["baking", "dried-fruits-fillings"],
    "locations": {
      "vic": {
        "price": 2.85,
        "promoText": " ",
        "packageSize": "150g",
        "packagePrice": "$19.00 per 1Kg"
      }
    }
  },
  {
    "id": "coles-pineapple-pieces-3039567p",
    "brand": "Coles",
    "name": "Pineapple Pieces",
    "imageUrl": "https://shop.coles.com.au/wcsstore/Coles-CAS/images/3/0/3/3039567-th.jpg",
    "categories": ["pantry"],
    "tags": ["baking", "dried-fruits-fillings"],
    "locations": {
      "vic": {
        "price": 2.5,
        "promoText": " ",
        "packageSize": "200g",
        "packagePrice": "$1.25 per 100G"
      }
    }
  },
  {
    "id": "coles-fuel-by-nature-garland-figs",
    "brand": "Coles",
    "name": "Fuel By Nature Garland Figs",
    "imageUrl": "https://shop.coles.com.au/wcsstore/ColesResponsiveStorefrontAssetStore/dist/ccfc54aed6e361b650bcf0582f7b576b/img/img_product-placeholder.png",
    "categories": ["pantry"],
    "tags": ["baking", "dried-fruits-fillings"],
    "locations": {
      "vic": {
        "price": 4.4,
        "promoText": " ",
        "packageSize": "375g",
        "packagePrice": "$11.73 per 1Kg"
      }
    }
  },
  {
    "id": "coles-honey-cashews",
    "brand": "Coles",
    "name": "Honey Cashews",
    "imageUrl": "https://shop.coles.com.au/wcsstore/Coles-CAS/images/3/5/0/3505240-th.jpg",
    "categories": ["pantry"],
    "tags": ["baking", "dried-fruits-fillings"],
    "locations": {
      "vic": {
        "price": 9,
        "promoText": " ",
        "packageSize": "350g",
        "packagePrice": "$25.72 per 1Kg"
      }
    }
  },
  {
    "id": "coles-premium-pear-",
    "brand": "Coles",
    "name": "Pears",
    "imageUrl": "https://shop.coles.com.au/wcsstore/Coles-CAS/images/3/5/7/3571733-th.jpg",
    "categories": ["pantry"],
    "tags": ["baking", "dried-fruits-fillings"],
    "locations": {
      "vic": {
        "price": 5,
        "promoText": " ",
        "packageSize": "180g",
        "packagePrice": "$27.78 per 1Kg"
      }
    }
  },
  {
    "id": "coles-dried-pineapple-rings",
    "brand": "Coles",
    "name": "Dried Pineapple Rings",
    "imageUrl": "https://shop.coles.com.au/wcsstore/Coles-CAS/images/3/5/5/3559374-th.jpg",
    "categories": ["pantry"],
    "tags": ["baking", "dried-fruits-fillings"],
    "locations": {
      "vic": {
        "price": 4.5,
        "promoText": " ",
        "packageSize": "200g",
        "packagePrice": "$2.25 per 100G"
      }
    }
  },
  {
    "id": "coles-organic-toasted-coconut-chips",
    "brand": "Coles",
    "name": "Organic Toasted Coconut Flakes With Sea Salt",
    "imageUrl": "https://shop.coles.com.au/wcsstore/Coles-CAS/images/3/5/7/3571960-th.jpg",
    "categories": ["pantry"],
    "tags": ["baking", "dried-fruits-fillings"],
    "locations": {
      "vic": {
        "price": 4.5,
        "promoText": " ",
        "packageSize": "140g",
        "packagePrice": "$32.14 per 1Kg"
      }
    }
  },
  {
    "id": "coles-premium-fruit-mix-",
    "brand": "Coles",
    "name": "Orchard Fruits Mix",
    "imageUrl": "https://shop.coles.com.au/wcsstore/Coles-CAS/images/3/5/7/3571857-th.jpg",
    "categories": ["pantry"],
    "tags": ["baking", "dried-fruits-fillings"],
    "locations": {
      "vic": {
        "price": 7,
        "promoText": " ",
        "packageSize": "400g",
        "packagePrice": "$17.50 per 1Kg"
      }
    }
  },
  {
    "id": "coles-premium-peach-",
    "brand": "Coles",
    "name": "Peaches",
    "imageUrl": "https://shop.coles.com.au/wcsstore/Coles-CAS/images/3/5/7/3571744-th.jpg",
    "categories": ["pantry"],
    "tags": ["baking", "dried-fruits-fillings"],
    "locations": {
      "vic": {
        "price": 5,
        "promoText": " ",
        "packageSize": "200g",
        "packagePrice": "$25.00 per 1Kg"
      }
    }
  },
  {
    "id": "coles-apple-infused-cranberries",
    "brand": "Coles",
    "name": "Apple Infused Dried Cranberries",
    "imageUrl": "https://shop.coles.com.au/wcsstore/Coles-CAS/images/3/5/5/3559512-th.jpg",
    "categories": ["pantry"],
    "tags": ["baking", "dried-fruits-fillings"],
    "locations": {
      "vic": {
        "price": 4,
        "promoText": " ",
        "packageSize": "180g",
        "packagePrice": "$2.22 per 100G"
      }
    }
  },
  {
    "id": "coles-dried-blueberries",
    "brand": "Coles",
    "name": "Sweetened Dried Blueberries",
    "imageUrl": "https://shop.coles.com.au/wcsstore/Coles-CAS/images/3/5/5/3559410-th.jpg",
    "categories": ["pantry"],
    "tags": ["baking", "dried-fruits-fillings"],
    "locations": {
      "vic": {
        "price": 4.2,
        "promoText": " ",
        "packageSize": "130g",
        "packagePrice": "$3.23 per 100G"
      }
    }
  },
  {
    "id": "lucky-almonds-oven-roasted-with-yoghurt-sultanas",
    "brand": "Lucky",
    "name": "Oven Roasted Almonds Nut Mix with Yoghurt Sultanas 6 Pack",
    "imageUrl": "https://shop.coles.com.au/wcsstore/Coles-CAS/images/7/4/9/7496152-th.jpg",
    "categories": ["pantry"],
    "tags": ["baking", "dried-fruits-fillings"],
    "locations": {
      "vic": {
        "price": 6.3,
        "promoText": " ",
        "packageSize": "180g",
        "packagePrice": "$35.00 per 1Kg"
      }
    }
  },
  {
    "id": "lucky-almonds-oven-roasted-with-cranberries",
    "brand": "Lucky",
    "name": "Oven Roasted Almonds with Cranberries Snack 6 Pack",
    "imageUrl": "https://shop.coles.com.au/wcsstore/Coles-CAS/images/7/4/9/7496163-th.jpg",
    "categories": ["pantry"],
    "tags": ["baking", "dried-fruits-fillings"],
    "locations": {
      "vic": {
        "price": 6.3,
        "promoText": " ",
        "packageSize": "180g",
        "packagePrice": "$35.00 per 1Kg"
      }
    }
  },
  {
    "id": "lucky-snack-pack-walnuts-almonds",
    "brand": "Lucky",
    "name": "Walnuts Cashews & Almonds Nut Mix 30g",
    "imageUrl": "https://shop.coles.com.au/wcsstore/Coles-CAS/images/9/7/9/9790332-th.jpg",
    "categories": ["pantry"],
    "tags": ["baking", "dried-fruits-fillings"],
    "locations": {
      "vic": {
        "price": 7.35,
        "promoText": " ",
        "packageSize": "6 Pack",
        "packagePrice": "$40.84 per 1Kg"
      }
    }
  },
  {
    "id": "ocean-spray-craisins-infused-pomegranate",
    "brand": "Ocean Spray",
    "name": "Craisins Infused Pomegranate",
    "imageUrl": "https://shop.coles.com.au/wcsstore/Coles-CAS/images/3/5/8/3586016-th.jpg",
    "categories": ["pantry"],
    "tags": ["baking", "dried-fruits-fillings"],
    "locations": {
      "vic": {
        "price": 4,
        "promoText": " ",
        "packageSize": "150g",
        "packagePrice": "$2.67 per 100G"
      }
    }
  },
  {
    "id": "ocean-spray-craisins-infused-blueberry",
    "brand": "Ocean Spray",
    "name": "Craisins Infused Blueberry",
    "imageUrl": "https://shop.coles.com.au/wcsstore/Coles-CAS/images/3/5/7/3578700-th.jpg",
    "categories": ["pantry"],
    "tags": ["baking", "dried-fruits-fillings"],
    "locations": {
      "vic": {
        "price": 4,
        "promoText": "2 for $5",
        "packageSize": "150g",
        "packagePrice": "$2.67 per 100G"
      }
    }
  },
  {
    "id": "robertsons-fruit-mince",
    "brand": "Robertsons",
    "name": "Fruit Mince",
    "imageUrl": "https://shop.coles.com.au/wcsstore/Coles-CAS/images/1/3/8/138234-th.jpg",
    "categories": ["pantry"],
    "tags": ["baking", "dried-fruits-fillings"],
    "locations": {
      "vic": {
        "price": 4.8,
        "promoText": " ",
        "packageSize": "410g",
        "packagePrice": "$11.71 per 1Kg"
      }
    }
  },
  {
    "id": "sunbeam-mixed-fruit-dried",
    "brand": "Sunbeam",
    "name": "Mixed Dried Fruit",
    "imageUrl": "https://shop.coles.com.au/wcsstore/Coles-CAS/images/4/7/5/475143-th.jpg",
    "categories": ["pantry"],
    "tags": ["baking", "dried-fruits-fillings"],
    "locations": {
      "vic": {
        "price": 4.7,
        "promoText": " ",
        "packageSize": "375g",
        "packagePrice": "$12.53 per 1Kg"
      }
    }
  },
  {
    "id": "sunbeam-mixed-fruit-dried-171477p",
    "brand": "Sunbeam",
    "name": "Mixed Dried Fruit",
    "imageUrl": "https://shop.coles.com.au/wcsstore/Coles-CAS/images/1/7/1/171477-th.jpg",
    "categories": ["pantry"],
    "tags": ["baking", "dried-fruits-fillings"],
    "locations": {
      "vic": {
        "price": 9.6,
        "promoText": " ",
        "packageSize": "1kg",
        "packagePrice": "$9.60 per 1Kg"
      }
    }
  },
  {
    "id": "winn-red-glace-cherries",
    "brand": "Winn",
    "name": "Red Glace Cherries",
    "imageUrl": "https://shop.coles.com.au/wcsstore/Coles-CAS/images/2/1/4/2140984-th.jpg",
    "categories": ["pantry"],
    "tags": ["baking", "dried-fruits-fillings"],
    "locations": {
      "vic": {
        "price": 4.5,
        "promoText": "Was $5.00 on Oct 2018 ",
        "packageSize": "200g",
        "packagePrice": "$22.50 per 1Kg"
      }
    }
  },
  {
    "id": "nestle-milk-bits-cooking-chocolate",
    "brand": "Nestle",
    "name": "Bakers' Choice Milk Chocolate Bits",
    "imageUrl": "https://shop.coles.com.au/wcsstore/Coles-CAS/images/3/3/3/333852-th.jpg",
    "categories": ["pantry"],
    "tags": ["baking", "coking-chocolate-cocoa"],
    "locations": {
      "vic": {
        "price": 3,
        "promoText": "$0.95 ",
        "packageSize": "200g",
        "packagePrice": "$1.50 per 100G"
      }
    }
  },
  {
    "id": "nestle-plaistowe-dark-cooking-chocolate",
    "brand": "Nestle",
    "name": "Plaistowe Dark Chocolate Block",
    "imageUrl": "https://shop.coles.com.au/wcsstore/Coles-CAS/images/2/4/4/244479-th.jpg",
    "categories": ["pantry"],
    "tags": ["baking", "coking-chocolate-cocoa"],
    "locations": {
      "vic": {
        "price": 3,
        "promoText": "$1.00 ",
        "packageSize": "200g",
        "packagePrice": "$1.50 per 100G"
      }
    }
  },
  {
    "id": "nestle-cooking-chocolate-melts-milk",
    "brand": "Nestle",
    "name": "Bakers' Choice Milk Chocolate Melts",
    "imageUrl": "https://shop.coles.com.au/wcsstore/Coles-CAS/images/3/0/5/305008-th.jpg",
    "categories": ["pantry"],
    "tags": ["baking", "coking-chocolate-cocoa"],
    "locations": {
      "vic": {
        "price": 3,
        "promoText": "$0.85 ",
        "packageSize": "290g",
        "packagePrice": "$1.03 per 100G"
      }
    }
  },
  {
    "id": "cadbury-real-chocolate-real-chocolate-milk-chocolate-block",
    "brand": "Cadbury",
    "name": "Milk Chocolate Baking Block",
    "imageUrl": "https://shop.coles.com.au/wcsstore/Coles-CAS/images/2/3/1/2313700-th.jpg",
    "categories": ["pantry"],
    "tags": ["baking", "coking-chocolate-cocoa"],
    "locations": {
      "vic": {
        "price": 4.05,
        "promoText": "Any 2 $6",
        "packageSize": "180g",
        "packagePrice": "$2.25 per 100G"
      }
    }
  },
  {
    "id": "cadbury-real-chocolate-milk-chocolate-baking-chips",
    "brand": "Cadbury",
    "name": "Milk Chocolate Baking Chips",
    "imageUrl": "https://shop.coles.com.au/wcsstore/Coles-CAS/images/2/3/1/2313620-th.jpg",
    "categories": ["pantry"],
    "tags": ["baking", "coking-chocolate-cocoa"],
    "locations": {
      "vic": {
        "price": 4.2,
        "promoText": "Any 2 $6",
        "packageSize": "200g",
        "packagePrice": "$2.10 per 100G"
      }
    }
  },
  {
    "id": "cadbury-real-chocolate-milk-chocolate-melting-buttons",
    "brand": "Cadbury",
    "name": "Milk Chocolate Melting Buttons",
    "imageUrl": "https://shop.coles.com.au/wcsstore/Coles-CAS/images/2/3/1/2313652-th.jpg",
    "categories": ["pantry"],
    "tags": ["baking", "coking-chocolate-cocoa"],
    "locations": {
      "vic": {
        "price": 4.2,
        "promoText": "Any 2 $6",
        "packageSize": "225g",
        "packagePrice": "$1.87 per 100G"
      }
    }
  },
  {
    "id": "coles-cocoa-powder",
    "brand": "Coles",
    "name": "Cocoa Powder",
    "imageUrl": "https://shop.coles.com.au/wcsstore/Coles-CAS/images/1/9/9/1994703-th.jpg",
    "categories": ["pantry"],
    "tags": ["baking", "coking-chocolate-cocoa"],
    "locations": {
      "vic": {
        "price": 4,
        "promoText": " ",
        "packageSize": "375g",
        "packagePrice": "$1.07 per 100G"
      }
    }
  },
  {
    "id": "cadbury-real-chocolate-dark-chocolate-melting-buttons",
    "brand": "Cadbury",
    "name": "Baking Dark Chocolate Melts",
    "imageUrl": "https://shop.coles.com.au/wcsstore/Coles-CAS/images/2/3/1/2313641-th.jpg",
    "categories": ["pantry"],
    "tags": ["baking", "coking-chocolate-cocoa"],
    "locations": {
      "vic": {
        "price": 4.2,
        "promoText": "Any 2 $6",
        "packageSize": "225g",
        "packagePrice": "$1.87 per 100G"
      }
    }
  },
  {
    "id": "cadbury-real-chocolate-dark-chocolate-baking-chips",
    "brand": "Cadbury",
    "name": "Dark Chocolate Baking Chips",
    "imageUrl": "https://shop.coles.com.au/wcsstore/Coles-CAS/images/2/3/1/2313608-th.jpg",
    "categories": ["pantry"],
    "tags": ["baking", "coking-chocolate-cocoa"],
    "locations": {
      "vic": {
        "price": 4.2,
        "promoText": "Any 2 $6",
        "packageSize": "200g",
        "packagePrice": "$2.10 per 100G"
      }
    }
  },
  {
    "id": "cadbury-bournville-cocoa",
    "brand": "Cadbury",
    "name": "Baking Bournville Cocoa Powder",
    "imageUrl": "https://shop.coles.com.au/wcsstore/Coles-CAS/images/1/1/5/115953-th.jpg",
    "categories": ["pantry"],
    "tags": ["baking", "coking-chocolate-cocoa"],
    "locations": {
      "vic": {
        "price": 4.9,
        "promoText": " ",
        "packageSize": "250g",
        "packagePrice": "$1.96 per 100G"
      }
    }
  },
  {
    "id": "nestle-dark-choc-bits-cooking-chocolate",
    "brand": "Nestle",
    "name": "Bakers' Choice Dark Chocolate Bits",
    "imageUrl": "https://shop.coles.com.au/wcsstore/Coles-CAS/images/2/9/9/299903-th.jpg",
    "categories": ["pantry"],
    "tags": ["baking", "coking-chocolate-cocoa"],
    "locations": {
      "vic": {
        "price": 3,
        "promoText": "$0.95 ",
        "packageSize": "200g",
        "packagePrice": "$1.50 per 100G"
      }
    }
  },
  {
    "id": "nestle-plaistowe-cocoa-premium",
    "brand": "Nestle",
    "name": "Plaistowe Premium Cocoa",
    "imageUrl": "https://shop.coles.com.au/wcsstore/Coles-CAS/images/9/8/6/9867700-th.jpg",
    "categories": ["pantry"],
    "tags": ["baking", "coking-chocolate-cocoa"],
    "locations": {
      "vic": {
        "price": 6,
        "promoText": " ",
        "packageSize": "180g",
        "packagePrice": "$3.33 per 100G"
      }
    }
  },
  {
    "id": "coles-cooking-chocolate-dark-buttons",
    "brand": "Coles",
    "name": "Dark Buttons Cooking Chocolate",
    "imageUrl": "https://shop.coles.com.au/wcsstore/Coles-CAS/images/5/3/5/5357596-th.jpg",
    "categories": ["pantry"],
    "tags": ["baking", "coking-chocolate-cocoa"],
    "locations": {
      "vic": {
        "price": 2.5,
        "promoText": " ",
        "packageSize": "375g",
        "packagePrice": "$0.67 per 100G"
      }
    }
  },
  {
    "id": "cadbury-real-chocolate-real-chocolate-dark-chocolate-block",
    "brand": "Cadbury",
    "name": "Baking Dark Chocolate Block",
    "imageUrl": "https://shop.coles.com.au/wcsstore/Coles-CAS/images/2/3/1/2313696-th.jpg",
    "categories": ["pantry"],
    "tags": ["baking", "coking-chocolate-cocoa"],
    "locations": {
      "vic": {
        "price": 4.05,
        "promoText": "Any 2 $6",
        "packageSize": "180g",
        "packagePrice": "$2.25 per 100G"
      }
    }
  },
  {
    "id": "cadbury-real-chocolate-white-chocolate-baking-chips",
    "brand": "Cadbury",
    "name": "White Chocolate Baking Chips",
    "imageUrl": "https://shop.coles.com.au/wcsstore/Coles-CAS/images/2/3/1/2313619-th.jpg",
    "categories": ["pantry"],
    "tags": ["baking", "coking-chocolate-cocoa"],
    "locations": {
      "vic": {
        "price": 4.2,
        "promoText": "Any 2 $6",
        "packageSize": "200g",
        "packagePrice": "$2.10 per 100G"
      }
    }
  },
  {
    "id": "coles-smart-buy-chocolate-cooking-compound-chips-milk",
    "brand": "Coles",
    "name": "Dark Chocolate Compound Cooking Chips",
    "imageUrl": "https://shop.coles.com.au/wcsstore/Coles-CAS/images/2/6/4/264589-th.jpg",
    "categories": ["pantry"],
    "tags": ["baking", "coking-chocolate-cocoa"],
    "locations": {
      "vic": {
        "price": 1.5,
        "promoText": " ",
        "packageSize": "250g",
        "packagePrice": "$0.60 per 100G"
      }
    }
  },
  {
    "id": "nestle-plaistowe-cooking-chocolate-70%25-cocoa",
    "brand": "Nestle",
    "name": "Plaistowe Cooking Chocolate Block 70% Dark Cocoa",
    "imageUrl": "https://shop.coles.com.au/wcsstore/Coles-CAS/images/7/5/2/7528780-th.jpg",
    "categories": ["pantry"],
    "tags": ["baking", "coking-chocolate-cocoa"],
    "locations": {
      "vic": {
        "price": 3,
        "promoText": "$1.00 ",
        "packageSize": "200g",
        "packagePrice": "$1.50 per 100G"
      }
    }
  },
  {
    "id": "nestle-dark-chocolate-cooking-melts",
    "brand": "Nestle",
    "name": "Bakers' Choice Dark Chocolate Melts",
    "imageUrl": "https://shop.coles.com.au/wcsstore/Coles-CAS/images/4/4/7/447578-th.jpg",
    "categories": ["pantry"],
    "tags": ["baking", "coking-chocolate-cocoa"],
    "locations": {
      "vic": {
        "price": 3,
        "promoText": "$0.85 ",
        "packageSize": "290g",
        "packagePrice": "$1.03 per 100G"
      }
    }
  },
  {
    "id": "noshu-choc-baking-chips",
    "brand": "Noshu",
    "name": "98% Sugar Free Choc Baking Chips",
    "imageUrl": "https://shop.coles.com.au/wcsstore/Coles-CAS/images/3/5/9/3591479-th.jpg",
    "categories": ["pantry"],
    "tags": ["baking", "coking-chocolate-cocoa"],
    "locations": {
      "vic": {
        "price": 4,
        "promoText": " ",
        "packageSize": "150g",
        "packagePrice": "$2.67 per 100G"
      }
    }
  },
  {
    "id": "coles-cooking-chocolate-dark",
    "brand": "Coles",
    "name": "Dark Cooking Chocolate",
    "imageUrl": "https://shop.coles.com.au/wcsstore/Coles-CAS/images/6/0/0/6002949-th.jpg",
    "categories": ["pantry"],
    "tags": ["baking", "coking-chocolate-cocoa"],
    "locations": {
      "vic": {
        "price": 2.5,
        "promoText": " ",
        "packageSize": "200g",
        "packagePrice": "$1.25 per 100G"
      }
    }
  },
  {
    "id": "nestle-baking-cocoa",
    "brand": "Nestle",
    "name": "Baking Cocoa",
    "imageUrl": "https://shop.coles.com.au/wcsstore/Coles-CAS/images/8/9/6/8966229-th.jpg",
    "categories": ["pantry"],
    "tags": ["baking", "coking-chocolate-cocoa"],
    "locations": {
      "vic": {
        "price": 4.5,
        "promoText": " ",
        "packageSize": "190g",
        "packagePrice": "$2.37 per 100G"
      }
    }
  },
  {
    "id": "nestle-white-chocolate-cooking-melts",
    "brand": "Nestle",
    "name": "Bakers' Choice White Chocolate Melts",
    "imageUrl": "https://shop.coles.com.au/wcsstore/Coles-CAS/images/4/7/2/472848-th.jpg",
    "categories": ["pantry"],
    "tags": ["baking", "coking-chocolate-cocoa"],
    "locations": {
      "vic": {
        "price": 3,
        "promoText": "$0.85 ",
        "packageSize": "290g",
        "packagePrice": "$1.03 per 100G"
      }
    }
  },
  {
    "id": "cadbury-real-chocolate-real-chocolate-white-chocolate-block",
    "brand": "Cadbury",
    "name": "Baking White Chocolate Block",
    "imageUrl": "https://shop.coles.com.au/wcsstore/Coles-CAS/images/2/3/1/2313685-th.jpg",
    "categories": ["pantry"],
    "tags": ["baking", "coking-chocolate-cocoa"],
    "locations": {
      "vic": {
        "price": 4.05,
        "promoText": "Any 2 $6",
        "packageSize": "180g",
        "packagePrice": "$2.25 per 100G"
      }
    }
  },
  {
    "id": "cadbury-baking-dark-chocolate-70%25-cocoa",
    "brand": "Cadbury",
    "name": "Baking 70% Cocoa Dark Chocolate Block",
    "imageUrl": "https://shop.coles.com.au/wcsstore/Coles-CAS/images/2/5/1/2516605-th.jpg",
    "categories": ["pantry"],
    "tags": ["baking", "coking-chocolate-cocoa"],
    "locations": {
      "vic": {
        "price": 4.05,
        "promoText": "Any 2 $6",
        "packageSize": "180g",
        "packagePrice": "$2.25 per 100G"
      }
    }
  },
  {
    "id": "coles-cooking-chocolate-white-buttons",
    "brand": "Coles",
    "name": "White Chocolate Cooking Buttons",
    "imageUrl": "https://shop.coles.com.au/wcsstore/Coles-CAS/images/9/6/1/9610601-th.jpg",
    "categories": ["pantry"],
    "tags": ["baking", "coking-chocolate-cocoa"],
    "locations": {
      "vic": {
        "price": 2.5,
        "promoText": " ",
        "packageSize": "375g",
        "packagePrice": "$0.67 per 100G"
      }
    }
  },
  {
    "id": "coles-cooking-chocolate-milk-buttons",
    "brand": "Coles",
    "name": "Milk Choc Buttons Cooking Chocolate",
    "imageUrl": "https://shop.coles.com.au/wcsstore/Coles-CAS/images/5/3/5/5357585-th.jpg",
    "categories": ["pantry"],
    "tags": ["baking", "coking-chocolate-cocoa"],
    "locations": {
      "vic": {
        "price": 2.5,
        "promoText": " ",
        "packageSize": "375g",
        "packagePrice": "$0.67 per 100G"
      }
    }
  },
  {
    "id": "nestle-white-chocolate-cooking-bits",
    "brand": "Nestle",
    "name": "Bakers' Choice White Chocolate Bits",
    "imageUrl": "https://shop.coles.com.au/wcsstore/Coles-CAS/images/5/2/2/5222586-th.jpg",
    "categories": ["pantry"],
    "tags": ["baking", "coking-chocolate-cocoa"],
    "locations": {
      "vic": {
        "price": 3,
        "promoText": "$0.95 ",
        "packageSize": "200g",
        "packagePrice": "$1.50 per 100G"
      }
    }
  },
  {
    "id": "nestle-plaistowe-classic-milk-cooking-chocolate",
    "brand": "Nestle",
    "name": "Plaistowe Milk Chocolate Block",
    "imageUrl": "https://shop.coles.com.au/wcsstore/Coles-CAS/images/9/5/3/9536076-th.jpg",
    "categories": ["pantry"],
    "tags": ["baking", "coking-chocolate-cocoa"],
    "locations": {
      "vic": {
        "price": 3,
        "promoText": "$1.00 ",
        "packageSize": "200g",
        "packagePrice": "$1.50 per 100G"
      }
    }
  },
  {
    "id": "cadbury-real-chocolate-white-chocolate-melting-buttons",
    "brand": "Cadbury",
    "name": "White Milk Chocolate Melting Buttons",
    "imageUrl": "https://shop.coles.com.au/wcsstore/Coles-CAS/images/2/3/1/2313663-th.jpg",
    "categories": ["pantry"],
    "tags": ["baking", "coking-chocolate-cocoa"],
    "locations": {
      "vic": {
        "price": 4.2,
        "promoText": "Any 2 $6",
        "packageSize": "225g",
        "packagePrice": "$1.87 per 100G"
      }
    }
  },
  {
    "id": "coles-cooking-chocolate-milk",
    "brand": "Coles",
    "name": "Milk Cooking Chocolate",
    "imageUrl": "https://shop.coles.com.au/wcsstore/Coles-CAS/images/6/0/0/6002950-th.jpg",
    "categories": ["pantry"],
    "tags": ["baking", "coking-chocolate-cocoa"],
    "locations": {
      "vic": {
        "price": 2.5,
        "promoText": " ",
        "packageSize": "200g",
        "packagePrice": "$1.25 per 100G"
      }
    }
  },
  {
    "id": "coles-brand-cooking-chocolate-white",
    "brand": "Coles",
    "name": "White Cooking Chocolate",
    "imageUrl": "https://shop.coles.com.au/wcsstore/Coles-CAS/images/6/5/4/6546823-th.jpg",
    "categories": ["pantry"],
    "tags": ["baking", "coking-chocolate-cocoa"],
    "locations": {
      "vic": {
        "price": 2.5,
        "promoText": " ",
        "packageSize": "200g",
        "packagePrice": "$1.25 per 100G"
      }
    }
  },
  {
    "id": "coles-cooking-chocolate-compound-dark",
    "brand": "Coles",
    "name": "Dark Cooking Chocolate Compound Block",
    "imageUrl": "https://shop.coles.com.au/wcsstore/Coles-CAS/images/3/3/8/3381046-th.jpg",
    "categories": ["pantry"],
    "tags": ["baking", "coking-chocolate-cocoa"],
    "locations": {
      "vic": {
        "price": 2.5,
        "promoText": " ",
        "packageSize": "200g",
        "packagePrice": "$1.25 per 100G"
      }
    }
  },
  {
    "id": "nestle-plaistowe-premium-white-cooking-chocolate",
    "brand": "Nestle",
    "name": "Plaistowe Cooking Chocolate Block White",
    "imageUrl": "https://shop.coles.com.au/wcsstore/Coles-CAS/images/9/5/3/9536101-th.jpg",
    "categories": ["pantry"],
    "tags": ["baking", "coking-chocolate-cocoa"],
    "locations": {
      "vic": {
        "price": 3,
        "promoText": "$1.00 ",
        "packageSize": "180g",
        "packagePrice": "$1.67 per 100G"
      }
    }
  },
  {
    "id": "nestle-mini-smarties-bits",
    "brand": "Nestle",
    "name": "Smarties Mini Bits",
    "imageUrl": "https://shop.coles.com.au/wcsstore/Coles-CAS/images/3/5/8/3589998-th.jpg",
    "categories": ["pantry"],
    "tags": ["baking", "coking-chocolate-cocoa"],
    "locations": {
      "vic": {
        "price": 3,
        "promoText": "$0.95 ",
        "packageSize": "150g",
        "packagePrice": "$2.00 per 100G"
      }
    }
  },
  {
    "id": "noshu-white-choc-baking-chips",
    "brand": "Noshu",
    "name": "95% Sugar Free White Choc Baking Chips",
    "imageUrl": "https://shop.coles.com.au/wcsstore/Coles-CAS/images/3/5/9/3591457-th.jpg",
    "categories": ["pantry"],
    "tags": ["baking", "coking-chocolate-cocoa"],
    "locations": {
      "vic": {
        "price": 4,
        "promoText": " ",
        "packageSize": "150g",
        "packagePrice": "$2.67 per 100G"
      }
    }
  },
  {
    "id": "sipahh-milk-flavouring-straws-cocoa-bean",
    "brand": "Sipahh",
    "name": "Milk Flavouring Straws Cocoa Bean Chocolate 10 pack",
    "imageUrl": "https://shop.coles.com.au/wcsstore/Coles-CAS/images/3/1/8/3180419-th.jpg",
    "categories": ["pantry"],
    "tags": ["baking", "coking-chocolate-cocoa"],
    "locations": {
      "vic": {
        "price": 0,
        "promoText": " ",
        "packageSize": "35g",
        "packagePrice": ""
      }
    }
  },
  {
    "id": "vittoria-dark-chocochino",
    "brand": "Vittoria",
    "name": "Dark Chocochino",
    "imageUrl": "https://shop.coles.com.au/wcsstore/Coles-CAS/images/2/9/9/2993397-th.jpg",
    "categories": ["pantry"],
    "tags": ["baking", "coking-chocolate-cocoa"],
    "locations": {
      "vic": {
        "price": 4,
        "promoText": "$0.90 ",
        "packageSize": "375g",
        "packagePrice": "$1.07 per 100G"
      }
    }
  },
  {
    "id": "chefs-kitchen-french-style-crepe-mix",
    "brand": "Hansells",
    "name": "Chef's Kitchen French Style Crepe Mix",
    "imageUrl": "https://shop.coles.com.au/wcsstore/Coles-CAS/images/3/1/8/3187702-th.jpg",
    "categories": ["pantry"],
    "tags": ["baking", "pancake-dessert-mixes"],
    "locations": {
      "vic": {
        "price": 4,
        "promoText": " ",
        "packageSize": "200g",
        "packagePrice": "$2.00 per 100G"
      }
    }
  },
  {
    "id": "chefs-kitchen-french-style-creme-brulee",
    "brand": "Hansells",
    "name": "Chef's Kitchen French Style Creme Brulee",
    "imageUrl": "https://shop.coles.com.au/wcsstore/Coles-CAS/images/3/1/8/3187666-th.jpg",
    "categories": ["pantry"],
    "tags": ["baking", "pancake-dessert-mixes"],
    "locations": {
      "vic": {
        "price": 2,
        "promoText": " ",
        "packageSize": "70g",
        "packagePrice": "$2.86 per 100G"
      }
    }
  },
  {
    "id": "greens-pancake-shaker-buttermilk",
    "brand": "Green's",
    "name": "Buttermilk Pancake Shake",
    "imageUrl": "https://shop.coles.com.au/wcsstore/Coles-CAS/images/4/6/6/4663779-th.jpg",
    "categories": ["pantry"],
    "tags": ["baking", "pancake-dessert-mixes"],
    "locations": {
      "vic": {
        "price": 2.9,
        "promoText": " ",
        "packageSize": "325g",
        "packagePrice": "$0.89 per 100G"
      }
    }
  },
  {
    "id": "greens-pancake-shake-original-5210463p",
    "brand": "Green's",
    "name": "Original Pancake Shake",
    "imageUrl": "https://shop.coles.com.au/wcsstore/Coles-CAS/images/5/2/1/5210463-th.jpg",
    "categories": ["pantry"],
    "tags": ["baking", "pancake-dessert-mixes"],
    "locations": {
      "vic": {
        "price": 2.9,
        "promoText": " ",
        "packageSize": "375g",
        "packagePrice": "$0.77 per 100G"
      }
    }
  },
  {
    "id": "coles-buttermilk-pancakes",
    "brand": "Coles",
    "name": "Buttermilk Pancakes",
    "imageUrl": "https://shop.coles.com.au/wcsstore/Coles-CAS/images/2/5/1/2517302-th.jpg",
    "categories": ["pantry"],
    "tags": ["baking", "pancake-dessert-mixes"],
    "locations": {
      "vic": {
        "price": 1.5,
        "promoText": " ",
        "packageSize": "350g",
        "packagePrice": "$0.43 per 100G"
      }
    }
  },
  {
    "id": "foster-clarks-uht-vanilla-custard",
    "brand": "Foster Clark's",
    "name": "Long Life Vanilla Custard",
    "imageUrl": "https://shop.coles.com.au/wcsstore/Coles-CAS/images/7/4/0/7408392-th.jpg",
    "categories": ["pantry"],
    "tags": ["baking", "pancake-dessert-mixes"],
    "locations": {
      "vic": {
        "price": 4,
        "promoText": " ",
        "packageSize": "1L",
        "packagePrice": "$0.40 per 100mL"
      }
    }
  },
  {
    "id": "doona-hay-spelt-flour-pancake-real-vanilla-bean",
    "brand": "Donna Hay",
    "name": "Spelt Flour Pancakes with Real Vanilla Bean Seeds",
    "imageUrl": "https://shop.coles.com.au/wcsstore/Coles-CAS/images/3/1/8/3186583-th.jpg",
    "categories": ["pantry"],
    "tags": ["baking", "pancake-dessert-mixes"],
    "locations": {
      "vic": {
        "price": 5.95,
        "promoText": " ",
        "packageSize": "285g",
        "packagePrice": "$2.09 per 100G"
      }
    }
  },
  {
    "id": "white-wings-shaker-pancake-mix-original",
    "brand": "White Wings",
    "name": "Original Pancake Shake",
    "imageUrl": "https://shop.coles.com.au/wcsstore/Coles-CAS/images/5/5/9/5596972-th.jpg",
    "categories": ["pantry"],
    "tags": ["baking", "pancake-dessert-mixes"],
    "locations": {
      "vic": {
        "price": 2.5,
        "promoText": "Was $3.15 on Jan 2018 ",
        "packageSize": "350g",
        "packagePrice": "$0.71 per 100G"
      }
    }
  },
  {
    "id": "grens-chocchip-butter-milk-pancake-shake",
    "brand": "Greens",
    "name": "Choc chip & Butter Milk Pancake Shake",
    "imageUrl": "https://shop.coles.com.au/wcsstore/Coles-CAS/images/3/7/6/3765649-th.jpg",
    "categories": ["pantry"],
    "tags": ["baking", "pancake-dessert-mixes"],
    "locations": {
      "vic": {
        "price": 4,
        "promoText": " ",
        "packageSize": "335g",
        "packagePrice": "$1.19 per 100G"
      }
    }
  },
  {
    "id": "chefs-kitchen-italian-style-panna-cotta",
    "brand": "Hansells",
    "name": "Chef's Kitchen Italian Style Panna Cotta",
    "imageUrl": "https://shop.coles.com.au/wcsstore/Coles-CAS/images/3/1/8/3187655-th.jpg",
    "categories": ["pantry"],
    "tags": ["baking", "pancake-dessert-mixes"],
    "locations": {
      "vic": {
        "price": 2,
        "promoText": " ",
        "packageSize": "65g",
        "packagePrice": "$3.08 per 100G"
      }
    }
  },
  {
    "id": "white-wings-shake-pour-pancake-mix-buttermilk-97%25-fat-free",
    "brand": "White Wings",
    "name": "Buttermilk Pancake Shake",
    "imageUrl": "https://shop.coles.com.au/wcsstore/Coles-CAS/images/5/0/8/5084868-th.jpg",
    "categories": ["pantry"],
    "tags": ["baking", "pancake-dessert-mixes"],
    "locations": {
      "vic": {
        "price": 2.5,
        "promoText": "Was $3.15 on Jan 2018 ",
        "packageSize": "325g",
        "packagePrice": "$0.77 per 100G"
      }
    }
  },
  {
    "id": "coles-custard-uht",
    "brand": "Coles",
    "name": "Vanilla Flavour Custard",
    "imageUrl": "https://shop.coles.com.au/wcsstore/Coles-CAS/images/5/9/4/5945459-th.jpg",
    "categories": ["pantry"],
    "tags": ["baking", "pancake-dessert-mixes"],
    "locations": {
      "vic": {
        "price": 1.9,
        "promoText": " ",
        "packageSize": "1L",
        "packagePrice": "$1.90 per 1L"
      }
    }
  },
  {
    "id": "coles-original-pancake-mix",
    "brand": "Coles",
    "name": "Original Pancake Mix",
    "imageUrl": "https://shop.coles.com.au/wcsstore/Coles-CAS/images/2/5/1/2517299-th.jpg",
    "categories": ["pantry"],
    "tags": ["baking", "pancake-dessert-mixes"],
    "locations": {
      "vic": {
        "price": 1.5,
        "promoText": " ",
        "packageSize": "350g",
        "packagePrice": "$0.43 per 100G"
      }
    }
  },
  {
    "id": "coles-pancake-mix-no-added-sugar",
    "brand": "Coles",
    "name": "Buttermilk Pancake Mix No Added Sugar",
    "imageUrl": "https://shop.coles.com.au/wcsstore/Coles-CAS/images/3/1/9/3195405-th.jpg",
    "categories": ["pantry"],
    "tags": ["baking", "pancake-dessert-mixes"],
    "locations": {
      "vic": {
        "price": 1.5,
        "promoText": " ",
        "packageSize": "300g",
        "packagePrice": "$0.50 per 100G"
      }
    }
  },
  {
    "id": "foster-clarks-custard-powder",
    "brand": "Foster Clark's",
    "name": "Powder Custard",
    "imageUrl": "https://shop.coles.com.au/wcsstore/Coles-CAS/images/1/2/2/122234-th.jpg",
    "categories": ["pantry"],
    "tags": ["baking", "pancake-dessert-mixes"],
    "locations": {
      "vic": {
        "price": 2.2,
        "promoText": " ",
        "packageSize": "350g",
        "packagePrice": "$0.63 per 100G"
      }
    }
  },
  {
    "id": "aeroplane-mousse-chocolate",
    "brand": "Aeroplane",
    "name": "Mousse Chocolate",
    "imageUrl": "https://shop.coles.com.au/wcsstore/Coles-CAS/images/3/7/3/3730178-th.jpg",
    "categories": ["pantry"],
    "tags": ["baking", "pancake-dessert-mixes"],
    "locations": {
      "vic": {
        "price": 1.75,
        "promoText": "$0.50 ",
        "packageSize": "65g",
        "packagePrice": "$2.69 per 100G"
      }
    }
  },
  {
    "id": "foster-clark-custard-quick-mix",
    "brand": "Foster Clark's",
    "name": "Quick Mix Custard",
    "imageUrl": "https://shop.coles.com.au/wcsstore/Coles-CAS/images/2/1/9/219959-th.jpg",
    "categories": ["pantry"],
    "tags": ["baking", "pancake-dessert-mixes"],
    "locations": {
      "vic": {
        "price": 2,
        "promoText": " ",
        "packageSize": "80g",
        "packagePrice": "$2.50 per 100G"
      }
    }
  },
  {
    "id": "greens-pancake-shake-with-maple-flavour",
    "brand": "Green's",
    "name": "Maple Syrup Pancake Shake",
    "imageUrl": "https://shop.coles.com.au/wcsstore/Coles-CAS/images/8/0/4/8043380-th.jpg",
    "categories": ["pantry"],
    "tags": ["baking", "pancake-dessert-mixes"],
    "locations": {
      "vic": {
        "price": 2.9,
        "promoText": " ",
        "packageSize": "325g",
        "packagePrice": "$0.89 per 100G"
      }
    }
  },
  {
    "id": "chefs-kitchen-belgian-style-waffle-mix",
    "brand": "Hansells",
    "name": "Chef's Kitchen Belgian Style Waffle Mix",
    "imageUrl": "https://shop.coles.com.au/wcsstore/Coles-CAS/images/3/1/8/3187688-th.jpg",
    "categories": ["pantry"],
    "tags": ["baking", "pancake-dessert-mixes"],
    "locations": {
      "vic": {
        "price": 4,
        "promoText": " ",
        "packageSize": "200g",
        "packagePrice": "$2.00 per 100G"
      }
    }
  },
  {
    "id": "pancake-parlour-pancake-mix",
    "brand": "The Pancake Parlour",
    "name": "Buttermilk Pancake Mix",
    "imageUrl": "https://shop.coles.com.au/wcsstore/Coles-CAS/images/7/5/7/7571270-th.jpg",
    "categories": ["pantry"],
    "tags": ["baking", "pancake-dessert-mixes"],
    "locations": {
      "vic": {
        "price": 6.6,
        "promoText": " ",
        "packageSize": "500g",
        "packagePrice": "$1.32 per 100G"
      }
    }
  },
  {
    "id": "coles-smart-buy-custard-powder",
    "brand": "Coles",
    "name": "Custard Powder",
    "imageUrl": "https://shop.coles.com.au/wcsstore/Coles-CAS/images/5/8/9/5896229-th.jpg",
    "categories": ["pantry"],
    "tags": ["baking", "pancake-dessert-mixes"],
    "locations": {
      "vic": {
        "price": 1,
        "promoText": " ",
        "packageSize": "350g",
        "packagePrice": "$0.29 per 100G"
      }
    }
  },
  {
    "id": "coles-pancake-pikelet-mix",
    "brand": "Coles",
    "name": "Pancake & Pikelet Mix",
    "imageUrl": "https://shop.coles.com.au/wcsstore/Coles-CAS/images/2/5/1/2517357-th.jpg",
    "categories": ["pantry"],
    "tags": ["baking", "pancake-dessert-mixes"],
    "locations": {
      "vic": {
        "price": 1,
        "promoText": " ",
        "packageSize": "300g",
        "packagePrice": "$0.33 per 100G"
      }
    }
  },
  {
    "id": "coles-custard-strawberry-pouch",
    "brand": "Coles",
    "name": "Strawberry Custard Pouch",
    "imageUrl": "https://shop.coles.com.au/wcsstore/Coles-CAS/images/3/5/0/3501556-th.jpg",
    "categories": ["pantry"],
    "tags": ["baking", "pancake-dessert-mixes"],
    "locations": {
      "vic": {
        "price": 0.95,
        "promoText": " ",
        "packageSize": "90g",
        "packagePrice": "$1.06 per 100G"
      }
    }
  },
  {
    "id": "coles-custard-banana-pouch",
    "brand": "Coles",
    "name": "Banana Custard Pouch",
    "imageUrl": "https://shop.coles.com.au/wcsstore/Coles-CAS/images/3/5/0/3501545-th.jpg",
    "categories": ["pantry"],
    "tags": ["baking", "pancake-dessert-mixes"],
    "locations": {
      "vic": {
        "price": 0.95,
        "promoText": " ",
        "packageSize": "90g",
        "packagePrice": "$1.06 per 100G"
      }
    }
  },
  {
    "id": "coles-custard-chocolate-pouch",
    "brand": "Coles",
    "name": "Chocolate Custard Pouch",
    "imageUrl": "https://shop.coles.com.au/wcsstore/Coles-CAS/images/3/5/0/3501523-th.jpg",
    "categories": ["pantry"],
    "tags": ["baking", "pancake-dessert-mixes"],
    "locations": {
      "vic": {
        "price": 0.95,
        "promoText": " ",
        "packageSize": "90g",
        "packagePrice": "$1.06 per 100G"
      }
    }
  },
  {
    "id": "coles-custard-pouch",
    "brand": "Coles",
    "name": "Vanilla Custard Pouch",
    "imageUrl": "https://shop.coles.com.au/wcsstore/Coles-CAS/images/3/5/0/3501567-th.jpg",
    "categories": ["pantry"],
    "tags": ["baking", "pancake-dessert-mixes"],
    "locations": {
      "vic": {
        "price": 0.95,
        "promoText": " ",
        "packageSize": "90g",
        "packagePrice": "$1.06 per 100G"
      }
    }
  },
  {
    "id": "grens-big-value-pancakes-pack",
    "brand": "Green's",
    "name": "Big Value Pancakes Pack",
    "imageUrl": "https://shop.coles.com.au/wcsstore/Coles-CAS/images/3/7/6/3765660-th.jpg",
    "categories": ["pantry"],
    "tags": ["baking", "pancake-dessert-mixes"],
    "locations": {
      "vic": {
        "price": 4,
        "promoText": " ",
        "packageSize": "600g",
        "packagePrice": "$0.67 per 100G"
      }
    }
  },
  {
    "id": "grens-temptations-chocolate-mousse",
    "brand": "Greens",
    "name": "Temptations Chocolate Mousse",
    "imageUrl": "https://shop.coles.com.au/wcsstore/Coles-CAS/images/3/5/3/3531230-th.jpg",
    "categories": ["pantry"],
    "tags": ["baking", "pancake-dessert-mixes"],
    "locations": {
      "vic": {
        "price": 5,
        "promoText": " ",
        "packageSize": "185g",
        "packagePrice": "$2.70 per 100G"
      }
    }
  },
  {
    "id": "grens-temptations-mint-slice",
    "brand": "Greens",
    "name": "Temptations Mint Slice",
    "imageUrl": "https://shop.coles.com.au/wcsstore/Coles-CAS/images/3/5/3/3531218-th.jpg",
    "categories": ["pantry"],
    "tags": ["baking", "pancake-dessert-mixes"],
    "locations": {
      "vic": {
        "price": 5,
        "promoText": " ",
        "packageSize": "450g",
        "packagePrice": "$1.11 per 100G"
      }
    }
  },
  {
    "id": "grens-temptations-lemon-meringue-pie",
    "brand": "Greens",
    "name": "Temptations Lemon Meringue Pie",
    "imageUrl": "https://shop.coles.com.au/wcsstore/Coles-CAS/images/3/7/3/3730393-th.jpg",
    "categories": ["pantry"],
    "tags": ["baking", "pancake-dessert-mixes"],
    "locations": {
      "vic": {
        "price": 5,
        "promoText": " ",
        "packageSize": "480g",
        "packagePrice": "$1.04 per 100G"
      }
    }
  },
  {
    "id": "grens-coconut-raspberry-pancake-shake",
    "brand": "Greens",
    "name": "Coconut & Raspberry Pancake Shake",
    "imageUrl": "https://shop.coles.com.au/wcsstore/Coles-CAS/images/3/7/6/3765638-th.jpg",
    "categories": ["pantry"],
    "tags": ["baking", "pancake-dessert-mixes"],
    "locations": {
      "vic": {
        "price": 4,
        "promoText": " ",
        "packageSize": "325g",
        "packagePrice": "$1.23 per 100G"
      }
    }
  },
  {
    "id": "grens-blueberry-butter-milk-pancake-shake",
    "brand": "Greens",
    "name": "Blueberry & Butter Milk Pancake Shake",
    "imageUrl": "https://shop.coles.com.au/wcsstore/Coles-CAS/images/3/7/6/3765627-th.jpg",
    "categories": ["pantry"],
    "tags": ["baking", "pancake-dessert-mixes"],
    "locations": {
      "vic": {
        "price": 4,
        "promoText": " ",
        "packageSize": "325g",
        "packagePrice": "$1.23 per 100G"
      }
    }
  },
  {
    "id": "noshu-99-sugar-fre-low-carb-pancake-mix",
    "brand": "Noshu",
    "name": "Sugar Free Low Carb Pancake Mix",
    "imageUrl": "https://shop.coles.com.au/wcsstore/Coles-CAS/images/3/7/6/3765693-th.jpg",
    "categories": ["pantry"],
    "tags": ["baking", "pancake-dessert-mixes"],
    "locations": {
      "vic": {
        "price": 6,
        "promoText": " ",
        "packageSize": "240g",
        "packagePrice": "$2.50 per 100G"
      }
    }
  },
  {
    "id": "pavlova-pantry-pavlova-magic",
    "brand": "Pavlova Pantry",
    "name": "White Wings Dessert Mix",
    "imageUrl": "https://shop.coles.com.au/wcsstore/Coles-CAS/images/2/9/8/298809-th.jpg",
    "categories": ["pantry"],
    "tags": ["baking", "pancake-dessert-mixes"],
    "locations": {
      "vic": {
        "price": 4.3,
        "promoText": " ",
        "packageSize": "125g",
        "packagePrice": "$3.44 per 100G"
      }
    }
  },
  {
    "id": "coles-sesame-seeds-3559523p",
    "brand": "Coles",
    "name": "Sesame Seeds",
    "imageUrl": "https://shop.coles.com.au/wcsstore/Coles-CAS/images/3/5/5/3559523-th.jpg",
    "categories": ["pantry"],
    "tags": ["baking", "nuts-baking"],
    "locations": {
      "vic": {
        "price": 1.6,
        "promoText": " ",
        "packageSize": "150g",
        "packagePrice": "$1.07 per 100G"
      }
    }
  },
  {
    "id": "coles-hemp-seeds",
    "brand": "Coles",
    "name": "Hemp Seeds",
    "imageUrl": "https://shop.coles.com.au/wcsstore/Coles-CAS/images/3/3/3/3337317-th.jpg",
    "categories": ["pantry"],
    "tags": ["baking", "nuts-baking"],
    "locations": {
      "vic": {
        "price": 8,
        "promoText": " ",
        "packageSize": "200g",
        "packagePrice": "$4.00 per 100G"
      }
    }
  },
  {
    "id": "coles-brazil-nuts-3559308p",
    "brand": "Coles",
    "name": "Brazil Nuts",
    "imageUrl": "https://shop.coles.com.au/wcsstore/Coles-CAS/images/3/5/5/3559308-th.jpg",
    "categories": ["pantry"],
    "tags": ["baking", "nuts-baking"],
    "locations": {
      "vic": {
        "price": 5,
        "promoText": " ",
        "packageSize": "150g",
        "packagePrice": "$3.33 per 100G"
      }
    }
  },
  {
    "id": "coles-organic-trail-mix",
    "brand": "Coles",
    "name": "Organic Trail Mix",
    "imageUrl": "https://shop.coles.com.au/wcsstore/Coles-CAS/images/3/5/7/3571926-th.jpg",
    "categories": ["pantry"],
    "tags": ["baking", "nuts-baking"],
    "locations": {
      "vic": {
        "price": 5,
        "promoText": " ",
        "packageSize": "180g",
        "packagePrice": "$27.78 per 1Kg"
      }
    }
  },
  {
    "id": "cottees-jam-strawberry-conserve",
    "brand": "Cottee's",
    "name": "Strawberry Jam",
    "imageUrl": "https://shop.coles.com.au/wcsstore/Coles-CAS/images/1/3/1/131188-th.jpg",
    "categories": ["pantry"],
    "tags": ["jams-honey-spreads", "jams"],
    "locations": {
      "vic": {
        "price": 2.5,
        "promoText": "Was $3.35 on Mar 2018 ",
        "packageSize": "500g",
        "packagePrice": "$0.50 per 100G"
      }
    }
  },
  {
    "id": "bonne-maman-jam-raspberry",
    "brand": "Bonne Maman",
    "name": "Raspberry Jam",
    "imageUrl": "https://shop.coles.com.au/wcsstore/Coles-CAS/images/8/5/5/8558164-th.jpg",
    "categories": ["pantry"],
    "tags": ["jams-honey-spreads", "jams"],
    "locations": {
      "vic": {
        "price": 5.2,
        "promoText": " ",
        "packageSize": "370g",
        "packagePrice": "$1.41 per 100G"
      }
    }
  },
  {
    "id": "bonne-maman-jam-strawberry",
    "brand": "Bonne Maman",
    "name": "Strawberry Jam",
    "imageUrl": "https://shop.coles.com.au/wcsstore/Coles-CAS/images/5/9/3/5935149-th.jpg",
    "categories": ["pantry"],
    "tags": ["jams-honey-spreads", "jams"],
    "locations": {
      "vic": {
        "price": 5.2,
        "promoText": " ",
        "packageSize": "370g",
        "packagePrice": "$1.41 per 100G"
      }
    }
  },
  {
    "id": "st-dalfour-fruit-spread-strawberry",
    "brand": "St Dalfour",
    "name": "Strawberry Spread",
    "imageUrl": "https://shop.coles.com.au/wcsstore/Coles-CAS/images/5/7/0/5704372-th.jpg",
    "categories": ["pantry"],
    "tags": ["jams-honey-spreads", "jams"],
    "locations": {
      "vic": {
        "price": 3,
        "promoText": "$1.50 ",
        "packageSize": "284g",
        "packagePrice": "$1.06 per 100G"
      }
    }
  },
  {
    "id": "st-dalfour-fruit-spread-red-raspberry",
    "brand": "St Dalfour",
    "name": "Red Raspberry Spread",
    "imageUrl": "https://shop.coles.com.au/wcsstore/Coles-CAS/images/5/7/0/5704350-th.jpg",
    "categories": ["pantry"],
    "tags": ["jams-honey-spreads", "jams"],
    "locations": {
      "vic": {
        "price": 3,
        "promoText": "$1.50 ",
        "packageSize": "284g",
        "packagePrice": "$1.06 per 100G"
      }
    }
  },
  {
    "id": "anathoth-strawberry-jam",
    "brand": "Barker's",
    "name": "Strawberry Jam",
    "imageUrl": "https://shop.coles.com.au/wcsstore/Coles-CAS/images/7/5/4/7549361-th.jpg",
    "categories": ["pantry"],
    "tags": ["jams-honey-spreads", "jams"],
    "locations": {
      "vic": {
        "price": 5,
        "promoText": " ",
        "packageSize": "455g",
        "packagePrice": "$1.10 per 100G"
      }
    }
  },
  {
    "id": "roses-marmalade-english-breakfast",
    "brand": "Rose's",
    "name": "English Breakfast Marmalade",
    "imageUrl": "https://shop.coles.com.au/wcsstore/Coles-CAS/images/3/1/5/315759-th.jpg",
    "categories": ["pantry"],
    "tags": ["jams-honey-spreads", "jams"],
    "locations": {
      "vic": {
        "price": 3.85,
        "promoText": "Was $4.50 on Nov 2019 ",
        "packageSize": "500g",
        "packagePrice": "$0.77 per 100G"
      }
    }
  },
  {
    "id": "beerenberg-jam-strawberry",
    "brand": "Beerenberg",
    "name": "Australian Strawberry Jam",
    "imageUrl": "https://shop.coles.com.au/wcsstore/Coles-CAS/images/6/9/9/6993720-th.jpg",
    "categories": ["pantry"],
    "tags": ["jams-honey-spreads", "jams"],
    "locations": {
      "vic": {
        "price": 4.7,
        "promoText": " ",
        "packageSize": "300g",
        "packagePrice": "$1.57 per 100G"
      }
    }
  },
  {
    "id": "bonne-maman-jam-apricot",
    "brand": "Bonne Maman",
    "name": "Apricot Jam",
    "imageUrl": "https://shop.coles.com.au/wcsstore/Coles-CAS/images/5/0/3/5034203-th.jpg",
    "categories": ["pantry"],
    "tags": ["jams-honey-spreads", "jams"],
    "locations": {
      "vic": {
        "price": 5.2,
        "promoText": " ",
        "packageSize": "370g",
        "packagePrice": "$1.41 per 100G"
      }
    }
  },
  {
    "id": "roses-jam-sweet-orange-marmalade",
    "brand": "Rose's",
    "name": "Sweet Orange Marmalade",
    "imageUrl": "https://shop.coles.com.au/wcsstore/Coles-CAS/images/9/4/0/9402740-th.jpg",
    "categories": ["pantry"],
    "tags": ["jams-honey-spreads", "jams"],
    "locations": {
      "vic": {
        "price": 3.85,
        "promoText": "Was $4.50 on Nov 2019 ",
        "packageSize": "500g",
        "packagePrice": "$0.77 per 100G"
      }
    }
  },
  {
    "id": "beerenberg-jam-raspberry",
    "brand": "Beerenberg",
    "name": "Australian Raspberry Jam",
    "imageUrl": "https://shop.coles.com.au/wcsstore/Coles-CAS/images/7/2/5/7251723-th.jpg",
    "categories": ["pantry"],
    "tags": ["jams-honey-spreads", "jams"],
    "locations": {
      "vic": {
        "price": 4.7,
        "promoText": " ",
        "packageSize": "300g",
        "packagePrice": "$1.57 per 100G"
      }
    }
  },
  {
    "id": "beerenberg-jam-orange-marmalade",
    "brand": "Beerenberg",
    "name": "Australian Orange Marmalade",
    "imageUrl": "https://shop.coles.com.au/wcsstore/Coles-CAS/images/6/9/9/6993708-th.jpg",
    "categories": ["pantry"],
    "tags": ["jams-honey-spreads", "jams"],
    "locations": {
      "vic": {
        "price": 4.7,
        "promoText": " ",
        "packageSize": "300g",
        "packagePrice": "$1.57 per 100G"
      }
    }
  },
  {
    "id": "coles-jam-strawberry-5409430p",
    "brand": "Coles",
    "name": "Strawberry Jam",
    "imageUrl": "https://shop.coles.com.au/wcsstore/Coles-CAS/images/5/4/0/5409430-th.jpg",
    "categories": ["pantry"],
    "tags": ["jams-honey-spreads", "jams"],
    "locations": {
      "vic": {
        "price": 2.3,
        "promoText": " ",
        "packageSize": "480g",
        "packagePrice": "$0.48 per 100G"
      }
    }
  },
  {
    "id": "cottees-jam-plum",
    "brand": "Cottee's",
    "name": "Plum Jam",
    "imageUrl": "https://shop.coles.com.au/wcsstore/Coles-CAS/images/1/7/4/174395-th.jpg",
    "categories": ["pantry"],
    "tags": ["jams-honey-spreads", "jams"],
    "locations": {
      "vic": {
        "price": 2.5,
        "promoText": "Was $3.35 on Mar 2018 ",
        "packageSize": "500g",
        "packagePrice": "$0.50 per 100G"
      }
    }
  },
  {
    "id": "ixl-glass-conserve-jam-strawberry",
    "brand": "IXL",
    "name": "Strawberry Jam",
    "imageUrl": "https://shop.coles.com.au/wcsstore/Coles-CAS/images/2/8/2/2824651-th.jpg",
    "categories": ["pantry"],
    "tags": ["jams-honey-spreads", "jams"],
    "locations": {
      "vic": {
        "price": 3.5,
        "promoText": " ",
        "packageSize": "480g",
        "packagePrice": "$0.73 per 100G"
      }
    }
  },
  {
    "id": "st-dalfour-fruit-spread-wild-blueberry",
    "brand": "St Dalfour",
    "name": "Wild Blueberry Spread",
    "imageUrl": "https://shop.coles.com.au/wcsstore/Coles-CAS/images/5/7/0/5704420-th.jpg",
    "categories": ["pantry"],
    "tags": ["jams-honey-spreads", "jams"],
    "locations": {
      "vic": {
        "price": 3,
        "promoText": "$1.50 ",
        "packageSize": "284g",
        "packagePrice": "$1.06 per 100G"
      }
    }
  },
  {
    "id": "bonne-maman-jam-blackberry",
    "brand": "Bonne Maman",
    "name": "Blackberry Jam",
    "imageUrl": "https://shop.coles.com.au/wcsstore/Coles-CAS/images/7/7/9/7797385-th.jpg",
    "categories": ["pantry"],
    "tags": ["jams-honey-spreads", "jams"],
    "locations": {
      "vic": {
        "price": 5.2,
        "promoText": " ",
        "packageSize": "370g",
        "packagePrice": "$1.41 per 100G"
      }
    }
  },
  {
    "id": "bonne-maman-jam-fig",
    "brand": "Bonne Maman",
    "name": "Fig Jam",
    "imageUrl": "https://shop.coles.com.au/wcsstore/Coles-CAS/images/7/0/1/7011800-th.jpg",
    "categories": ["pantry"],
    "tags": ["jams-honey-spreads", "jams"],
    "locations": {
      "vic": {
        "price": 5.2,
        "promoText": " ",
        "packageSize": "370g",
        "packagePrice": "$1.41 per 100G"
      }
    }
  },
  {
    "id": "buderim-spread-ginger-marmalade",
    "brand": "Buderim Ginger",
    "name": "Original Ginger Marmalade",
    "imageUrl": "https://shop.coles.com.au/wcsstore/Coles-CAS/images/5/1/0/5103441-th.jpg",
    "categories": ["pantry"],
    "tags": ["jams-honey-spreads", "jams"],
    "locations": {
      "vic": {
        "price": 3.4,
        "promoText": " ",
        "packageSize": "365g",
        "packagePrice": "$0.93 per 100G"
      }
    }
  },
  {
    "id": "cottees-jam-raspberry",
    "brand": "Cottee's",
    "name": "Raspberry Jam",
    "imageUrl": "https://shop.coles.com.au/wcsstore/Coles-CAS/images/1/3/1/131348-th.jpg",
    "categories": ["pantry"],
    "tags": ["jams-honey-spreads", "jams"],
    "locations": {
      "vic": {
        "price": 2.5,
        "promoText": "Was $3.35 on Mar 2018 ",
        "packageSize": "500g",
        "packagePrice": "$0.50 per 100G"
      }
    }
  },
  {
    "id": "cottees-jam-apricot",
    "brand": "Cottee's",
    "name": "Apricot Jam",
    "imageUrl": "https://shop.coles.com.au/wcsstore/Coles-CAS/images/2/8/4/284451-th.jpg",
    "categories": ["pantry"],
    "tags": ["jams-honey-spreads", "jams"],
    "locations": {
      "vic": {
        "price": 2.5,
        "promoText": "Was $3.35 on Mar 2018 ",
        "packageSize": "500g",
        "packagePrice": "$0.50 per 100G"
      }
    }
  },
  {
    "id": "st-dalfour-fruit-spread-thick-apricot",
    "brand": "St Dalfour",
    "name": "Thick Apricot Spread",
    "imageUrl": "https://shop.coles.com.au/wcsstore/Coles-CAS/images/5/7/0/5704394-th.jpg",
    "categories": ["pantry"],
    "tags": ["jams-honey-spreads", "jams"],
    "locations": {
      "vic": {
        "price": 3,
        "promoText": "$1.50 ",
        "packageSize": "284g",
        "packagePrice": "$1.06 per 100G"
      }
    }
  },
  {
    "id": "st-dalfour-fruit-spread-orange-marmalade",
    "brand": "St Dalfour",
    "name": "Orange Marmalade",
    "imageUrl": "https://shop.coles.com.au/wcsstore/Coles-CAS/images/5/7/0/5704317-th.jpg",
    "categories": ["pantry"],
    "tags": ["jams-honey-spreads", "jams"],
    "locations": {
      "vic": {
        "price": 3,
        "promoText": "$1.50 ",
        "packageSize": "284g",
        "packagePrice": "$1.06 per 100G"
      }
    }
  },
  {
    "id": "anathoth-jam-apricot",
    "brand": "Barker's",
    "name": "Apricot Jam",
    "imageUrl": "https://shop.coles.com.au/wcsstore/Coles-CAS/images/7/6/8/7682827-th.jpg",
    "categories": ["pantry"],
    "tags": ["jams-honey-spreads", "jams"],
    "locations": {
      "vic": {
        "price": 5,
        "promoText": " ",
        "packageSize": "455g",
        "packagePrice": "$1.10 per 100G"
      }
    }
  },
  {
    "id": "anathoth-jam-three-berry",
    "brand": "Barker's",
    "name": "Three Berry Jam",
    "imageUrl": "https://shop.coles.com.au/wcsstore/Coles-CAS/images/7/6/8/7682838-th.jpg",
    "categories": ["pantry"],
    "tags": ["jams-honey-spreads", "jams"],
    "locations": {
      "vic": {
        "price": 5,
        "promoText": " ",
        "packageSize": "455g",
        "packagePrice": "$1.10 per 100G"
      }
    }
  },
  {
    "id": "bonne-maman-jam-cherry",
    "brand": "Bonne Maman",
    "name": "Cherry Jam",
    "imageUrl": "https://shop.coles.com.au/wcsstore/Coles-CAS/images/8/5/5/8558200-th.jpg",
    "categories": ["pantry"],
    "tags": ["jams-honey-spreads", "jams"],
    "locations": {
      "vic": {
        "price": 5.2,
        "promoText": " ",
        "packageSize": "370g",
        "packagePrice": "$1.41 per 100G"
      }
    }
  },
  {
    "id": "coles-jam-raspberry",
    "brand": "Coles",
    "name": "Raspberry Jam",
    "imageUrl": "https://shop.coles.com.au/wcsstore/Coles-CAS/images/5/4/0/5409452-th.jpg",
    "categories": ["pantry"],
    "tags": ["jams-honey-spreads", "jams"],
    "locations": {
      "vic": {
        "price": 2.3,
        "promoText": " ",
        "packageSize": "480g",
        "packagePrice": "$0.48 per 100G"
      }
    }
  },
  {
    "id": "coles-brand-jam-breakfast-marmalade",
    "brand": "Coles",
    "name": "Breakfast Marmalade",
    "imageUrl": "https://shop.coles.com.au/wcsstore/Coles-CAS/images/5/4/0/5409510-th.jpg",
    "categories": ["pantry"],
    "tags": ["jams-honey-spreads", "jams"],
    "locations": {
      "vic": {
        "price": 2.3,
        "promoText": " ",
        "packageSize": "480g",
        "packagePrice": "$0.48 per 100G"
      }
    }
  },
  {
    "id": "coles-smart-buy-spread-strawberry",
    "brand": "Coles",
    "name": "Strawberry Fruit Spread",
    "imageUrl": "https://shop.coles.com.au/wcsstore/Coles-CAS/images/5/2/7/5271093-th.jpg",
    "categories": ["pantry"],
    "tags": ["jams-honey-spreads", "jams"],
    "locations": {
      "vic": {
        "price": 1.3,
        "promoText": " ",
        "packageSize": "500g",
        "packagePrice": "$0.28 per 100G"
      }
    }
  },
  {
    "id": "cottees-jam-blackberry",
    "brand": "Cottee's",
    "name": "Blackberry Jam",
    "imageUrl": "https://shop.coles.com.au/wcsstore/Coles-CAS/images/1/9/0/190314-th.jpg",
    "categories": ["pantry"],
    "tags": ["jams-honey-spreads", "jams"],
    "locations": {
      "vic": {
        "price": 2.5,
        "promoText": "Was $3.35 on Mar 2018 ",
        "packageSize": "500g",
        "packagePrice": "$0.50 per 100G"
      }
    }
  },
  {
    "id": "ixl-glass-conserve-jam-raspberry",
    "brand": "IXL",
    "name": "Raspberry Jam",
    "imageUrl": "https://shop.coles.com.au/wcsstore/Coles-CAS/images/2/8/2/2824640-th.jpg",
    "categories": ["pantry"],
    "tags": ["jams-honey-spreads", "jams"],
    "locations": {
      "vic": {
        "price": 3.5,
        "promoText": " ",
        "packageSize": "480g",
        "packagePrice": "$0.73 per 100G"
      }
    }
  },
  {
    "id": "ixl-glass-conserve-jam-fruit-of-forest",
    "brand": "IXL",
    "name": "Fruit Of Forest Jam",
    "imageUrl": "https://shop.coles.com.au/wcsstore/Coles-CAS/images/2/8/2/2824662-th.jpg",
    "categories": ["pantry"],
    "tags": ["jams-honey-spreads", "jams"],
    "locations": {
      "vic": {
        "price": 3.5,
        "promoText": " ",
        "packageSize": "480g",
        "packagePrice": "$0.73 per 100G"
      }
    }
  },
  {
    "id": "ixl--glass-conserve-jam-breakfast-marmalade",
    "brand": "IXL",
    "name": "Breakfast Marmalade",
    "imageUrl": "https://shop.coles.com.au/wcsstore/Coles-CAS/images/2/8/2/2824684-th.jpg",
    "categories": ["pantry"],
    "tags": ["jams-honey-spreads", "jams"],
    "locations": {
      "vic": {
        "price": 3.5,
        "promoText": " ",
        "packageSize": "480g",
        "packagePrice": "$0.73 per 100G"
      }
    }
  },
  {
    "id": "anathoth-lemon-curd",
    "brand": "Barker's",
    "name": "Lemon Curd",
    "imageUrl": "https://shop.coles.com.au/wcsstore/Coles-CAS/images/1/1/6/1162256-th.jpg",
    "categories": ["pantry"],
    "tags": ["jams-honey-spreads", "jams"],
    "locations": {
      "vic": {
        "price": 5,
        "promoText": " ",
        "packageSize": "420g",
        "packagePrice": "$1.19 per 100G"
      }
    }
  },
  {
    "id": "anathoth-raspberry-jam",
    "brand": "Barker's",
    "name": "Raspberry Jam",
    "imageUrl": "https://shop.coles.com.au/wcsstore/Coles-CAS/images/7/5/4/7549350-th.jpg",
    "categories": ["pantry"],
    "tags": ["jams-honey-spreads", "jams"],
    "locations": {
      "vic": {
        "price": 5,
        "promoText": " ",
        "packageSize": "455g",
        "packagePrice": "$1.10 per 100G"
      }
    }
  },
  {
    "id": "beerenberg-jam-apricot",
    "brand": "Beerenberg",
    "name": "Australian Apricot Jam",
    "imageUrl": "https://shop.coles.com.au/wcsstore/Coles-CAS/images/6/9/9/6993650-th.jpg",
    "categories": ["pantry"],
    "tags": ["jams-honey-spreads", "jams"],
    "locations": {
      "vic": {
        "price": 4.7,
        "promoText": " ",
        "packageSize": "300g",
        "packagePrice": "$1.57 per 100G"
      }
    }
  },
  {
    "id": "coles-jam-apricot",
    "brand": "Coles",
    "name": "Apricot Jam",
    "imageUrl": "https://shop.coles.com.au/wcsstore/Coles-CAS/images/5/4/0/5409463-th.jpg",
    "categories": ["pantry"],
    "tags": ["jams-honey-spreads", "jams"],
    "locations": {
      "vic": {
        "price": 2.3,
        "promoText": " ",
        "packageSize": "480g",
        "packagePrice": "$0.48 per 100G"
      }
    }
  },
  {
    "id": "coles-smart-buy-marmalade-breakfast",
    "brand": "Coles",
    "name": "Marmalade Spread",
    "imageUrl": "https://shop.coles.com.au/wcsstore/Coles-CAS/images/5/2/7/5271107-th.jpg",
    "categories": ["pantry"],
    "tags": ["jams-honey-spreads", "jams"],
    "locations": {
      "vic": {
        "price": 1.3,
        "promoText": " ",
        "packageSize": "500g",
        "packagePrice": "$0.26 per 100G"
      }
    }
  },
  {
    "id": "cottees-breakfast-marmalade",
    "brand": "Cottee's",
    "name": "Breakfast Marmalade",
    "imageUrl": "https://shop.coles.com.au/wcsstore/Coles-CAS/images/1/3/1/131155-th.jpg",
    "categories": ["pantry"],
    "tags": ["jams-honey-spreads", "jams"],
    "locations": {
      "vic": {
        "price": 2.5,
        "promoText": "Was $3.35 on Mar 2018 ",
        "packageSize": "500g",
        "packagePrice": "$0.50 per 100G"
      }
    }
  },
  {
    "id": "cottees-breakfast-marmalade-2929977p",
    "brand": "Cottee's",
    "name": "Breakfast Marmalade",
    "imageUrl": "https://shop.coles.com.au/wcsstore/Coles-CAS/images/2/9/2/2929977-th.jpg",
    "categories": ["pantry"],
    "tags": ["jams-honey-spreads", "jams"],
    "locations": {
      "vic": {
        "price": 2,
        "promoText": " ",
        "packageSize": "250g",
        "packagePrice": "$0.80 per 100G"
      }
    }
  },
  {
    "id": "cottees-strawberry-jam-2930003p",
    "brand": "Cottee's",
    "name": "Strawberry Jam",
    "imageUrl": "https://shop.coles.com.au/wcsstore/Coles-CAS/images/2/9/3/2930003-th.jpg",
    "categories": ["pantry"],
    "tags": ["jams-honey-spreads", "jams"],
    "locations": {
      "vic": {
        "price": 2,
        "promoText": " ",
        "packageSize": "250g",
        "packagePrice": "$0.80 per 100G"
      }
    }
  },
  {
    "id": "coles-jam-plum",
    "brand": "Coles",
    "name": "Plum Jam",
    "imageUrl": "https://shop.coles.com.au/wcsstore/Coles-CAS/images/5/4/0/5409474-th.jpg",
    "categories": ["pantry"],
    "tags": ["jams-honey-spreads", "jams"],
    "locations": {
      "vic": {
        "price": 2.3,
        "promoText": " ",
        "packageSize": "480g",
        "packagePrice": "$0.48 per 100G"
      }
    }
  },
  {
    "id": "coles-smart-buy-spread-apricot",
    "brand": "Coles",
    "name": "Apricot Fruit Spread",
    "imageUrl": "https://shop.coles.com.au/wcsstore/Coles-CAS/images/5/2/7/5271082-th.jpg",
    "categories": ["pantry"],
    "tags": ["jams-honey-spreads", "jams"],
    "locations": {
      "vic": {
        "price": 1.3,
        "promoText": " ",
        "packageSize": "460g",
        "packagePrice": "$0.28 per 100G"
      }
    }
  },
  {
    "id": "coles-finest-betrot-marmalade",
    "brand": "Coles Finest",
    "name": "Beetroot Marmalade",
    "imageUrl": "https://shop.coles.com.au/wcsstore/Coles-CAS/images/3/6/0/3609450-th.jpg",
    "categories": ["pantry"],
    "tags": ["jams-honey-spreads", "jams"],
    "locations": {
      "vic": {
        "price": 3.5,
        "promoText": " ",
        "packageSize": "110g",
        "packagePrice": "$3.18 per 100G"
      }
    }
  },
  {
    "id": "cottees-raspberry-jam",
    "brand": "Cottee's",
    "name": "Raspberry Jam",
    "imageUrl": "https://shop.coles.com.au/wcsstore/Coles-CAS/images/2/9/2/2929999-th.jpg",
    "categories": ["pantry"],
    "tags": ["jams-honey-spreads", "jams"],
    "locations": {
      "vic": {
        "price": 2,
        "promoText": " ",
        "packageSize": "250g",
        "packagePrice": "$0.80 per 100G"
      }
    }
  },
  {
    "id": "masterfoods-lemon-butter",
    "brand": "MasterFoods",
    "name": "Lemon Butter",
    "imageUrl": "https://shop.coles.com.au/wcsstore/Coles-CAS/images/1/7/4/174249-th.jpg",
    "categories": ["pantry"],
    "tags": ["jams-honey-spreads", "jams"],
    "locations": {
      "vic": {
        "price": 3.35,
        "promoText": " ",
        "packageSize": "280g",
        "packagePrice": "$1.20 per 100G"
      }
    }
  },
  {
    "id": "roses-marmalade-lime",
    "brand": "Rose's",
    "name": "Lime Marmalade",
    "imageUrl": "https://shop.coles.com.au/wcsstore/Coles-CAS/images/1/3/1/131268-th.jpg",
    "categories": ["pantry"],
    "tags": ["jams-honey-spreads", "jams"],
    "locations": {
      "vic": {
        "price": 3.85,
        "promoText": "Was $4.50 on Nov 2019 ",
        "packageSize": "500g",
        "packagePrice": "$0.77 per 100G"
      }
    }
  },
  {
    "id": "part_5102416P",
    "brand": "Yackandandah",
    "name": "Lemon Curd Spread",
    "imageUrl": "https://shop.coles.com.au/wcsstore/Coles-CAS/images/5/1/0/5102416-th.jpg",
    "categories": ["pantry"],
    "tags": ["jams-honey-spreads", "jams"],
    "locations": {
      "vic": {
        "price": 4.1,
        "promoText": " ",
        "packageSize": "350g",
        "packagePrice": "$1.17 per 100G"
      }
    }
  },
  {
    "id": "nutella-hazelnut-spread",
    "brand": "Nutella",
    "name": "Hazelnut Chocolate Spread",
    "imageUrl": "https://shop.coles.com.au/wcsstore/Coles-CAS/images/9/0/3/9032651-th.jpg",
    "categories": ["pantry"],
    "tags": ["jams-honey-spreads", "chocolate-spreads"],
    "locations": {
      "vic": {
        "price": 4,
        "promoText": "$1.00 ",
        "packageSize": "400g",
        "packagePrice": "$1.00 per 100G"
      }
    }
  },
  {
    "id": "nutella-chocolate-hazelnut-spread",
    "brand": "Nutella",
    "name": "Hazelnut Chocolate Spread",
    "imageUrl": "https://shop.coles.com.au/wcsstore/Coles-CAS/images/6/6/9/6690772-th.jpg",
    "categories": ["pantry"],
    "tags": ["jams-honey-spreads", "chocolate-spreads"],
    "locations": {
      "vic": {
        "price": 8.75,
        "promoText": " ",
        "packageSize": "750g",
        "packagePrice": "$1.17 per 100G"
      }
    }
  },
  {
    "id": "nutella-spread-chocolate-hazelnut-2620684p",
    "brand": "Nutella",
    "name": "Hazelnut Spread With Cocoa",
    "imageUrl": "https://shop.coles.com.au/wcsstore/Coles-CAS/images/2/6/2/2620684-th.jpg",
    "categories": ["pantry"],
    "tags": ["jams-honey-spreads", "chocolate-spreads"],
    "locations": {
      "vic": {
        "price": 10,
        "promoText": "Was $10.85 on May 2018 ",
        "packageSize": "1kg",
        "packagePrice": "$1.00 per 100G"
      }
    }
  },
  {
    "id": "coles-crunchy-hazelnut-spread",
    "brand": "Coles",
    "name": "Crunchy Hazelnut Spread",
    "imageUrl": "https://shop.coles.com.au/wcsstore/Coles-CAS/images/3/5/2/3529781-th.jpg",
    "categories": ["pantry"],
    "tags": ["jams-honey-spreads", "chocolate-spreads"],
    "locations": {
      "vic": {
        "price": 1.25,
        "promoText": "$1.25 ",
        "packageSize": "400g",
        "packagePrice": "$0.31 per 100G"
      }
    }
  },
  {
    "id": "lotus-biscoff-smooth-biscuit-spread",
    "brand": "Lotus",
    "name": "Biscoff Spread",
    "imageUrl": "https://shop.coles.com.au/wcsstore/Coles-CAS/images/3/5/7/3577219-th.jpg",
    "categories": ["pantry"],
    "tags": ["jams-honey-spreads", "chocolate-spreads"],
    "locations": {
      "vic": {
        "price": 5.5,
        "promoText": " ",
        "packageSize": "400g",
        "packagePrice": "$1.38 per 100G"
      }
    }
  },
  {
    "id": "pana-organic-hazelnut-chocolate-spread",
    "brand": "Pana Organic",
    "name": "Hazelnut & Chocolate Spread",
    "imageUrl": "https://shop.coles.com.au/wcsstore/Coles-CAS/images/3/5/7/3570912-th.jpg",
    "categories": ["pantry"],
    "tags": ["jams-honey-spreads", "chocolate-spreads"],
    "locations": {
      "vic": {
        "price": 9,
        "promoText": " ",
        "packageSize": "200g",
        "packagePrice": "$4.50 per 100G"
      }
    }
  },
  {
    "id": "coles-spread-hazelnut-smooth",
    "brand": "Coles",
    "name": "Smooth Hazelnut Spread",
    "imageUrl": "https://shop.coles.com.au/wcsstore/Coles-CAS/images/4/3/9/4390993-th.jpg",
    "categories": ["pantry"],
    "tags": ["jams-honey-spreads", "chocolate-spreads"],
    "locations": {
      "vic": {
        "price": 2.5,
        "promoText": " ",
        "packageSize": "400g",
        "packagePrice": "$0.01 per 100G"
      }
    }
  },
  {
    "id": "nutella-hazelnut-spread-9468045p",
    "brand": "Nutella",
    "name": "Hazelnut Chocolate Spread",
    "imageUrl": "https://shop.coles.com.au/wcsstore/Coles-CAS/images/9/4/6/9468045-th.jpg",
    "categories": ["pantry"],
    "tags": ["jams-honey-spreads", "chocolate-spreads"],
    "locations": {
      "vic": {
        "price": 3.7,
        "promoText": " ",
        "packageSize": "220g",
        "packagePrice": "$1.68 per 100G"
      }
    }
  },
  {
    "id": "coles-smooth-hazelnut-spread",
    "brand": "Coles",
    "name": "Smooth Hazelnut Spread",
    "imageUrl": "https://shop.coles.com.au/wcsstore/Coles-CAS/images/3/5/2/3529690-th.jpg",
    "categories": ["pantry"],
    "tags": ["jams-honey-spreads", "chocolate-spreads"],
    "locations": {
      "vic": {
        "price": 6,
        "promoText": " ",
        "packageSize": "1kg",
        "packagePrice": "$0.60 per 100G"
      }
    }
  },
  {
    "id": "lindt-hazelnut-spread-",
    "brand": "Lindt",
    "name": "Hazelnut Spread",
    "imageUrl": "https://shop.coles.com.au/wcsstore/Coles-CAS/images/3/7/0/3707132-th.jpg",
    "categories": ["pantry"],
    "tags": ["jams-honey-spreads", "chocolate-spreads"],
    "locations": {
      "vic": {
        "price": 7,
        "promoText": "$3.00 ",
        "packageSize": "200g",
        "packagePrice": "$3.50 per 100G"
      }
    }
  },
  {
    "id": "lotus-biscoff-crunchy-biscuit-spread",
    "brand": "Lotus",
    "name": "Biscoff Crunchy Spread",
    "imageUrl": "https://shop.coles.com.au/wcsstore/Coles-CAS/images/3/5/7/3577220-th.jpg",
    "categories": ["pantry"],
    "tags": ["jams-honey-spreads", "chocolate-spreads"],
    "locations": {
      "vic": {
        "price": 5.5,
        "promoText": " ",
        "packageSize": "380g",
        "packagePrice": "$1.45 per 100G"
      }
    }
  },
  {
    "id": "nutino-spread-hazelnut",
    "brand": "Nutino",
    "name": "Hazelnut Spread",
    "imageUrl": "https://shop.coles.com.au/wcsstore/Coles-CAS/images/5/1/0/5105323-th.jpg",
    "categories": ["pantry"],
    "tags": ["jams-honey-spreads", "chocolate-spreads"],
    "locations": {
      "vic": {
        "price": 5.5,
        "promoText": " ",
        "packageSize": "750g",
        "packagePrice": "$0.73 per 100G"
      }
    }
  },
  {
    "id": "nuttvia-hazelnut-spread-2925863p",
    "brand": "Nuttvia",
    "name": "Hazelnut Spread",
    "imageUrl": "https://shop.coles.com.au/wcsstore/Coles-CAS/images/2/9/2/2925863-th.jpg",
    "categories": ["pantry"],
    "tags": ["jams-honey-spreads", "chocolate-spreads"],
    "locations": {
      "vic": {
        "price": 6,
        "promoText": " ",
        "packageSize": "350g",
        "packagePrice": "$1.71 per 100G"
      }
    }
  },
  {
    "id": "coles-premium-hazelnut-spread",
    "brand": "Coles",
    "name": "Hazelnut Spread",
    "imageUrl": "https://shop.coles.com.au/wcsstore/Coles-CAS/images/3/5/2/3529760-th.jpg",
    "categories": ["pantry"],
    "tags": ["jams-honey-spreads", "chocolate-spreads"],
    "locations": {
      "vic": {
        "price": 4,
        "promoText": " ",
        "packageSize": "300g",
        "packagePrice": "$1.33 per 100G"
      }
    }
  },
  {
    "id": "nutella-hazelnut-chocolate-spread-12-pack",
    "brand": "Nutella",
    "name": "Hazelnut Chocolate Spread 12 pack",
    "imageUrl": "https://shop.coles.com.au/wcsstore/Coles-CAS/images/2/1/1/2117111-th.jpg",
    "categories": ["pantry"],
    "tags": ["jams-honey-spreads", "chocolate-spreads"],
    "locations": {
      "vic": {
        "price": 4.75,
        "promoText": " ",
        "packageSize": "180g",
        "packagePrice": "$2.64 per 100G"
      }
    }
  },
  {
    "id": "nutella-go-multipack",
    "brand": "Nutella",
    "name": "Go Hazelnut Spread With Cocoa Breadsticks Multipack 48g",
    "imageUrl": "https://shop.coles.com.au/wcsstore/Coles-CAS/images/3/5/7/3574709-th.jpg",
    "categories": ["pantry"],
    "tags": ["jams-honey-spreads", "chocolate-spreads"],
    "locations": {
      "vic": {
        "price": 9,
        "promoText": " ",
        "packageSize": "4 pack",
        "packagePrice": "$4.69 per 100G"
      }
    }
  },
  {
    "id": "pureharvest-coco2-hazelnut-spread",
    "brand": "Pureharvest",
    "name": "Coco2 Hazelnut Spread",
    "imageUrl": "https://shop.coles.com.au/wcsstore/Coles-CAS/images/2/2/1/2212338-th.jpg",
    "categories": ["pantry"],
    "tags": ["jams-honey-spreads", "chocolate-spreads"],
    "locations": {
      "vic": {
        "price": 4.35,
        "promoText": " ",
        "packageSize": "240g",
        "packagePrice": "$1.81 per 100G"
      }
    }
  },
  {
    "id": "kraft-peanut-butter-crunchy-130629p",
    "brand": "Bega",
    "name": "Crunchy Peanut Butter",
    "imageUrl": "https://shop.coles.com.au/wcsstore/Coles-CAS/images/1/3/0/130629-th.jpg",
    "categories": ["pantry"],
    "tags": ["jams-honey-spreads", "nut-spreads"],
    "locations": {
      "vic": {
        "price": 4.6,
        "promoText": " ",
        "packageSize": "375g",
        "packagePrice": "$1.23 per 100G"
      }
    }
  },
  {
    "id": "kraft-peanut-butter-smooth-5398753p",
    "brand": "Bega",
    "name": "Smooth Peanut Butter",
    "imageUrl": "https://shop.coles.com.au/wcsstore/Coles-CAS/images/5/3/9/5398753-th.jpg",
    "categories": ["pantry"],
    "tags": ["jams-honey-spreads", "nut-spreads"],
    "locations": {
      "vic": {
        "price": 5.7,
        "promoText": " ",
        "packageSize": "470g",
        "packagePrice": "$1.21 per 100G"
      }
    }
  },
  {
    "id": "sanitarium-peanut-butter-natural-smooth",
    "brand": "Sanitarium",
    "name": "Natural Smooth Peanut Butter Spread",
    "imageUrl": "https://shop.coles.com.au/wcsstore/Coles-CAS/images/5/7/9/5796847-th.jpg",
    "categories": ["pantry"],
    "tags": ["jams-honey-spreads", "nut-spreads"],
    "locations": {
      "vic": {
        "price": 4.05,
        "promoText": " ",
        "packageSize": "375g",
        "packagePrice": "$1.08 per 100G"
      }
    }
  },
  {
    "id": "pics-really-good-smooth-peanut-butter",
    "brand": "Pic's",
    "name": "Peanut Butter Smooth",
    "imageUrl": "https://shop.coles.com.au/wcsstore/Coles-CAS/images/2/1/2/2120218-th.jpg",
    "categories": ["pantry"],
    "tags": ["jams-honey-spreads", "nut-spreads"],
    "locations": {
      "vic": {
        "price": 7.5,
        "promoText": " ",
        "packageSize": "380g",
        "packagePrice": "$1.97 per 100G"
      }
    }
  },
  {
    "id": "pics-really-good-original-peanut-butter",
    "brand": "Pic's",
    "name": "Peanut Butter Crunchy",
    "imageUrl": "https://shop.coles.com.au/wcsstore/Coles-CAS/images/2/1/2/2120207-th.jpg",
    "categories": ["pantry"],
    "tags": ["jams-honey-spreads", "nut-spreads"],
    "locations": {
      "vic": {
        "price": 7.5,
        "promoText": " ",
        "packageSize": "380g",
        "packagePrice": "$1.97 per 100G"
      }
    }
  },
  {
    "id": "kraft-peanut-butter-smooth-136705p",
    "brand": "Bega",
    "name": "Smooth Peanut Butter",
    "imageUrl": "https://shop.coles.com.au/wcsstore/Coles-CAS/images/1/3/6/136705-th.jpg",
    "categories": ["pantry"],
    "tags": ["jams-honey-spreads", "nut-spreads"],
    "locations": {
      "vic": {
        "price": 6.5,
        "promoText": "Was $8.00 on Jun 2017 ",
        "packageSize": "780g",
        "packagePrice": "$0.83 per 100G"
      }
    }
  },
  {
    "id": "kraft-peanut-butter-crunchy-133820p",
    "brand": "Bega",
    "name": "Peanut Butter Crunchy",
    "imageUrl": "https://shop.coles.com.au/wcsstore/Coles-CAS/images/1/3/3/133820-th.jpg",
    "categories": ["pantry"],
    "tags": ["jams-honey-spreads", "nut-spreads"],
    "locations": {
      "vic": {
        "price": 6.5,
        "promoText": "Was $8.00 on Jun 2017 ",
        "packageSize": "780g",
        "packagePrice": "$0.83 per 100G"
      }
    }
  },
  {
    "id": "mayvers-crunchy-peanut-butter",
    "brand": "Mayver's",
    "name": "Peanut Butter Crunchy",
    "imageUrl": "https://shop.coles.com.au/wcsstore/Coles-CAS/images/2/6/2/2621632-th.jpg",
    "categories": ["pantry"],
    "tags": ["jams-honey-spreads", "nut-spreads"],
    "locations": {
      "vic": {
        "price": 5,
        "promoText": " ",
        "packageSize": "375g",
        "packagePrice": "$1.33 per 100G"
      }
    }
  },
  {
    "id": "mayvers-smooth-peanut-butter",
    "brand": "Mayver's",
    "name": "Peanut Butter Smooth",
    "imageUrl": "https://shop.coles.com.au/wcsstore/Coles-CAS/images/2/6/2/2621643-th.jpg",
    "categories": ["pantry"],
    "tags": ["jams-honey-spreads", "nut-spreads"],
    "locations": {
      "vic": {
        "price": 5,
        "promoText": " ",
        "packageSize": "375g",
        "packagePrice": "$1.33 per 100G"
      }
    }
  },
  {
    "id": "coles-crunchy-peanut-butter",
    "brand": "Coles",
    "name": "Crunchy Peanut Butter",
    "imageUrl": "https://shop.coles.com.au/wcsstore/Coles-CAS/images/2/1/1/2113744-th.jpg",
    "categories": ["pantry"],
    "tags": ["jams-honey-spreads", "nut-spreads"],
    "locations": {
      "vic": {
        "price": 3.5,
        "promoText": " ",
        "packageSize": "500g",
        "packagePrice": "$0.70 per 100G"
      }
    }
  },
  {
    "id": "kraft-peanut-butter-crunchy-5390911p",
    "brand": "Bega",
    "name": "Crunchy Peanut Butter",
    "imageUrl": "https://shop.coles.com.au/wcsstore/Coles-CAS/images/5/3/9/5390911-th.jpg",
    "categories": ["pantry"],
    "tags": ["jams-honey-spreads", "nut-spreads"],
    "locations": {
      "vic": {
        "price": 5.7,
        "promoText": " ",
        "packageSize": "470g",
        "packagePrice": "$1.21 per 100G"
      }
    }
  },
  {
    "id": "mayvers--crunchy-dark-roast-peanut-butter",
    "brand": "Mayver's",
    "name": "Dark Roast Peanut Butter Crunchy",
    "imageUrl": "https://shop.coles.com.au/wcsstore/Coles-CAS/images/2/6/2/2622001-th.jpg",
    "categories": ["pantry"],
    "tags": ["jams-honey-spreads", "nut-spreads"],
    "locations": {
      "vic": {
        "price": 5,
        "promoText": " ",
        "packageSize": "375g",
        "packagePrice": "$1.33 per 100G"
      }
    }
  },
  {
    "id": "bega-simply-nuts-rustic-grind-peanut-butter",
    "brand": "Bega",
    "name": "Simply Nuts Rustic Grind Peanut Butter",
    "imageUrl": "https://shop.coles.com.au/wcsstore/Coles-CAS/images/3/4/4/3447610-th.jpg",
    "categories": ["pantry"],
    "tags": ["jams-honey-spreads", "nut-spreads"],
    "locations": {
      "vic": {
        "price": 5,
        "promoText": " ",
        "packageSize": "325g",
        "packagePrice": "$1.54 per 100G"
      }
    }
  },
  {
    "id": "bega-simply-nuts-ultimate-crunch-peanut-butter",
    "brand": "Bega",
    "name": "Simply Nuts The Crunchiest Peanut Butter",
    "imageUrl": "https://shop.coles.com.au/wcsstore/Coles-CAS/images/3/6/0/3605391-th.jpg",
    "categories": ["pantry"],
    "tags": ["jams-honey-spreads", "nut-spreads"],
    "locations": {
      "vic": {
        "price": 5,
        "promoText": " ",
        "packageSize": "325g",
        "packagePrice": "$1.54 per 100G"
      }
    }
  },
  {
    "id": "bega-simply-nuts-crunchy-peanut-butter",
    "brand": "Bega",
    "name": "Simply Nuts Crunchy Peanut Butter",
    "imageUrl": "https://shop.coles.com.au/wcsstore/Coles-CAS/images/3/4/4/3447596-th.jpg",
    "categories": ["pantry"],
    "tags": ["jams-honey-spreads", "nut-spreads"],
    "locations": {
      "vic": {
        "price": 5,
        "promoText": " ",
        "packageSize": "325g",
        "packagePrice": "$1.54 per 100G"
      }
    }
  },
  {
    "id": "bega-simply-nuts-smooth-peanut-butter",
    "brand": "Bega",
    "name": "Simply Nuts Smooth Peanut Butter",
    "imageUrl": "https://shop.coles.com.au/wcsstore/Coles-CAS/images/3/4/4/3447600-th.jpg",
    "categories": ["pantry"],
    "tags": ["jams-honey-spreads", "nut-spreads"],
    "locations": {
      "vic": {
        "price": 5,
        "promoText": " ",
        "packageSize": "325g",
        "packagePrice": "$1.54 per 100G"
      }
    }
  },
  {
    "id": "coles-smart-buy-peanut-butter-smooth",
    "brand": "Coles",
    "name": "Peanut Butter Smooth",
    "imageUrl": "https://shop.coles.com.au/wcsstore/Coles-CAS/images/3/9/4/394019-th.jpg",
    "categories": ["pantry"],
    "tags": ["jams-honey-spreads", "nut-spreads"],
    "locations": {
      "vic": {
        "price": 1.85,
        "promoText": " ",
        "packageSize": "375g",
        "packagePrice": "$0.49 per 100G"
      }
    }
  },
  {
    "id": "coles-organic-crunchy-peanut-butter",
    "brand": "Coles",
    "name": "Organic Crunchy Peanut Butter",
    "imageUrl": "https://shop.coles.com.au/wcsstore/Coles-CAS/images/2/0/8/2080135-th.jpg",
    "categories": ["pantry"],
    "tags": ["jams-honey-spreads", "nut-spreads"],
    "locations": {
      "vic": {
        "price": 5,
        "promoText": " ",
        "packageSize": "375g",
        "packagePrice": "$1.33 per 100G"
      }
    }
  },
  {
    "id": "pics-really-good-peanut-butter-crunchy",
    "brand": "Pic's",
    "name": "Crunchy Peanut Butter",
    "imageUrl": "https://shop.coles.com.au/wcsstore/Coles-CAS/images/3/6/0/3609009-th.jpg",
    "categories": ["pantry"],
    "tags": ["jams-honey-spreads", "nut-spreads"],
    "locations": {
      "vic": {
        "price": 15,
        "promoText": "Was $18.00 on Nov 2019 ",
        "packageSize": "1kg",
        "packagePrice": "$15.00 per 1Kg"
      }
    }
  },
  {
    "id": "purely-nuts-natural-peanut-butter",
    "brand": "Purely Nutz",
    "name": "Natural Smooth Peanut Butter",
    "imageUrl": "https://shop.coles.com.au/wcsstore/Coles-CAS/images/2/9/1/2916545-th.jpg",
    "categories": ["pantry"],
    "tags": ["jams-honey-spreads", "nut-spreads"],
    "locations": {
      "vic": {
        "price": 5.5,
        "promoText": "$1.00 ",
        "packageSize": "375g",
        "packagePrice": "$1.47 per 100G"
      }
    }
  },
  {
    "id": "kraft-peanut-butter-smooth-130607p",
    "brand": "Bega",
    "name": "Peanut Butter Smooth",
    "imageUrl": "https://shop.coles.com.au/wcsstore/Coles-CAS/images/1/3/0/130607-th.jpg",
    "categories": ["pantry"],
    "tags": ["jams-honey-spreads", "nut-spreads"],
    "locations": {
      "vic": {
        "price": 4.6,
        "promoText": " ",
        "packageSize": "375g",
        "packagePrice": "$1.23 per 100G"
      }
    }
  },
  {
    "id": "coles-smooth-peanut-butter",
    "brand": "Coles",
    "name": "Smooth Peanut Butter",
    "imageUrl": "https://shop.coles.com.au/wcsstore/Coles-CAS/images/2/1/1/2113733-th.jpg",
    "categories": ["pantry"],
    "tags": ["jams-honey-spreads", "nut-spreads"],
    "locations": {
      "vic": {
        "price": 3.5,
        "promoText": " ",
        "packageSize": "500g",
        "packagePrice": "$0.70 per 100G"
      }
    }
  },
  {
    "id": "mayvers-smunchy-unsalted-peanut-butter",
    "brand": "Mayver's",
    "name": "Smunchy Unsalted Peanut Butter",
    "imageUrl": "https://shop.coles.com.au/wcsstore/Coles-CAS/images/3/5/7/3579236-th.jpg",
    "categories": ["pantry"],
    "tags": ["jams-honey-spreads", "nut-spreads"],
    "locations": {
      "vic": {
        "price": 5,
        "promoText": " ",
        "packageSize": "375g",
        "packagePrice": "$1.33 per 100G"
      }
    }
  },
  {
    "id": "coles-smart-buy-peanut-butter-crunchy",
    "brand": "Coles",
    "name": "Peanut Butter Crunchy",
    "imageUrl": "https://shop.coles.com.au/wcsstore/Coles-CAS/images/3/9/4/394030-th.jpg",
    "categories": ["pantry"],
    "tags": ["jams-honey-spreads", "nut-spreads"],
    "locations": {
      "vic": {
        "price": 1.85,
        "promoText": " ",
        "packageSize": "375g",
        "packagePrice": "$0.49 per 100G"
      }
    }
  },
  {
    "id": "coles-organic-smooth-peanut-butter-2080124p",
    "brand": "Coles",
    "name": "Organic Smooth Peanut Butter",
    "imageUrl": "https://shop.coles.com.au/wcsstore/Coles-CAS/images/2/0/8/2080124-th.jpg",
    "categories": ["pantry"],
    "tags": ["jams-honey-spreads", "nut-spreads"],
    "locations": {
      "vic": {
        "price": 5,
        "promoText": " ",
        "packageSize": "375g",
        "packagePrice": "$1.33 per 100G"
      }
    }
  },
  {
    "id": "kraft-peanut-butter-smooth-light",
    "brand": "Bega",
    "name": "Light Smooth Peanut Butter",
    "imageUrl": "https://shop.coles.com.au/wcsstore/Coles-CAS/images/9/0/5/9059250-th.jpg",
    "categories": ["pantry"],
    "tags": ["jams-honey-spreads", "nut-spreads"],
    "locations": {
      "vic": {
        "price": 5.7,
        "promoText": " ",
        "packageSize": "470g",
        "packagePrice": "$1.21 per 100G"
      }
    }
  },
  {
    "id": "kraft-the-good-nut-spread-peanut-butter-crunchy",
    "brand": "Bega",
    "name": "Peanut Butter Crunchy",
    "imageUrl": "https://shop.coles.com.au/wcsstore/Coles-CAS/images/1/8/1/181652-th.jpg",
    "categories": ["pantry"],
    "tags": ["jams-honey-spreads", "nut-spreads"],
    "locations": {
      "vic": {
        "price": 3,
        "promoText": " ",
        "packageSize": "200g",
        "packagePrice": "$1.50 per 100G"
      }
    }
  },
  {
    "id": "bega-peanut-butter-dark-roast-crunchy",
    "brand": "Bega",
    "name": "Dark Roast Crunchy Peanut Butter",
    "imageUrl": "https://shop.coles.com.au/wcsstore/Coles-CAS/images/3/2/1/3213653-th.jpg",
    "categories": ["pantry"],
    "tags": ["jams-honey-spreads", "nut-spreads"],
    "locations": {
      "vic": {
        "price": 5.7,
        "promoText": " ",
        "packageSize": "470g",
        "packagePrice": "$1.21 per 100G"
      }
    }
  },
  {
    "id": "mayvers-smunchy-unsalted-dark-roast-peanut-butter",
    "brand": "Mayver's",
    "name": "Smunchy Dark Roasted Unsalted Peanut Butter",
    "imageUrl": "https://shop.coles.com.au/wcsstore/Coles-CAS/images/3/5/7/3579225-th.jpg",
    "categories": ["pantry"],
    "tags": ["jams-honey-spreads", "nut-spreads"],
    "locations": {
      "vic": {
        "price": 5,
        "promoText": " ",
        "packageSize": "375g",
        "packagePrice": "$1.33 per 100G"
      }
    }
  },
  {
    "id": "pics-really-good-peanut-butter-slugs-6x30g",
    "brand": "Pic's",
    "name": "Peanut Butter Slugs 6 pack",
    "imageUrl": "https://shop.coles.com.au/wcsstore/Coles-CAS/images/3/4/4/3448930-th.jpg",
    "categories": ["pantry"],
    "tags": ["jams-honey-spreads", "nut-spreads"],
    "locations": {
      "vic": {
        "price": 4,
        "promoText": "$1.50 ",
        "packageSize": "180g",
        "packagePrice": "$2.22 per 100G"
      }
    }
  },
  {
    "id": "kraft-smooth-spread-peanut-butter",
    "brand": "Bega",
    "name": "Peanut Butter Smooth",
    "imageUrl": "https://shop.coles.com.au/wcsstore/Coles-CAS/images/1/8/1/181641-th.jpg",
    "categories": ["pantry"],
    "tags": ["jams-honey-spreads", "nut-spreads"],
    "locations": {
      "vic": {
        "price": 3,
        "promoText": " ",
        "packageSize": "200g",
        "packagePrice": "$1.50 per 100G"
      }
    }
  },
  {
    "id": "kraft-peanut-butter-crunchy-light-9059181p",
    "brand": "Bega",
    "name": "Light Crunchy Peanut Butter",
    "imageUrl": "https://shop.coles.com.au/wcsstore/Coles-CAS/images/9/0/5/9059181-th.jpg",
    "categories": ["pantry"],
    "tags": ["jams-honey-spreads", "nut-spreads"],
    "locations": {
      "vic": {
        "price": 5.7,
        "promoText": " ",
        "packageSize": "470g",
        "packagePrice": "$1.21 per 100G"
      }
    }
  },
  {
    "id": "kraft-cruchy-peanut-butter",
    "brand": "Bega",
    "name": "Peanut Butter Super Crunchy",
    "imageUrl": "https://shop.coles.com.au/wcsstore/Coles-CAS/images/2/7/8/2786257-th.jpg",
    "categories": ["pantry"],
    "tags": ["jams-honey-spreads", "nut-spreads"],
    "locations": {
      "vic": {
        "price": 5.7,
        "promoText": " ",
        "packageSize": "470g",
        "packagePrice": "$1.21 per 100G"
      }
    }
  },
  {
    "id": "mayvers-high-protein-peanut-butter",
    "brand": "Mayver's",
    "name": "High Protein Peanut Butter",
    "imageUrl": "https://shop.coles.com.au/wcsstore/Coles-CAS/images/2/8/9/2897371-th.jpg",
    "categories": ["pantry"],
    "tags": ["jams-honey-spreads", "nut-spreads"],
    "locations": {
      "vic": {
        "price": 5.5,
        "promoText": " ",
        "packageSize": "375g",
        "packagePrice": "$1.47 per 100G"
      }
    }
  },
  {
    "id": "purely-nuts-natural-peanut-butter-2916534p",
    "brand": "Purely Nutz",
    "name": "Natural Crunchy Peanut Butter",
    "imageUrl": "https://shop.coles.com.au/wcsstore/Coles-CAS/images/2/9/1/2916534-th.jpg",
    "categories": ["pantry"],
    "tags": ["jams-honey-spreads", "nut-spreads"],
    "locations": {
      "vic": {
        "price": 5.5,
        "promoText": "$1.00 ",
        "packageSize": "375g",
        "packagePrice": "$1.47 per 100G"
      }
    }
  },
  {
    "id": "bega-peanut-butter-dark-roast-smooth",
    "brand": "Bega",
    "name": "Dark Roast Smooth Peanut Butter",
    "imageUrl": "https://shop.coles.com.au/wcsstore/Coles-CAS/images/3/2/1/3213380-th.jpg",
    "categories": ["pantry"],
    "tags": ["jams-honey-spreads", "nut-spreads"],
    "locations": {
      "vic": {
        "price": 5.7,
        "promoText": " ",
        "packageSize": "470g",
        "packagePrice": "$1.21 per 100G"
      }
    }
  },
  {
    "id": "mayvers-smooth-dark-roast-peanut-butter",
    "brand": "Mayver's",
    "name": "Dark Roast Peanut Butter Smooth",
    "imageUrl": "https://shop.coles.com.au/wcsstore/Coles-CAS/images/2/6/2/2622012-th.jpg",
    "categories": ["pantry"],
    "tags": ["jams-honey-spreads", "nut-spreads"],
    "locations": {
      "vic": {
        "price": 5,
        "promoText": " ",
        "packageSize": "375g",
        "packagePrice": "$1.33 per 100G"
      }
    }
  },
  {
    "id": "mayvers-goodness-to-go-crunchy-peanut-butter",
    "brand": "Mayver's",
    "name": "Crunchy Peanut Butter 6 Mini Pots",
    "imageUrl": "https://shop.coles.com.au/wcsstore/Coles-CAS/images/3/5/7/3579189-th.jpg",
    "categories": ["pantry"],
    "tags": ["jams-honey-spreads", "nut-spreads"],
    "locations": {
      "vic": {
        "price": 5,
        "promoText": " ",
        "packageSize": "240g",
        "packagePrice": "$2.08 per 100G"
      }
    }
  },
  {
    "id": "mayvers-goodness-to-go-dark-roast-peanut-butter",
    "brand": "Mayver's",
    "name": "Crunchy Dark Roasted Peanut Butter 6 Mini Pots",
    "imageUrl": "https://shop.coles.com.au/wcsstore/Coles-CAS/images/3/5/7/3579190-th.jpg",
    "categories": ["pantry"],
    "tags": ["jams-honey-spreads", "nut-spreads"],
    "locations": {
      "vic": {
        "price": 5,
        "promoText": " ",
        "packageSize": "240g",
        "packagePrice": "$2.08 per 100G"
      }
    }
  },
  {
    "id": "mayvers-protein-plus-peanut-butter-5-seeds",
    "brand": "Mayvers",
    "name": "Protein Plus Peanut Butter with 5 Super Seeds",
    "imageUrl": "https://shop.coles.com.au/wcsstore/Coles-CAS/images/3/2/1/3212399-th.jpg",
    "categories": ["pantry"],
    "tags": ["jams-honey-spreads", "nut-spreads"],
    "locations": {
      "vic": {
        "price": 5.5,
        "promoText": " ",
        "packageSize": "375g",
        "packagePrice": "$1.47 per 100G"
      }
    }
  },
  {
    "id": "vegemite-spread-6027622p",
    "brand": "Vegemite",
    "name": "Spread",
    "imageUrl": "https://shop.coles.com.au/wcsstore/Coles-CAS/images/6/0/2/6027622-th.jpg",
    "categories": ["pantry"],
    "tags": ["jams-honey-spreads", "savoury-spreads"],
    "locations": {
      "vic": {
        "price": 8,
        "promoText": " ",
        "packageSize": "560g",
        "packagePrice": "$1.43 per 100G"
      }
    }
  },
  {
    "id": "vegemite-spread-5998852p",
    "brand": "Vegemite",
    "name": "Spread",
    "imageUrl": "https://shop.coles.com.au/wcsstore/Coles-CAS/images/5/9/9/5998852-th.jpg",
    "categories": ["pantry"],
    "tags": ["jams-honey-spreads", "savoury-spreads"],
    "locations": {
      "vic": {
        "price": 6.5,
        "promoText": " ",
        "packageSize": "380g",
        "packagePrice": "$1.71 per 100G"
      }
    }
  },
  {
    "id": "kraft-cheese-cheddar-block",
    "brand": "Bega",
    "name": "Dairylea Cheddar Cheese Block",
    "imageUrl": "https://shop.coles.com.au/wcsstore/Coles-CAS/images/1/2/7/127431-th.jpg",
    "categories": ["pantry"],
    "tags": ["jams-honey-spreads", "savoury-spreads"],
    "locations": {
      "vic": {
        "price": 4,
        "promoText": " ",
        "packageSize": "250g",
        "packagePrice": "$16.00 per 1Kg"
      }
    }
  },
  {
    "id": "vegemite-spread-6032906p",
    "brand": "Vegemite",
    "name": "Spread",
    "imageUrl": "https://shop.coles.com.au/wcsstore/Coles-CAS/images/6/0/3/6032906-th.jpg",
    "categories": ["pantry"],
    "tags": ["jams-honey-spreads", "savoury-spreads"],
    "locations": {
      "vic": {
        "price": 4,
        "promoText": " ",
        "packageSize": "220g",
        "packagePrice": "$1.82 per 100G"
      }
    }
  },
  {
    "id": "vegemite-spread",
    "brand": "Vegemite",
    "name": "Spread",
    "imageUrl": "https://shop.coles.com.au/wcsstore/Coles-CAS/images/6/0/3/6032961-th.jpg",
    "categories": ["pantry"],
    "tags": ["jams-honey-spreads", "savoury-spreads"],
    "locations": {
      "vic": {
        "price": 2.8,
        "promoText": "$0.70 ",
        "packageSize": "150g",
        "packagePrice": "$1.87 per 100G"
      }
    }
  },
  {
    "id": "kraft-cream-cheese-spread",
    "brand": "Bega",
    "name": "Cream Cheese Spread Original",
    "imageUrl": "https://shop.coles.com.au/wcsstore/Coles-CAS/images/1/7/4/1744739-th.jpg",
    "categories": ["pantry"],
    "tags": ["jams-honey-spreads", "savoury-spreads"],
    "locations": {
      "vic": {
        "price": 6.5,
        "promoText": " ",
        "packageSize": "500g",
        "packagePrice": "$13.00 per 1Kg"
      }
    }
  },
  {
    "id": "kraft-cheestiks-12-pack",
    "brand": "Dairylea",
    "name": "Cheese Sticks 12 pack",
    "imageUrl": "https://shop.coles.com.au/wcsstore/Coles-CAS/images/5/8/8/5888912-th.jpg",
    "categories": ["pantry"],
    "tags": ["jams-honey-spreads", "savoury-spreads"],
    "locations": {
      "vic": {
        "price": 5.55,
        "promoText": " ",
        "packageSize": "240g",
        "packagePrice": "$23.13 per 1Kg"
      }
    }
  },
  {
    "id": "kraft-original-cream-cheese-spread",
    "brand": "Bega",
    "name": "Original Cream Cheese Spread",
    "imageUrl": "https://shop.coles.com.au/wcsstore/Coles-CAS/images/1/7/4/1744852-th.jpg",
    "categories": ["pantry"],
    "tags": ["jams-honey-spreads", "savoury-spreads"],
    "locations": {
      "vic": {
        "price": 3.8,
        "promoText": " ",
        "packageSize": "250g",
        "packagePrice": "$15.20 per 1Kg"
      }
    }
  },
  {
    "id": "kraft-smooth-cashew-spread",
    "brand": "Bega",
    "name": "Cashew Spread Smooth",
    "imageUrl": "https://shop.coles.com.au/wcsstore/Coles-CAS/images/2/2/2/2222284-th.jpg",
    "categories": ["pantry"],
    "tags": ["jams-honey-spreads", "savoury-spreads"],
    "locations": {
      "vic": {
        "price": 5.7,
        "promoText": " ",
        "packageSize": "325g",
        "packagePrice": "$1.75 per 100G"
      }
    }
  },
  {
    "id": "bel-cheese-laughing-cow",
    "brand": "Bel",
    "name": "The Laughing Cow Cheese Portions Original",
    "imageUrl": "https://shop.coles.com.au/wcsstore/Coles-CAS/images/8/5/4/8546642-th.jpg",
    "categories": ["pantry"],
    "tags": ["jams-honey-spreads", "savoury-spreads"],
    "locations": {
      "vic": {
        "price": 6.1,
        "promoText": " ",
        "packageSize": "240g",
        "packagePrice": "$25.42 per 1Kg"
      }
    }
  },
  {
    "id": "coles-almond-butter-3214237p",
    "brand": "Coles",
    "name": "Roasted Almond Butter",
    "imageUrl": "https://shop.coles.com.au/wcsstore/Coles-CAS/images/3/2/1/3214237-th.jpg",
    "categories": ["pantry"],
    "tags": ["jams-honey-spreads", "savoury-spreads"],
    "locations": {
      "vic": {
        "price": 7,
        "promoText": " ",
        "packageSize": "250g",
        "packagePrice": "$2.80 per 100G"
      }
    }
  },
  {
    "id": "masterfoods-promite",
    "brand": "MasterFoods",
    "name": "Promite Spread",
    "imageUrl": "https://shop.coles.com.au/wcsstore/Coles-CAS/images/2/2/4/224959-th.jpg",
    "categories": ["pantry"],
    "tags": ["jams-honey-spreads", "savoury-spreads"],
    "locations": {
      "vic": {
        "price": 4.4,
        "promoText": " ",
        "packageSize": "290g",
        "packagePrice": "$1.52 per 100G"
      }
    }
  },
  {
    "id": "vegemite-gluten-free",
    "brand": "Vegemite",
    "name": "Gluten Free Spread",
    "imageUrl": "https://shop.coles.com.au/wcsstore/Coles-CAS/images/3/4/4/3447643-th.jpg",
    "categories": ["pantry"],
    "tags": ["jams-honey-spreads", "savoury-spreads"],
    "locations": {
      "vic": {
        "price": 3.8,
        "promoText": "$1.10 ",
        "packageSize": "235g",
        "packagePrice": "$1.62 per 100G"
      }
    }
  },
  {
    "id": "vegemite-40-salt-reduced-3741990p",
    "brand": "Vegemite",
    "name": "40% Salt Reduced",
    "imageUrl": "https://shop.coles.com.au/wcsstore/Coles-CAS/images/3/7/4/3741990-th.jpg",
    "categories": ["pantry"],
    "tags": ["jams-honey-spreads", "savoury-spreads"],
    "locations": {
      "vic": {
        "price": 8.2,
        "promoText": " ",
        "packageSize": "440g",
        "packagePrice": "$1.86 per 100G"
      }
    }
  },
  {
    "id": "nutty-bruce-crunchy-almond-butter",
    "brand": "Nutty Bruce",
    "name": "Crunchy Almond Butter",
    "imageUrl": "https://shop.coles.com.au/wcsstore/Coles-CAS/images/3/5/7/3579633-th.jpg",
    "categories": ["pantry"],
    "tags": ["jams-honey-spreads", "savoury-spreads"],
    "locations": {
      "vic": {
        "price": 8.95,
        "promoText": " ",
        "packageSize": "250g",
        "packagePrice": "$3.58 per 100G"
      }
    }
  },
  {
    "id": "nutty-bruce-smooth-almond-butter",
    "brand": "Nutty Bruce",
    "name": "Smooth Almond Butter",
    "imageUrl": "https://shop.coles.com.au/wcsstore/Coles-CAS/images/3/5/7/3579622-th.jpg",
    "categories": ["pantry"],
    "tags": ["jams-honey-spreads", "savoury-spreads"],
    "locations": {
      "vic": {
        "price": 8.95,
        "promoText": " ",
        "packageSize": "250g",
        "packagePrice": "$3.58 per 100G"
      }
    }
  },
  {
    "id": "pecks-jar-paste-anchovette-130130p",
    "brand": "Peck's",
    "name": "Anchovette Spread",
    "imageUrl": "https://shop.coles.com.au/wcsstore/Coles-CAS/images/1/3/0/130130-th.jpg",
    "categories": ["pantry"],
    "tags": ["jams-honey-spreads", "savoury-spreads"],
    "locations": {
      "vic": {
        "price": 1.9,
        "promoText": " ",
        "packageSize": "50g",
        "packagePrice": "$3.80 per 100G"
      }
    }
  },
  {
    "id": "kraft-cheese-cheddar",
    "brand": "Bega",
    "name": "Dairylea Cheddar Cheese Block",
    "imageUrl": "https://shop.coles.com.au/wcsstore/Coles-CAS/images/1/3/0/130775-th.jpg",
    "categories": ["pantry"],
    "tags": ["jams-honey-spreads", "savoury-spreads"],
    "locations": {
      "vic": {
        "price": 6.6,
        "promoText": " ",
        "packageSize": "500g",
        "packagePrice": "$13.20 per 1Kg"
      }
    }
  },
  {
    "id": "kraft-light-cream-cheese-spread-1744830p",
    "brand": "Bega",
    "name": "Cream Cheese Spread Light",
    "imageUrl": "https://shop.coles.com.au/wcsstore/Coles-CAS/images/1/7/4/1744830-th.jpg",
    "categories": ["pantry"],
    "tags": ["jams-honey-spreads", "savoury-spreads"],
    "locations": {
      "vic": {
        "price": 3.8,
        "promoText": " ",
        "packageSize": "250g",
        "packagePrice": "$15.20 per 1Kg"
      }
    }
  },
  {
    "id": "kraft-cheddar-cream-cheese-spread",
    "brand": "Bega",
    "name": "Cream Cheese Spread Bold",
    "imageUrl": "https://shop.coles.com.au/wcsstore/Coles-CAS/images/1/7/4/1744841-th.jpg",
    "categories": ["pantry"],
    "tags": ["jams-honey-spreads", "savoury-spreads"],
    "locations": {
      "vic": {
        "price": 3.8,
        "promoText": " ",
        "packageSize": "250g",
        "packagePrice": "$15.20 per 1Kg"
      }
    }
  },
  {
    "id": "kraft-crunchy-almond-spread",
    "brand": "Bega",
    "name": "Almond Spread Crunchy",
    "imageUrl": "https://shop.coles.com.au/wcsstore/Coles-CAS/images/2/2/2/2222262-th.jpg",
    "categories": ["pantry"],
    "tags": ["jams-honey-spreads", "savoury-spreads"],
    "locations": {
      "vic": {
        "price": 5.7,
        "promoText": " ",
        "packageSize": "325g",
        "packagePrice": "$1.75 per 100G"
      }
    }
  },
  {
    "id": "coles-cream-cheese-spread",
    "brand": "Coles",
    "name": "Cream Cheese Spread",
    "imageUrl": "https://shop.coles.com.au/wcsstore/Coles-CAS/images/2/0/7/2078326-th.jpg",
    "categories": ["pantry"],
    "tags": ["jams-honey-spreads", "savoury-spreads"],
    "locations": {
      "vic": {
        "price": 2.9,
        "promoText": " ",
        "packageSize": "245g",
        "packagePrice": "$11.84 per 1Kg"
      }
    }
  },
  {
    "id": "marmite-spread-yeast-extract",
    "brand": "Sanitarium",
    "name": "Marmite Yeast Extract Spread",
    "imageUrl": "https://shop.coles.com.au/wcsstore/Coles-CAS/images/5/0/9/5090521-th.jpg",
    "categories": ["pantry"],
    "tags": ["jams-honey-spreads", "savoury-spreads"],
    "locations": {
      "vic": {
        "price": 4.3,
        "promoText": " ",
        "packageSize": "250g",
        "packagePrice": "$1.72 per 100G"
      }
    }
  },
  {
    "id": "vegemite-chesybite-spread",
    "brand": "Vegemite",
    "name": "Cheesybite Spread",
    "imageUrl": "https://shop.coles.com.au/wcsstore/Coles-CAS/images/7/2/7/7277239-th.jpg",
    "categories": ["pantry"],
    "tags": ["jams-honey-spreads", "savoury-spreads"],
    "locations": {
      "vic": {
        "price": 3.5,
        "promoText": "$1.60 ",
        "packageSize": "270g",
        "packagePrice": "$1.30 per 100G"
      }
    }
  },
  {
    "id": "kraft-vegemite-tube-pack",
    "brand": "Vegemite",
    "name": "Tube Pack",
    "imageUrl": "https://shop.coles.com.au/wcsstore/Coles-CAS/images/6/6/8/6686946-th.jpg",
    "categories": ["pantry"],
    "tags": ["jams-honey-spreads", "savoury-spreads"],
    "locations": {
      "vic": {
        "price": 4.1,
        "promoText": " ",
        "packageSize": "145g",
        "packagePrice": "$2.83 per 100G"
      }
    }
  },
  {
    "id": "kraft-cheddar-cream-cheese-spread-1744692p",
    "brand": "Bega",
    "name": "Cream Cheese Spread Bold",
    "imageUrl": "https://shop.coles.com.au/wcsstore/Coles-CAS/images/1/7/4/1744692-th.jpg",
    "categories": ["pantry"],
    "tags": ["jams-honey-spreads", "savoury-spreads"],
    "locations": {
      "vic": {
        "price": 6.5,
        "promoText": " ",
        "packageSize": "500g",
        "packagePrice": "$13.00 per 1Kg"
      }
    }
  },
  {
    "id": "mighty-mite-yeast-spread",
    "brand": "Mighty Mite",
    "name": "Yeast Spread",
    "imageUrl": "https://shop.coles.com.au/wcsstore/Coles-CAS/images/8/9/7/8979752-th.jpg",
    "categories": ["pantry"],
    "tags": ["jams-honey-spreads", "savoury-spreads"],
    "locations": {
      "vic": {
        "price": 0,
        "promoText": " ",
        "packageSize": "290g",
        "packagePrice": ""
      }
    }
  },
  {
    "id": "dick-smith-ozemite",
    "brand": "Ozemite",
    "name": "Gluten Free Yeast Spread",
    "imageUrl": "https://shop.coles.com.au/wcsstore/Coles-CAS/images/9/9/1/9913115-th.jpg",
    "categories": ["pantry"],
    "tags": ["jams-honey-spreads", "savoury-spreads"],
    "locations": {
      "vic": {
        "price": 0,
        "promoText": " ",
        "packageSize": "175g",
        "packagePrice": ""
      }
    }
  },
  {
    "id": "pecks-spread-fish-salmon-lobster",
    "brand": "Peck's",
    "name": "Salmon & Lobster Spread",
    "imageUrl": "https://shop.coles.com.au/wcsstore/Coles-CAS/images/5/5/2/5520959-th.jpg",
    "categories": ["pantry"],
    "tags": ["jams-honey-spreads", "savoury-spreads"],
    "locations": {
      "vic": {
        "price": 1.9,
        "promoText": " ",
        "packageSize": "50g",
        "packagePrice": "$3.80 per 100G"
      }
    }
  },
  {
    "id": "pecks-spread-chicken-ham",
    "brand": "Peck's",
    "name": "Chicken & Ham Spread",
    "imageUrl": "https://shop.coles.com.au/wcsstore/Coles-CAS/images/1/3/0/130196-th.jpg",
    "categories": ["pantry"],
    "tags": ["jams-honey-spreads", "savoury-spreads"],
    "locations": {
      "vic": {
        "price": 2.8,
        "promoText": " ",
        "packageSize": "125g",
        "packagePrice": "$2.24 per 100G"
      }
    }
  },
  {
    "id": "pecks-spread-devilled-ham",
    "brand": "Peck's",
    "name": "Devilled Ham Spread",
    "imageUrl": "https://shop.coles.com.au/wcsstore/Coles-CAS/images/1/3/0/130185-th.jpg",
    "categories": ["pantry"],
    "tags": ["jams-honey-spreads", "savoury-spreads"],
    "locations": {
      "vic": {
        "price": 2.8,
        "promoText": " ",
        "packageSize": "125g",
        "packagePrice": "$2.24 per 100G"
      }
    }
  },
  {
    "id": "podravka-chicken-spread",
    "brand": "Podravka",
    "name": "Chicken Spread",
    "imageUrl": "https://shop.coles.com.au/wcsstore/Coles-CAS/images/8/5/5/8557730-th.jpg",
    "categories": ["pantry"],
    "tags": ["jams-honey-spreads", "savoury-spreads"],
    "locations": {
      "vic": {
        "price": 2.3,
        "promoText": " ",
        "packageSize": "100g",
        "packagePrice": "$2.30 per 100G"
      }
    }
  },
  {
    "id": "vegemite-portions",
    "brand": "Vegemite",
    "name": "Mini Portions 10 Pack",
    "imageUrl": "https://shop.coles.com.au/wcsstore/Coles-CAS/images/3/1/6/3163442-th.jpg",
    "categories": ["pantry"],
    "tags": ["jams-honey-spreads", "savoury-spreads"],
    "locations": {
      "vic": {
        "price": 3.7,
        "promoText": " ",
        "packageSize": "96g",
        "packagePrice": "$3.85 per 100G"
      }
    }
  },
  {
    "id": "vegemite-40-salt-reduced",
    "brand": "Vegemite",
    "name": "40% Salt Reduced",
    "imageUrl": "https://shop.coles.com.au/wcsstore/Coles-CAS/images/3/7/4/3741980-th.jpg",
    "categories": ["pantry"],
    "tags": ["jams-honey-spreads", "savoury-spreads"],
    "locations": {
      "vic": {
        "price": 4.9,
        "promoText": " ",
        "packageSize": "235g",
        "packagePrice": "$2.09 per 100G"
      }
    }
  },
  {
    "id": "capilano-honey-premium-blend-up-side-down",
    "brand": "Capilano",
    "name": "Pure Honey Squeeze",
    "imageUrl": "https://shop.coles.com.au/wcsstore/Coles-CAS/images/9/2/4/9247578-th.jpg",
    "categories": ["pantry"],
    "tags": ["jams-honey-spreads", "honey"],
    "locations": {
      "vic": {
        "price": 8.6,
        "promoText": " ",
        "packageSize": "500g",
        "packagePrice": "$1.72 per 100G"
      }
    }
  },
  {
    "id": "beechworth-honey-upside-down",
    "brand": "Beechworth",
    "name": "Pure Australian Honey Squeeze",
    "imageUrl": "https://shop.coles.com.au/wcsstore/Coles-CAS/images/7/0/0/7009637-th.jpg",
    "categories": ["pantry"],
    "tags": ["jams-honey-spreads", "honey"],
    "locations": {
      "vic": {
        "price": 7.9,
        "promoText": " ",
        "packageSize": "400g",
        "packagePrice": "$1.98 per 100G"
      }
    }
  },
  {
    "id": "b-honey-squeze",
    "brand": "B Honey",
    "name": "Squeeze",
    "imageUrl": "https://shop.coles.com.au/wcsstore/Coles-CAS/images/3/7/8/3789942-th.jpg",
    "categories": ["pantry"],
    "tags": ["jams-honey-spreads", "honey"],
    "locations": {
      "vic": {
        "price": 8.5,
        "promoText": " ",
        "packageSize": "450g",
        "packagePrice": "$1.89 per 100G"
      }
    }
  },
  {
    "id": "capilano-manuka-honey",
    "brand": "Capilano",
    "name": "Manuka Dark & Aromatic Honey",
    "imageUrl": "https://shop.coles.com.au/wcsstore/Coles-CAS/images/6/9/9/6999894-th.jpg",
    "categories": ["pantry"],
    "tags": ["jams-honey-spreads", "honey"],
    "locations": {
      "vic": {
        "price": 8.5,
        "promoText": " ",
        "packageSize": "340g",
        "packagePrice": "$2.50 per 100G"
      }
    }
  },
  {
    "id": "coles-australian-honey-2912453p",
    "brand": "Coles",
    "name": "Pure Australian Honey Squeeze",
    "imageUrl": "https://shop.coles.com.au/wcsstore/Coles-CAS/images/2/9/1/2912453-th.jpg",
    "categories": ["pantry"],
    "tags": ["jams-honey-spreads", "honey"],
    "locations": {
      "vic": {
        "price": 7,
        "promoText": " ",
        "packageSize": "500g",
        "packagePrice": "$1.40 per 100G"
      }
    }
  },
  {
    "id": "capilano-pure-australian-honey",
    "brand": "Capilano",
    "name": "Pure Honey Squeeze",
    "imageUrl": "https://shop.coles.com.au/wcsstore/Coles-CAS/images/2/6/3/2630269-th.jpg",
    "categories": ["pantry"],
    "tags": ["jams-honey-spreads", "honey"],
    "locations": {
      "vic": {
        "price": 6.6,
        "promoText": " ",
        "packageSize": "340g",
        "packagePrice": "$1.94 per 100G"
      }
    }
  },
  {
    "id": "coles-australian-honey",
    "brand": "Coles",
    "name": "Pure Australian Honey Jar",
    "imageUrl": "https://shop.coles.com.au/wcsstore/Coles-CAS/images/2/9/1/2912511-th.jpg",
    "categories": ["pantry"],
    "tags": ["jams-honey-spreads", "honey"],
    "locations": {
      "vic": {
        "price": 6.5,
        "promoText": " ",
        "packageSize": "500g",
        "packagePrice": "$1.30 per 100G"
      }
    }
  },
  {
    "id": "coles-brand-honey-pail",
    "brand": "Coles",
    "name": "Pure Australian Honey",
    "imageUrl": "https://shop.coles.com.au/wcsstore/Coles-CAS/images/4/7/5/4752370-th.jpg",
    "categories": ["pantry"],
    "tags": ["jams-honey-spreads", "honey"],
    "locations": {
      "vic": {
        "price": 11.5,
        "promoText": " ",
        "packageSize": "1kg",
        "packagePrice": "$1.15 per 100G"
      }
    }
  },
  {
    "id": "beechworth-bee-cause-coastal-honey",
    "brand": "Beechworth",
    "name": "Bee Cause Australian Coastal Honey",
    "imageUrl": "https://shop.coles.com.au/wcsstore/Coles-CAS/images/2/9/0/2900396-th.jpg",
    "categories": ["pantry"],
    "tags": ["jams-honey-spreads", "honey"],
    "locations": {
      "vic": {
        "price": 8,
        "promoText": " ",
        "packageSize": "400g",
        "packagePrice": "$2.00 per 100G"
      }
    }
  },
  {
    "id": "capilano-manuka-mgo30-active-honey",
    "brand": "Capilano",
    "name": "Manuka Active Honey",
    "imageUrl": "https://shop.coles.com.au/wcsstore/Coles-CAS/images/2/8/9/2898986-th.jpg",
    "categories": ["pantry"],
    "tags": ["jams-honey-spreads", "honey"],
    "locations": {
      "vic": {
        "price": 10,
        "promoText": " ",
        "packageSize": "340g",
        "packagePrice": "$2.94 per 100G"
      }
    }
  },
  {
    "id": "beechworth-bee-cause-river-honey",
    "brand": "Beechworth",
    "name": "Bee Cause Australian River Honey",
    "imageUrl": "https://shop.coles.com.au/wcsstore/Coles-CAS/images/2/6/2/2623864-th.jpg",
    "categories": ["pantry"],
    "tags": ["jams-honey-spreads", "honey"],
    "locations": {
      "vic": {
        "price": 8,
        "promoText": " ",
        "packageSize": "400g",
        "packagePrice": "$2.00 per 100G"
      }
    }
  },
  {
    "id": "beechworth-bee-cause-bush-honey",
    "brand": "Beechworth",
    "name": "Bee Cause Australian Bush Honey",
    "imageUrl": "https://shop.coles.com.au/wcsstore/Coles-CAS/images/2/9/0/2900385-th.jpg",
    "categories": ["pantry"],
    "tags": ["jams-honey-spreads", "honey"],
    "locations": {
      "vic": {
        "price": 8,
        "promoText": " ",
        "packageSize": "400g",
        "packagePrice": "$2.00 per 100G"
      }
    }
  },
  {
    "id": "capilano-manuka-mg0-300-honey",
    "brand": "Capilano",
    "name": "Manuka Honey MGO 300+ Upside Down",
    "imageUrl": "https://shop.coles.com.au/wcsstore/Coles-CAS/images/3/6/0/3605450-th.jpg",
    "categories": ["pantry"],
    "tags": ["jams-honey-spreads", "honey"],
    "locations": {
      "vic": {
        "price": 30,
        "promoText": " ",
        "packageSize": "340g",
        "packagePrice": "$8.82 per 100G"
      }
    }
  },
  {
    "id": "coles-honey-squeeze",
    "brand": "Coles",
    "name": "Pure Australian Honey Squeeze",
    "imageUrl": "https://shop.coles.com.au/wcsstore/Coles-CAS/images/7/5/7/7570029-th.jpg",
    "categories": ["pantry"],
    "tags": ["jams-honey-spreads", "honey"],
    "locations": {
      "vic": {
        "price": 5.2,
        "promoText": " ",
        "packageSize": "375g",
        "packagePrice": "$1.39 per 100G"
      }
    }
  },
  {
    "id": "b-honey-glass",
    "brand": "B Honey",
    "name": "Glass",
    "imageUrl": "https://shop.coles.com.au/wcsstore/Coles-CAS/images/3/7/8/3789953-th.jpg",
    "categories": ["pantry"],
    "tags": ["jams-honey-spreads", "honey"],
    "locations": {
      "vic": {
        "price": 8.5,
        "promoText": " ",
        "packageSize": "450g",
        "packagePrice": "$1.89 per 100G"
      }
    }
  },
  {
    "id": "beechworth--limited-edition-quirky--bee-honey",
    "brand": "Beechworth",
    "name": "Bee Raw Honey & Honeycomb",
    "imageUrl": "https://shop.coles.com.au/wcsstore/Coles-CAS/images/2/6/2/2623795-th.jpg",
    "categories": ["pantry"],
    "tags": ["jams-honey-spreads", "honey"],
    "locations": {
      "vic": {
        "price": 11,
        "promoText": " ",
        "packageSize": "350g",
        "packagePrice": "$3.14 per 100G"
      }
    }
  },
  {
    "id": "capilano-twist-squeeze-honey-clear",
    "brand": "Capilano",
    "name": "Clear Honey Twist & Squeeze",
    "imageUrl": "https://shop.coles.com.au/wcsstore/Coles-CAS/images/7/0/0/7000188-th.jpg",
    "categories": ["pantry"],
    "tags": ["jams-honey-spreads", "honey"],
    "locations": {
      "vic": {
        "price": 7.2,
        "promoText": " ",
        "packageSize": "375g",
        "packagePrice": "$1.92 per 100G"
      }
    }
  },
  {
    "id": "capilano-honey-pure-clear",
    "brand": "Capilano",
    "name": "Pure Honey",
    "imageUrl": "https://shop.coles.com.au/wcsstore/Coles-CAS/images/3/1/3/313367-th.jpg",
    "categories": ["pantry"],
    "tags": ["jams-honey-spreads", "honey"],
    "locations": {
      "vic": {
        "price": 8.6,
        "promoText": " ",
        "packageSize": "500g",
        "packagePrice": "$1.72 per 100G"
      }
    }
  },
  {
    "id": "capilano-twist-squeeze-honey",
    "brand": "Capilano",
    "name": "Twist & Squeeze Pure Honey",
    "imageUrl": "https://shop.coles.com.au/wcsstore/Coles-CAS/images/2/2/1/2212484-th.jpg",
    "categories": ["pantry"],
    "tags": ["jams-honey-spreads", "honey"],
    "locations": {
      "vic": {
        "price": 4.7,
        "promoText": " ",
        "packageSize": "220g",
        "packagePrice": "$2.14 per 100G"
      }
    }
  },
  {
    "id": "b-honey-squeze-3789931p",
    "brand": "B Honey",
    "name": "Squeeze",
    "imageUrl": "https://shop.coles.com.au/wcsstore/Coles-CAS/images/3/7/8/3789931-th.jpg",
    "categories": ["pantry"],
    "tags": ["jams-honey-spreads", "honey"],
    "locations": {
      "vic": {
        "price": 6.5,
        "promoText": " ",
        "packageSize": "300g",
        "packagePrice": "$2.17 per 100G"
      }
    }
  },
  {
    "id": "b-honey-yellow-gum",
    "brand": "B Honey",
    "name": "Yellow Gum",
    "imageUrl": "https://shop.coles.com.au/wcsstore/Coles-CAS/images/3/7/8/3789986-th.jpg",
    "categories": ["pantry"],
    "tags": ["jams-honey-spreads", "honey"],
    "locations": {
      "vic": {
        "price": 8.5,
        "promoText": " ",
        "packageSize": "325g",
        "packagePrice": "$2.62 per 100G"
      }
    }
  },
  {
    "id": "beechworth-honey",
    "brand": "Beechworth",
    "name": "Pure Australian Honey",
    "imageUrl": "https://shop.coles.com.au/wcsstore/Coles-CAS/images/2/6/2/2624437-th.jpg",
    "categories": ["pantry"],
    "tags": ["jams-honey-spreads", "honey"],
    "locations": {
      "vic": {
        "price": 8,
        "promoText": " ",
        "packageSize": "500g",
        "packagePrice": "$1.60 per 100G"
      }
    }
  },
  {
    "id": "beechworth-bee-bold-honey",
    "brand": "Beechworth",
    "name": "Bee Bold 100% Australian Honey",
    "imageUrl": "https://shop.coles.com.au/wcsstore/Coles-CAS/images/3/5/9/3597136-th.jpg",
    "categories": ["pantry"],
    "tags": ["jams-honey-spreads", "honey"],
    "locations": {
      "vic": {
        "price": 8.5,
        "promoText": " ",
        "packageSize": "350g",
        "packagePrice": "$2.43 per 100G"
      }
    }
  },
  {
    "id": "capilano-honey-organic",
    "brand": "Capilano",
    "name": "Organic Honey Up Side Down",
    "imageUrl": "https://shop.coles.com.au/wcsstore/Coles-CAS/images/1/1/6/1166100-th.jpg",
    "categories": ["pantry"],
    "tags": ["jams-honey-spreads", "honey"],
    "locations": {
      "vic": {
        "price": 9,
        "promoText": " ",
        "packageSize": "340g",
        "packagePrice": "$2.65 per 100G"
      }
    }
  },
  {
    "id": "coles-australian-honey-3185015p",
    "brand": "Coles",
    "name": "Pure Australian Honey Squeeze",
    "imageUrl": "https://shop.coles.com.au/wcsstore/Coles-CAS/images/3/1/8/3185015-th.jpg",
    "categories": ["pantry"],
    "tags": ["jams-honey-spreads", "honey"],
    "locations": {
      "vic": {
        "price": 13.5,
        "promoText": " ",
        "packageSize": "1 kg",
        "packagePrice": "$13.50 per 1Kg"
      }
    }
  },
  {
    "id": "coles-australian-red-gum-honey",
    "brand": "Coles",
    "name": "Australian Red Gum Honey",
    "imageUrl": "https://shop.coles.com.au/wcsstore/Coles-CAS/images/3/5/7/3579677-th.jpg",
    "categories": ["pantry"],
    "tags": ["jams-honey-spreads", "honey"],
    "locations": {
      "vic": {
        "price": 6.5,
        "promoText": " ",
        "packageSize": "400g",
        "packagePrice": "$1.63 per 100G"
      }
    }
  },
  {
    "id": "coles-qld-macadamia-honey",
    "brand": "Coles",
    "name": "Queensland Macadamia Honey",
    "imageUrl": "https://shop.coles.com.au/wcsstore/Coles-CAS/images/3/5/7/3579666-th.jpg",
    "categories": ["pantry"],
    "tags": ["jams-honey-spreads", "honey"],
    "locations": {
      "vic": {
        "price": 6.5,
        "promoText": " ",
        "packageSize": "400g",
        "packagePrice": "$1.63 per 100G"
      }
    }
  },
  {
    "id": "pureharvest-raw-organic-honey",
    "brand": "Pureharvest",
    "name": "Raw Organic Honey",
    "imageUrl": "https://shop.coles.com.au/wcsstore/Coles-CAS/images/9/6/5/9657300-th.jpg",
    "categories": ["pantry"],
    "tags": ["jams-honey-spreads", "honey"],
    "locations": {
      "vic": {
        "price": 9,
        "promoText": " ",
        "packageSize": "500g",
        "packagePrice": "$1.80 per 100G"
      }
    }
  },
  {
    "id": "beechworth-bee-warm-honey",
    "brand": "Beechworth",
    "name": "Bee Warm 100% Australian Honey",
    "imageUrl": "https://shop.coles.com.au/wcsstore/Coles-CAS/images/3/5/9/3597125-th.jpg",
    "categories": ["pantry"],
    "tags": ["jams-honey-spreads", "honey"],
    "locations": {
      "vic": {
        "price": 7.5,
        "promoText": "$1.00 ",
        "packageSize": "350g",
        "packagePrice": "$2.14 per 100G"
      }
    }
  },
  {
    "id": "capilano-creamed-honey",
    "brand": "Capilano",
    "name": "Creamed Honey",
    "imageUrl": "https://shop.coles.com.au/wcsstore/Coles-CAS/images/1/3/4/134801-th.jpg",
    "categories": ["pantry"],
    "tags": ["jams-honey-spreads", "honey"],
    "locations": {
      "vic": {
        "price": 8.8,
        "promoText": " ",
        "packageSize": "500g",
        "packagePrice": "$1.76 per 100G"
      }
    }
  },
  {
    "id": "capilano-dark-bold-upside-down-honey",
    "brand": "Capilano",
    "name": "Dark & Bold Honey Upside Down",
    "imageUrl": "https://shop.coles.com.au/wcsstore/Coles-CAS/images/3/5/8/3583594-th.jpg",
    "categories": ["pantry"],
    "tags": ["jams-honey-spreads", "honey"],
    "locations": {
      "vic": {
        "price": 6.9,
        "promoText": " ",
        "packageSize": "340g",
        "packagePrice": "$2.03 per 100G"
      }
    }
  },
  {
    "id": "capilano-light-smooth-upside-down-honey",
    "brand": "Capilano",
    "name": "Light & Smooth Honey Upside Down",
    "imageUrl": "https://shop.coles.com.au/wcsstore/Coles-CAS/images/3/5/8/3583572-th.jpg",
    "categories": ["pantry"],
    "tags": ["jams-honey-spreads", "honey"],
    "locations": {
      "vic": {
        "price": 6.9,
        "promoText": " ",
        "packageSize": "340g",
        "packagePrice": "$2.03 per 100G"
      }
    }
  },
  {
    "id": "b-honey-red-gum",
    "brand": "B Honey",
    "name": "Red Gum",
    "imageUrl": "https://shop.coles.com.au/wcsstore/Coles-CAS/images/3/7/8/3789975-th.jpg",
    "categories": ["pantry"],
    "tags": ["jams-honey-spreads", "honey"],
    "locations": {
      "vic": {
        "price": 8.5,
        "promoText": " ",
        "packageSize": "325g",
        "packagePrice": "$2.62 per 100G"
      }
    }
  },
  {
    "id": "bee-products-manuka-honey-mg30",
    "brand": "Bee Products",
    "name": "Manuka Honey MG30+",
    "imageUrl": "https://shop.coles.com.au/wcsstore/Coles-CAS/images/2/6/3/2630270-th.jpg",
    "categories": ["pantry"],
    "tags": ["jams-honey-spreads", "honey"],
    "locations": {
      "vic": {
        "price": 20,
        "promoText": " ",
        "packageSize": "500g",
        "packagePrice": "$4.00 per 100G"
      }
    }
  },
  {
    "id": "beechworth-honey-2624390p",
    "brand": "Beechworth",
    "name": "Australian Honey",
    "imageUrl": "https://shop.coles.com.au/wcsstore/Coles-CAS/images/2/6/2/2624390-th.jpg",
    "categories": ["pantry"],
    "tags": ["jams-honey-spreads", "honey"],
    "locations": {
      "vic": {
        "price": 22,
        "promoText": " ",
        "packageSize": "1.5kg",
        "packagePrice": "$14.67 per 1Kg"
      }
    }
  },
  {
    "id": "beechworth-bee-fruit-honey",
    "brand": "Beechworth",
    "name": "Bee Fruity 100% Australian Honey",
    "imageUrl": "https://shop.coles.com.au/wcsstore/Coles-CAS/images/3/5/9/3597103-th.jpg",
    "categories": ["pantry"],
    "tags": ["jams-honey-spreads", "honey"],
    "locations": {
      "vic": {
        "price": 8.5,
        "promoText": " ",
        "packageSize": "350g",
        "packagePrice": "$2.43 per 100G"
      }
    }
  },
  {
    "id": "beechworth-bee-delicate-honey",
    "brand": "Beechworth Honey",
    "name": "Delicate Bee Honey",
    "imageUrl": "https://shop.coles.com.au/wcsstore/Coles-CAS/images/3/5/9/3597090-th.jpg",
    "categories": ["pantry"],
    "tags": ["jams-honey-spreads", "honey"],
    "locations": {
      "vic": {
        "price": 8.5,
        "promoText": " ",
        "packageSize": "350g",
        "packagePrice": "$2.43 per 100G"
      }
    }
  },
  {
    "id": "capilano-honey-pure-australian-161644p",
    "brand": "Capilano",
    "name": "Pure Australian Honey Pail",
    "imageUrl": "https://shop.coles.com.au/wcsstore/Coles-CAS/images/1/6/1/161644-th.jpg",
    "categories": ["pantry"],
    "tags": ["jams-honey-spreads", "honey"],
    "locations": {
      "vic": {
        "price": 15,
        "promoText": " ",
        "packageSize": "1kg",
        "packagePrice": "$1.50 per 100G"
      }
    }
  },
  {
    "id": "capilano-yellow-box-honey",
    "brand": "Capilano",
    "name": "Delicate & Smooth Yellow Box Honey Upside Down",
    "imageUrl": "https://shop.coles.com.au/wcsstore/Coles-CAS/images/3/6/2/3629039-th.jpg",
    "categories": ["pantry"],
    "tags": ["jams-honey-spreads", "honey"],
    "locations": {
      "vic": {
        "price": 6.9,
        "promoText": " ",
        "packageSize": "340g",
        "packagePrice": "$2.03 per 100G"
      }
    }
  },
  {
    "id": "capilano-manuka-mgo-300-honey",
    "brand": "Capilano",
    "name": "Manuka Honey MGO 300+",
    "imageUrl": "https://shop.coles.com.au/wcsstore/Coles-CAS/images/3/6/2/3629061-th.jpg",
    "categories": ["pantry"],
    "tags": ["jams-honey-spreads", "honey"],
    "locations": {
      "vic": {
        "price": 26,
        "promoText": " ",
        "packageSize": "250g",
        "packagePrice": "$10.40 per 100G"
      }
    }
  },
  {
    "id": "capilano-makuka-mgo-100-honey",
    "brand": "Capilano",
    "name": "Manuka MGO 100+ Honey",
    "imageUrl": "https://shop.coles.com.au/wcsstore/Coles-CAS/images/3/6/2/3629040-th.jpg",
    "categories": ["pantry"],
    "tags": ["jams-honey-spreads", "honey"],
    "locations": {
      "vic": {
        "price": 18,
        "promoText": " ",
        "packageSize": "250g",
        "packagePrice": "$7.20 per 100G"
      }
    }
  },
  {
    "id": "capilano-manuka-mgo-100-honey",
    "brand": "Capilano",
    "name": "Manuka Honey MGO 100+ Upside Down",
    "imageUrl": "https://shop.coles.com.au/wcsstore/Coles-CAS/images/3/6/0/3605449-th.jpg",
    "categories": ["pantry"],
    "tags": ["jams-honey-spreads", "honey"],
    "locations": {
      "vic": {
        "price": 24,
        "promoText": " ",
        "packageSize": "340g",
        "packagePrice": "$7.06 per 100G"
      }
    }
  },
  {
    "id": "coles-nsw-snow-gum-honey",
    "brand": "Coles",
    "name": "New South Wales Snow Gum Honey Strong",
    "imageUrl": "https://shop.coles.com.au/wcsstore/Coles-CAS/images/3/5/7/3579655-th.jpg",
    "categories": ["pantry"],
    "tags": ["jams-honey-spreads", "honey"],
    "locations": {
      "vic": {
        "price": 6.5,
        "promoText": " ",
        "packageSize": "400g",
        "packagePrice": "$1.63 per 100G"
      }
    }
  },
  {
    "id": "fountain-sauce-smart-squeeze-tomato",
    "brand": "Fountain",
    "name": "Reduced Sugar Tomato Sauce",
    "imageUrl": "https://shop.coles.com.au/wcsstore/Coles-CAS/images/1/4/2/1423190-th.jpg",
    "categories": ["pantry"],
    "tags": ["condiments", "tomato-bbq-sauces"],
    "locations": {
      "vic": {
        "price": 2,
        "promoText": " ",
        "packageSize": "500mL",
        "packagePrice": "$0.40 per 100mL"
      }
    }
  },
  {
    "id": "coles-smart-buy-paste-tomato",
    "brand": "Coles",
    "name": "Tomato Paste",
    "imageUrl": "https://shop.coles.com.au/wcsstore/Coles-CAS/images/5/3/7/5375565-th.jpg",
    "categories": ["pantry"],
    "tags": ["condiments", "tomato-bbq-sauces"],
    "locations": {
      "vic": {
        "price": 1.25,
        "promoText": " ",
        "packageSize": "500g",
        "packagePrice": "$0.25 per 100G"
      }
    }
  },
  {
    "id": "masterfoods-tomato-sauce-squeeze",
    "brand": "MasterFoods",
    "name": "Tomato Sauce",
    "imageUrl": "https://shop.coles.com.au/wcsstore/Coles-CAS/images/7/7/1/7717331-th.jpg",
    "categories": ["pantry"],
    "tags": ["condiments", "tomato-bbq-sauces"],
    "locations": {
      "vic": {
        "price": 2.5,
        "promoText": "$0.45 ",
        "packageSize": "500mL",
        "packagePrice": "$0.50 per 100mL"
      }
    }
  },
  {
    "id": "heinz-tomato-ketchup-50-less-sugar",
    "brand": "Heinz",
    "name": "Tomato Ketchup 50% Less Sugar",
    "imageUrl": "https://shop.coles.com.au/wcsstore/Coles-CAS/images/3/0/9/3091330-th.jpg",
    "categories": ["pantry"],
    "tags": ["condiments", "tomato-bbq-sauces"],
    "locations": {
      "vic": {
        "price": 3.2,
        "promoText": " ",
        "packageSize": "500mL",
        "packagePrice": "$0.64 per 100mL"
      }
    }
  },
  {
    "id": "masterfoods-tomato-sauce-squeeze-salt-reduced",
    "brand": "MasterFoods",
    "name": "Salt Reduced Tomato Sauce",
    "imageUrl": "https://shop.coles.com.au/wcsstore/Coles-CAS/images/5/4/2/5427895-th.jpg",
    "categories": ["pantry"],
    "tags": ["condiments", "tomato-bbq-sauces"],
    "locations": {
      "vic": {
        "price": 2.5,
        "promoText": "$0.45 ",
        "packageSize": "475mL",
        "packagePrice": "$0.53 per 100mL"
      }
    }
  },
  {
    "id": "masterfoods-tomato-sauce-4870911p",
    "brand": "MasterFoods",
    "name": "Squeezy Tomato Sauce",
    "imageUrl": "https://shop.coles.com.au/wcsstore/Coles-CAS/images/4/8/7/4870911-th.jpg",
    "categories": ["pantry"],
    "tags": ["condiments", "tomato-bbq-sauces"],
    "locations": {
      "vic": {
        "price": 4,
        "promoText": "Was $4.69 on Nov 2017 ",
        "packageSize": "920mL",
        "packagePrice": "$0.43 per 100mL"
      }
    }
  },
  {
    "id": "coles-sauce-tomato-squeezy",
    "brand": "Coles",
    "name": "Tomato Squeezy Sauce",
    "imageUrl": "https://shop.coles.com.au/wcsstore/Coles-CAS/images/7/4/1/7413417-th.jpg",
    "categories": ["pantry"],
    "tags": ["condiments", "tomato-bbq-sauces"],
    "locations": {
      "vic": {
        "price": 1.5,
        "promoText": " ",
        "packageSize": "500mL",
        "packagePrice": "$0.30 per 100mL"
      }
    }
  },
  {
    "id": "masterfoods-tomato-squeezy-sauce",
    "brand": "MasterFoods",
    "name": "Australian Grown Tomato Sauce",
    "imageUrl": "https://shop.coles.com.au/wcsstore/Coles-CAS/images/9/9/0/9905423-th.jpg",
    "categories": ["pantry"],
    "tags": ["condiments", "tomato-bbq-sauces"],
    "locations": {
      "vic": {
        "price": 3.15,
        "promoText": "Any 2 $5",
        "packageSize": "500mL",
        "packagePrice": "$0.63 per 100mL"
      }
    }
  },
  {
    "id": "masterfoods-barbeque-sauce-squeeze-7716441p",
    "brand": "MasterFoods",
    "name": "Barbecue Sauce",
    "imageUrl": "https://shop.coles.com.au/wcsstore/Coles-CAS/images/7/7/1/7716441-th.jpg",
    "categories": ["pantry"],
    "tags": ["condiments", "tomato-bbq-sauces"],
    "locations": {
      "vic": {
        "price": 2.5,
        "promoText": "$0.45 ",
        "packageSize": "500mL",
        "packagePrice": "$0.50 per 100mL"
      }
    }
  },
  {
    "id": "rosella-tomato-sauce-9735946p",
    "brand": "Rosella",
    "name": "Squeezy Tomato Sauce",
    "imageUrl": "https://shop.coles.com.au/wcsstore/Coles-CAS/images/9/7/3/9735946-th.jpg",
    "categories": ["pantry"],
    "tags": ["condiments", "tomato-bbq-sauces"],
    "locations": {
      "vic": {
        "price": 2.3,
        "promoText": " ",
        "packageSize": "500mL",
        "packagePrice": "$0.46 per 100mL"
      }
    }
  },
  {
    "id": "coles-ultimate-tomato-sauce",
    "brand": "Coles",
    "name": "Tomato Ketchup",
    "imageUrl": "https://shop.coles.com.au/wcsstore/Coles-CAS/images/3/0/8/3081530-th.jpg",
    "categories": ["pantry"],
    "tags": ["condiments", "tomato-bbq-sauces"],
    "locations": {
      "vic": {
        "price": 2.5,
        "promoText": " ",
        "packageSize": "487mL",
        "packagePrice": "$0.51 per 100mL"
      }
    }
  },
  {
    "id": "masterfoods-squeezy-sauce-bbq-reduced-salt",
    "brand": "MasterFoods",
    "name": "BBQ Sauce Reduced Salt & Sugar",
    "imageUrl": "https://shop.coles.com.au/wcsstore/Coles-CAS/images/8/5/7/8575582-th.jpg",
    "categories": ["pantry"],
    "tags": ["condiments", "tomato-bbq-sauces"],
    "locations": {
      "vic": {
        "price": 2.5,
        "promoText": "$0.45 ",
        "packageSize": "500mL",
        "packagePrice": "$0.50 per 100mL"
      }
    }
  },
  {
    "id": "coles-sauce-barbeque-squeezy",
    "brand": "Coles",
    "name": "Barbecue Squeezy Sauce",
    "imageUrl": "https://shop.coles.com.au/wcsstore/Coles-CAS/images/7/4/1/7413440-th.jpg",
    "categories": ["pantry"],
    "tags": ["condiments", "tomato-bbq-sauces"],
    "locations": {
      "vic": {
        "price": 1.5,
        "promoText": " ",
        "packageSize": "500mL",
        "packagePrice": "$0.30 per 100mL"
      }
    }
  },
  {
    "id": "coles-brand-sauce-tomato",
    "brand": "Coles",
    "name": "Tomato Sauce",
    "imageUrl": "https://shop.coles.com.au/wcsstore/Coles-CAS/images/8/8/4/8849054-th.jpg",
    "categories": ["pantry"],
    "tags": ["condiments", "tomato-bbq-sauces"],
    "locations": {
      "vic": {
        "price": 4,
        "promoText": " ",
        "packageSize": "2L",
        "packagePrice": "$0.20 per 100mL"
      }
    }
  },
  {
    "id": "masterfoods-smokey-barbeque-sauce-squeeze",
    "brand": "MasterFoods",
    "name": "Smokey BBQ Sauce",
    "imageUrl": "https://shop.coles.com.au/wcsstore/Coles-CAS/images/5/4/2/5427884-th.jpg",
    "categories": ["pantry"],
    "tags": ["condiments", "tomato-bbq-sauces"],
    "locations": {
      "vic": {
        "price": 3.15,
        "promoText": "Any 2 $5",
        "packageSize": "500mL",
        "packagePrice": "$0.63 per 100mL"
      }
    }
  },
  {
    "id": "dick-smith-ozesauce--sauce-tomato",
    "brand": "Ozesauce",
    "name": "Gluten Free Tomato Sauce",
    "imageUrl": "https://shop.coles.com.au/wcsstore/Coles-CAS/images/1/0/1/1011750-th.jpg",
    "categories": ["pantry"],
    "tags": ["condiments", "tomato-bbq-sauces"],
    "locations": {
      "vic": {
        "price": 3,
        "promoText": " ",
        "packageSize": "500mL",
        "packagePrice": "$0.60 per 100mL"
      }
    }
  },
  {
    "id": "coles-sauce-tomato",
    "brand": "Coles",
    "name": "Tomato Sauce",
    "imageUrl": "https://shop.coles.com.au/wcsstore/Coles-CAS/images/1/2/8/128048-th.jpg",
    "categories": ["pantry"],
    "tags": ["condiments", "tomato-bbq-sauces"],
    "locations": {
      "vic": {
        "price": 1.8,
        "promoText": " ",
        "packageSize": "600mL",
        "packagePrice": "$0.30 per 100mL"
      }
    }
  },
  {
    "id": "hp-sauce-original-top-down",
    "brand": "HP",
    "name": "Original Sauce",
    "imageUrl": "https://shop.coles.com.au/wcsstore/Coles-CAS/images/9/8/9/9899750-th.jpg",
    "categories": ["pantry"],
    "tags": ["condiments", "tomato-bbq-sauces"],
    "locations": {
      "vic": {
        "price": 5,
        "promoText": " ",
        "packageSize": "390mL",
        "packagePrice": "$1.28 per 100mL"
      }
    }
  },
  {
    "id": "three-threes-bbq-rib-sauce",
    "brand": "Three Threes",
    "name": "Rib BBQ Sauce",
    "imageUrl": "https://shop.coles.com.au/wcsstore/Coles-CAS/images/7/2/8/7288122-th.jpg",
    "categories": ["pantry"],
    "tags": ["condiments", "tomato-bbq-sauces"],
    "locations": {
      "vic": {
        "price": 3,
        "promoText": " ",
        "packageSize": "275mL",
        "packagePrice": "$1.09 per 100mL"
      }
    }
  },
  {
    "id": "fountain-tomato-sauce",
    "brand": "Fountain",
    "name": "Tomato Sauce",
    "imageUrl": "https://shop.coles.com.au/wcsstore/Coles-CAS/images/7/2/6/7265171-th.jpg",
    "categories": ["pantry"],
    "tags": ["condiments", "tomato-bbq-sauces"],
    "locations": {
      "vic": {
        "price": 6,
        "promoText": " ",
        "packageSize": "2L",
        "packagePrice": "$0.30 per 100mL"
      }
    }
  },
  {
    "id": "rosella-glass-bottle-tomato-sauce",
    "brand": "Rosella",
    "name": "Tomato Sauce",
    "imageUrl": "https://shop.coles.com.au/wcsstore/Coles-CAS/images/3/5/7/3574040-th.jpg",
    "categories": ["pantry"],
    "tags": ["condiments", "tomato-bbq-sauces"],
    "locations": {
      "vic": {
        "price": 2.65,
        "promoText": " ",
        "packageSize": "580mL",
        "packagePrice": "$0.46 per 100mL"
      }
    }
  },
  {
    "id": "the-goods-vegan-mayonnaise-3516225p",
    "brand": "The Goods",
    "name": "Vegan Mayonnaise",
    "imageUrl": "https://shop.coles.com.au/wcsstore/Coles-CAS/images/3/5/1/3516225-th.jpg",
    "categories": ["pantry"],
    "tags": ["condiments", "tomato-bbq-sauces"],
    "locations": {
      "vic": {
        "price": 5,
        "promoText": "Was $6.00 on Mar 2020 ",
        "packageSize": "475g",
        "packagePrice": "$1.05 per 100G"
      }
    }
  },
  {
    "id": "white-crow-sauce-tomato-128070p",
    "brand": "White Crow",
    "name": "Tomato Sauce Glass Bottle",
    "imageUrl": "https://shop.coles.com.au/wcsstore/Coles-CAS/images/1/2/8/128070-th.jpg",
    "categories": ["pantry"],
    "tags": ["condiments", "tomato-bbq-sauces"],
    "locations": {
      "vic": {
        "price": 2.4,
        "promoText": " ",
        "packageSize": "600mL",
        "packagePrice": "$0.40 per 100mL"
      }
    }
  },
  {
    "id": "beerenberg-tomato-sauce",
    "brand": "Beerenberg",
    "name": "Tomato Sauce",
    "imageUrl": "https://shop.coles.com.au/wcsstore/Coles-CAS/images/5/5/6/5568900-th.jpg",
    "categories": ["pantry"],
    "tags": ["condiments", "tomato-bbq-sauces"],
    "locations": {
      "vic": {
        "price": 4.75,
        "promoText": " ",
        "packageSize": "300mL",
        "packagePrice": "$1.58 per 100mL"
      }
    }
  },
  {
    "id": "eta-barbeque-sauce-original",
    "brand": "ETA",
    "name": "Original Barbecue Sauce",
    "imageUrl": "https://shop.coles.com.au/wcsstore/Coles-CAS/images/2/3/4/234577-th.jpg",
    "categories": ["pantry"],
    "tags": ["condiments", "tomato-bbq-sauces"],
    "locations": {
      "vic": {
        "price": 2.75,
        "promoText": " ",
        "packageSize": "375mL",
        "packagePrice": "$0.73 per 100mL"
      }
    }
  },
  {
    "id": "fountain-spicy-red-sauce",
    "brand": "Fountain",
    "name": "Spicy Red Sauce",
    "imageUrl": "https://shop.coles.com.au/wcsstore/Coles-CAS/images/1/2/8/128445-th.jpg",
    "categories": ["pantry"],
    "tags": ["condiments", "tomato-bbq-sauces"],
    "locations": {
      "vic": {
        "price": 2.7,
        "promoText": " ",
        "packageSize": "250mL",
        "packagePrice": "$1.08 per 100mL"
      }
    }
  },
  {
    "id": "three-threes-tomato-sauce",
    "brand": "Three Threes",
    "name": "Tomato Sauce",
    "imageUrl": "https://shop.coles.com.au/wcsstore/Coles-CAS/images/7/2/6/7264816-th.jpg",
    "categories": ["pantry"],
    "tags": ["condiments", "tomato-bbq-sauces"],
    "locations": {
      "vic": {
        "price": 3,
        "promoText": " ",
        "packageSize": "275mL",
        "packagePrice": "$1.09 per 100mL"
      }
    }
  },
  {
    "id": "bulls-eye-original-bbq-sauce",
    "brand": "Bull's-Eye",
    "name": "Original BBQ Sauce",
    "imageUrl": "https://shop.coles.com.au/wcsstore/Coles-CAS/images/3/4/9/3499192-th.jpg",
    "categories": ["pantry"],
    "tags": ["condiments", "tomato-bbq-sauces"],
    "locations": {
      "vic": {
        "price": 4,
        "promoText": " ",
        "packageSize": "300mL",
        "packagePrice": "$1.33 per 100mL"
      }
    }
  },
  {
    "id": "stubbs-hickory-bourbon-barbeque-sauce",
    "brand": "Stubb's",
    "name": "Hickory Bourbon BBQ Sauce",
    "imageUrl": "https://shop.coles.com.au/wcsstore/Coles-CAS/images/3/2/6/3267426-th.jpg",
    "categories": ["pantry"],
    "tags": ["condiments", "tomato-bbq-sauces"],
    "locations": {
      "vic": {
        "price": 6,
        "promoText": " ",
        "packageSize": "510g",
        "packagePrice": "$1.18 per 100G"
      }
    }
  },
  {
    "id": "stubbs-original-bbq-sauce",
    "brand": "Stubb's",
    "name": "Original BBQ Sauce",
    "imageUrl": "https://shop.coles.com.au/wcsstore/Coles-CAS/images/3/2/6/3267390-th.jpg",
    "categories": ["pantry"],
    "tags": ["condiments", "tomato-bbq-sauces"],
    "locations": {
      "vic": {
        "price": 6,
        "promoText": " ",
        "packageSize": "510g",
        "packagePrice": "$1.18 per 100G"
      }
    }
  },
  {
    "id": "berenberg-bbq-sauce",
    "brand": "Beerenberg",
    "name": "BBQ Sauce",
    "imageUrl": "https://shop.coles.com.au/wcsstore/Coles-CAS/images/3/7/4/3748763-th.jpg",
    "categories": ["pantry"],
    "tags": ["condiments", "tomato-bbq-sauces"],
    "locations": {
      "vic": {
        "price": 4.75,
        "promoText": " ",
        "packageSize": "300 ML",
        "packagePrice": ""
      }
    }
  },
  {
    "id": "bulls-eye-tangy-tomato-bbq-sauce",
    "brand": "Bull's-Eye",
    "name": "Tangy Tomato BBQ Sauce",
    "imageUrl": "https://shop.coles.com.au/wcsstore/Coles-CAS/images/3/4/9/3499217-th.jpg",
    "categories": ["pantry"],
    "tags": ["condiments", "tomato-bbq-sauces"],
    "locations": {
      "vic": {
        "price": 4,
        "promoText": " ",
        "packageSize": "300mL",
        "packagePrice": "$1.33 per 100mL"
      }
    }
  },
  {
    "id": "bulls-eye-sweek-whiskey-glaze",
    "brand": "Bull's-Eye",
    "name": "Sweet Whiskey Glaze",
    "imageUrl": "https://shop.coles.com.au/wcsstore/Coles-CAS/images/3/4/9/3499261-th.jpg",
    "categories": ["pantry"],
    "tags": ["condiments", "tomato-bbq-sauces"],
    "locations": {
      "vic": {
        "price": 4,
        "promoText": " ",
        "packageSize": "300mL",
        "packagePrice": "$1.33 per 100mL"
      }
    }
  },
  {
    "id": "coles-sauce-barbeque",
    "brand": "Coles",
    "name": "Barbecue Sauce",
    "imageUrl": "https://shop.coles.com.au/wcsstore/Coles-CAS/images/5/2/9/5296083-th.jpg",
    "categories": ["pantry"],
    "tags": ["condiments", "tomato-bbq-sauces"],
    "locations": {
      "vic": {
        "price": 5.25,
        "promoText": " ",
        "packageSize": "2L",
        "packagePrice": "$0.26 per 100mL"
      }
    }
  },
  {
    "id": "coles-ultimate-bbq-sauce",
    "brand": "Coles",
    "name": "American Style Barbeque Sauce",
    "imageUrl": "https://shop.coles.com.au/wcsstore/Coles-CAS/images/3/1/5/3155874-th.jpg",
    "categories": ["pantry"],
    "tags": ["condiments", "tomato-bbq-sauces"],
    "locations": {
      "vic": {
        "price": 2.75,
        "promoText": " ",
        "packageSize": "500mL",
        "packagePrice": "$0.55 per 100mL"
      }
    }
  },
  {
    "id": "fountain-bbq-sauce",
    "brand": "Fountain",
    "name": "Barbecue Sauce",
    "imageUrl": "https://shop.coles.com.au/wcsstore/Coles-CAS/images/2/3/5/2359267-th.jpg",
    "categories": ["pantry"],
    "tags": ["condiments", "tomato-bbq-sauces"],
    "locations": {
      "vic": {
        "price": 6,
        "promoText": " ",
        "packageSize": "2L",
        "packagePrice": "$0.30 per 100mL"
      }
    }
  },
  {
    "id": "heinz-organic-tomato-ketchup-sauce",
    "brand": "Heinz",
    "name": "Organic Tomato Ketchup",
    "imageUrl": "https://shop.coles.com.au/wcsstore/Coles-CAS/images/9/1/2/9124079-th.jpg",
    "categories": ["pantry"],
    "tags": ["condiments", "tomato-bbq-sauces"],
    "locations": {
      "vic": {
        "price": 4.3,
        "promoText": " ",
        "packageSize": "500mL",
        "packagePrice": "$0.86 per 100mL"
      }
    }
  },
  {
    "id": "heinz-tomato-ketchup-sauce",
    "brand": "Heinz",
    "name": "Tomato Ketchup",
    "imageUrl": "https://shop.coles.com.au/wcsstore/Coles-CAS/images/5/3/2/5328995-th.jpg",
    "categories": ["pantry"],
    "tags": ["condiments", "tomato-bbq-sauces"],
    "locations": {
      "vic": {
        "price": 3.2,
        "promoText": " ",
        "packageSize": "500mL",
        "packagePrice": "$0.64 per 100mL"
      }
    }
  },
  {
    "id": "kep-it-cleaner-gren-goddess-dressing",
    "brand": "Keep It Cleaner",
    "name": "Green Goddess Dressing",
    "imageUrl": "https://shop.coles.com.au/wcsstore/Coles-CAS/images/3/7/6/3765412-th.jpg",
    "categories": ["pantry"],
    "tags": ["condiments", "tomato-bbq-sauces"],
    "locations": {
      "vic": {
        "price": 6.5,
        "promoText": " ",
        "packageSize": "250mL",
        "packagePrice": "$2.60 per 100mL"
      }
    }
  },
  {
    "id": "masterfoods-barbecue-sauce",
    "brand": "MasterFoods",
    "name": "Barbecue Sauce",
    "imageUrl": "https://shop.coles.com.au/wcsstore/Coles-CAS/images/5/4/2/5428049-th.jpg",
    "categories": ["pantry"],
    "tags": ["condiments", "tomato-bbq-sauces"],
    "locations": {
      "vic": {
        "price": 4,
        "promoText": "Was $4.69 on Nov 2017 ",
        "packageSize": "920mL",
        "packagePrice": "$0.43 per 100mL"
      }
    }
  },
  {
    "id": "stubbs-sticky-sweet-bbq-sauce",
    "brand": "Stubb's",
    "name": "Sticky Sweet BBQ Sauce",
    "imageUrl": "https://shop.coles.com.au/wcsstore/Coles-CAS/images/3/2/6/3267437-th.jpg",
    "categories": ["pantry"],
    "tags": ["condiments", "tomato-bbq-sauces"],
    "locations": {
      "vic": {
        "price": 6,
        "promoText": " ",
        "packageSize": "510g",
        "packagePrice": "$1.18 per 100G"
      }
    }
  },
  {
    "id": "crosse-blackwell-pickles-branston",
    "brand": "Crosse & Blackwell",
    "name": "Branston Pickles",
    "imageUrl": "https://shop.coles.com.au/wcsstore/Coles-CAS/images/2/8/0/280155-th.jpg",
    "categories": ["pantry"],
    "tags": ["condiments", "pickles-chutney-relish"],
    "locations": {
      "vic": {
        "price": 4.5,
        "promoText": " ",
        "packageSize": "310g",
        "packagePrice": "$1.45 per 100G"
      }
    }
  },
  {
    "id": "masterfoods-sauce-tartare",
    "brand": "MasterFoods",
    "name": "Traditional Tartare Sauce",
    "imageUrl": "https://shop.coles.com.au/wcsstore/Coles-CAS/images/1/9/0/190915-th.jpg",
    "categories": ["pantry"],
    "tags": ["condiments", "pickles-chutney-relish"],
    "locations": {
      "vic": {
        "price": 2.4,
        "promoText": " ",
        "packageSize": "220g",
        "packagePrice": "$1.09 per 100G"
      }
    }
  },
  {
    "id": "masterfoods-sauce-seafood-cocktail",
    "brand": "MasterFoods",
    "name": "Seafood Cocktail Sauce",
    "imageUrl": "https://shop.coles.com.au/wcsstore/Coles-CAS/images/1/9/0/190926-th.jpg",
    "categories": ["pantry"],
    "tags": ["condiments", "pickles-chutney-relish"],
    "locations": {
      "vic": {
        "price": 2.4,
        "promoText": " ",
        "packageSize": "260g",
        "packagePrice": "$0.92 per 100G"
      }
    }
  },
  {
    "id": "masterfoods-chutney-mango",
    "brand": "MasterFoods",
    "name": "Mango Chutney Relish",
    "imageUrl": "https://shop.coles.com.au/wcsstore/Coles-CAS/images/9/1/4/9141282-th.jpg",
    "categories": ["pantry"],
    "tags": ["condiments", "pickles-chutney-relish"],
    "locations": {
      "vic": {
        "price": 3.3,
        "promoText": " ",
        "packageSize": "250g",
        "packagePrice": "$1.32 per 100G"
      }
    }
  },
  {
    "id": "always-fresh-cucumbers-baby-cornichons-original",
    "brand": "Always Fresh",
    "name": "Cucumbers Baby",
    "imageUrl": "https://shop.coles.com.au/wcsstore/Coles-CAS/images/8/5/1/8514952-th.jpg",
    "categories": ["pantry"],
    "tags": ["condiments", "pickles-chutney-relish"],
    "locations": {
      "vic": {
        "price": 3.5,
        "promoText": " ",
        "packageSize": "350g",
        "packagePrice": "$10.00 per 1Kg"
      }
    }
  },
  {
    "id": "always-fresh-cucumbers-pickled-dill",
    "brand": "Always Fresh",
    "name": "Cucumbers Dill",
    "imageUrl": "https://shop.coles.com.au/wcsstore/Coles-CAS/images/2/1/1/211538-th.jpg",
    "categories": ["pantry"],
    "tags": ["condiments", "pickles-chutney-relish"],
    "locations": {
      "vic": {
        "price": 3.55,
        "promoText": " ",
        "packageSize": "680g",
        "packagePrice": "$5.22 per 1Kg"
      }
    }
  },
  {
    "id": "fehlbergs-sliced-pickled-jalapenos",
    "brand": "Fehlbergs",
    "name": "Sliced Pickled Jalapenos",
    "imageUrl": "https://shop.coles.com.au/wcsstore/Coles-CAS/images/2/7/4/2748542-th.jpg",
    "categories": ["pantry"],
    "tags": ["condiments", "pickles-chutney-relish"],
    "locations": {
      "vic": {
        "price": 3.4,
        "promoText": " ",
        "packageSize": "470g",
        "packagePrice": "$6.80 per 1Kg"
      }
    }
  },
  {
    "id": "always-fresh-olives-kalamata-pitted-5463232p",
    "brand": "Always Fresh",
    "name": "Kalamata Olives Pitted",
    "imageUrl": "https://shop.coles.com.au/wcsstore/Coles-CAS/images/5/4/6/5463232-th.jpg",
    "categories": ["pantry"],
    "tags": ["condiments", "pickles-chutney-relish"],
    "locations": {
      "vic": {
        "price": 8,
        "promoText": " ",
        "packageSize": "670g",
        "packagePrice": "$11.94 per 1Kg"
      }
    }
  },
  {
    "id": "heinz-top-down-tomato-ketchup-mini-taster",
    "brand": "Heinz",
    "name": "Tomato Ketchup Mini Taster",
    "imageUrl": "https://shop.coles.com.au/wcsstore/Coles-CAS/images/1/1/6/1166360-th.jpg",
    "categories": ["pantry"],
    "tags": ["condiments", "pickles-chutney-relish"],
    "locations": {
      "vic": {
        "price": 1.8,
        "promoText": " ",
        "packageSize": "220mL",
        "packagePrice": "$0.82 per 100mL"
      }
    }
  },
  {
    "id": "coles-capers-baby",
    "brand": "Coles",
    "name": "Baby Capers",
    "imageUrl": "https://shop.coles.com.au/wcsstore/Coles-CAS/images/5/9/2/5928369-th.jpg",
    "categories": ["pantry"],
    "tags": ["condiments", "pickles-chutney-relish"],
    "locations": {
      "vic": {
        "price": 1.9,
        "promoText": " ",
        "packageSize": "110g",
        "packagePrice": "$17.27 per 1Kg"
      }
    }
  },
  {
    "id": "hoyts-capers-salted-french",
    "brand": "Hoyts",
    "name": "Salted French Capers",
    "imageUrl": "https://shop.coles.com.au/wcsstore/Coles-CAS/images/9/7/6/9763919-th.jpg",
    "categories": ["pantry"],
    "tags": ["condiments", "pickles-chutney-relish"],
    "locations": {
      "vic": {
        "price": 3,
        "promoText": " ",
        "packageSize": "265g",
        "packagePrice": "$11.32 per 1Kg"
      }
    }
  },
  {
    "id": "coles-brand-tomatoes-sundried-strips",
    "brand": "Coles",
    "name": "Sun-Dried Tomato Strips",
    "imageUrl": "https://shop.coles.com.au/wcsstore/Coles-CAS/images/6/0/7/6070326-th.jpg",
    "categories": ["pantry"],
    "tags": ["condiments", "pickles-chutney-relish"],
    "locations": {
      "vic": {
        "price": 3.5,
        "promoText": " ",
        "packageSize": "280g",
        "packagePrice": "$12.50 per 1Kg"
      }
    }
  },
  {
    "id": "always-fresh-olives-black-sliced",
    "brand": "Always Fresh",
    "name": "Black Olives Sliced",
    "imageUrl": "https://shop.coles.com.au/wcsstore/Coles-CAS/images/5/5/9/5595200-th.jpg",
    "categories": ["pantry"],
    "tags": ["condiments", "pickles-chutney-relish"],
    "locations": {
      "vic": {
        "price": 3,
        "promoText": "Was $3.25 on Nov 2017 ",
        "packageSize": "235g",
        "packagePrice": "$12.77 per 1Kg"
      }
    }
  },
  {
    "id": "beerenberg-chutney-tomato",
    "brand": "Beerenberg",
    "name": "Tomato Chutney",
    "imageUrl": "https://shop.coles.com.au/wcsstore/Coles-CAS/images/3/6/7/367446-th.jpg",
    "categories": ["pantry"],
    "tags": ["condiments", "pickles-chutney-relish"],
    "locations": {
      "vic": {
        "price": 5.35,
        "promoText": " ",
        "packageSize": "260g",
        "packagePrice": "$2.06 per 100G"
      }
    }
  },
  {
    "id": "sandhurst-olives-pitted-green",
    "brand": "Sandhurst",
    "name": "Pitted Green Olives",
    "imageUrl": "https://shop.coles.com.au/wcsstore/Coles-CAS/images/8/6/3/8631708-th.jpg",
    "categories": ["pantry"],
    "tags": ["condiments", "pickles-chutney-relish"],
    "locations": {
      "vic": {
        "price": 3.75,
        "promoText": " ",
        "packageSize": "350g",
        "packagePrice": "$10.71 per 1Kg"
      }
    }
  },
  {
    "id": "sandhurst-olives-kalamata-pitted",
    "brand": "Sandhurst",
    "name": "Pitted Kalamata Olives",
    "imageUrl": "https://shop.coles.com.au/wcsstore/Coles-CAS/images/5/8/5/5851151-th.jpg",
    "categories": ["pantry"],
    "tags": ["condiments", "pickles-chutney-relish"],
    "locations": {
      "vic": {
        "price": 4.8,
        "promoText": " ",
        "packageSize": "500g",
        "packagePrice": "$9.60 per 1Kg"
      }
    }
  },
  {
    "id": "blue-banner-pickled-onions",
    "brand": "Blue Banner",
    "name": "Pickled Onions",
    "imageUrl": "https://shop.coles.com.au/wcsstore/Coles-CAS/images/1/9/7/197233-th.jpg",
    "categories": ["pantry"],
    "tags": ["condiments", "pickles-chutney-relish"],
    "locations": {
      "vic": {
        "price": 6,
        "promoText": " ",
        "packageSize": "525g",
        "packagePrice": "$11.43 per 1Kg"
      }
    }
  },
  {
    "id": "coles-olives-kalamata-pitted-in-brine",
    "brand": "Coles",
    "name": "Pitted Kalamata Olives In Brine",
    "imageUrl": "https://shop.coles.com.au/wcsstore/Coles-CAS/images/7/5/7/7573130-th.jpg",
    "categories": ["pantry"],
    "tags": ["condiments", "pickles-chutney-relish"],
    "locations": {
      "vic": {
        "price": 3,
        "promoText": " ",
        "packageSize": "345g",
        "packagePrice": "$0.87 per 100G"
      }
    }
  },
  {
    "id": "coles-smart-buy-olives-green-stuffed",
    "brand": "Coles",
    "name": "Stuffed Green Olives",
    "imageUrl": "https://shop.coles.com.au/wcsstore/Coles-CAS/images/5/3/7/5376976-th.jpg",
    "categories": ["pantry"],
    "tags": ["condiments", "pickles-chutney-relish"],
    "locations": {
      "vic": {
        "price": 1.95,
        "promoText": " ",
        "packageSize": "445g",
        "packagePrice": "$4.38 per 1Kg"
      }
    }
  },
  {
    "id": "always-fresh-sicilian-pitted-olives",
    "brand": "Always Fresh",
    "name": "Sicilian Olives Pitted",
    "imageUrl": "https://shop.coles.com.au/wcsstore/Coles-CAS/images/2/7/4/2748054-th.jpg",
    "categories": ["pantry"],
    "tags": ["condiments", "pickles-chutney-relish"],
    "locations": {
      "vic": {
        "price": 3,
        "promoText": " ",
        "packageSize": "230g",
        "packagePrice": "$13.04 per 1Kg"
      }
    }
  },
  {
    "id": "coles-smart-buy-olives-black",
    "brand": "Coles",
    "name": "Whole Black Olives",
    "imageUrl": "https://shop.coles.com.au/wcsstore/Coles-CAS/images/8/8/1/8812076-th.jpg",
    "categories": ["pantry"],
    "tags": ["condiments", "pickles-chutney-relish"],
    "locations": {
      "vic": {
        "price": 1.9,
        "promoText": " ",
        "packageSize": "445g",
        "packagePrice": "$4.27 per 1Kg"
      }
    }
  },
  {
    "id": "globus-cucumbers-polskiogorki",
    "brand": "Globus",
    "name": "Polskie Ogorki Dill Cucumbers",
    "imageUrl": "https://shop.coles.com.au/wcsstore/Coles-CAS/images/5/4/2/5423351-th.jpg",
    "categories": ["pantry"],
    "tags": ["condiments", "pickles-chutney-relish"],
    "locations": {
      "vic": {
        "price": 7.5,
        "promoText": " ",
        "packageSize": "1.95kg",
        "packagePrice": "$3.85 per 1Kg"
      }
    }
  },
  {
    "id": "lea-perrins-worcestershire-sauce",
    "brand": "Lea & Perrins",
    "name": "Worcestershire Sauce",
    "imageUrl": "https://shop.coles.com.au/wcsstore/Coles-CAS/images/5/3/1/5310752-th.jpg",
    "categories": ["pantry"],
    "tags": ["condiments", "pickles-chutney-relish"],
    "locations": {
      "vic": {
        "price": 3.35,
        "promoText": " ",
        "packageSize": "290mL",
        "packagePrice": "$1.16 per 100mL"
      }
    }
  },
  {
    "id": "always-fresh-mixed-olives",
    "brand": "Always Fresh",
    "name": "Mixed Olives",
    "imageUrl": "https://shop.coles.com.au/wcsstore/Coles-CAS/images/2/7/4/2748065-th.jpg",
    "categories": ["pantry"],
    "tags": ["condiments", "pickles-chutney-relish"],
    "locations": {
      "vic": {
        "price": 3,
        "promoText": " ",
        "packageSize": "220g",
        "packagePrice": "$13.64 per 1Kg"
      }
    }
  },
  {
    "id": "fletchers-gherkins-sweet-spiced",
    "brand": "Fletchers",
    "name": "Sweet Spiced Gherkins",
    "imageUrl": "https://shop.coles.com.au/wcsstore/Coles-CAS/images/5/0/2/5020821-th.jpg",
    "categories": ["pantry"],
    "tags": ["condiments", "pickles-chutney-relish"],
    "locations": {
      "vic": {
        "price": 4,
        "promoText": " ",
        "packageSize": "560g",
        "packagePrice": "$7.14 per 1Kg"
      }
    }
  },
  {
    "id": "leabrook-farms-olives-kalamata-whole",
    "brand": "Leabrook Farms",
    "name": "Kalamata Olives",
    "imageUrl": "https://shop.coles.com.au/wcsstore/Coles-CAS/images/3/4/9/3498633-th.jpg",
    "categories": ["pantry"],
    "tags": ["condiments", "pickles-chutney-relish"],
    "locations": {
      "vic": {
        "price": 4.8,
        "promoText": " ",
        "packageSize": "275g",
        "packagePrice": "$17.45 per 1Kg"
      }
    }
  },
  {
    "id": "sandhurst-artichoke-quarters-marinated",
    "brand": "Sandhurst",
    "name": "Marinated Artichoke Quarters 97% Fat Free",
    "imageUrl": "https://shop.coles.com.au/wcsstore/Coles-CAS/images/5/8/9/5892895-th.jpg",
    "categories": ["pantry"],
    "tags": ["condiments", "pickles-chutney-relish"],
    "locations": {
      "vic": {
        "price": 3.1,
        "promoText": " ",
        "packageSize": "170g",
        "packagePrice": "$18.24 per 1Kg"
      }
    }
  },
  {
    "id": "coles-artichokes-marinated",
    "brand": "Coles",
    "name": "Marinated Artichoke Hearts",
    "imageUrl": "https://shop.coles.com.au/wcsstore/Coles-CAS/images/7/5/6/7562155-th.jpg",
    "categories": ["pantry"],
    "tags": ["condiments", "pickles-chutney-relish"],
    "locations": {
      "vic": {
        "price": 2.95,
        "promoText": " ",
        "packageSize": "275g",
        "packagePrice": "$1.07 per 100G"
      }
    }
  },
  {
    "id": "sandhurst-sun-dried-tomatoes-fat-free",
    "brand": "Sandhurst",
    "name": "Sun Dried Tomatoes Fat Free",
    "imageUrl": "https://shop.coles.com.au/wcsstore/Coles-CAS/images/5/4/6/5469680-th.jpg",
    "categories": ["pantry"],
    "tags": ["condiments", "pickles-chutney-relish"],
    "locations": {
      "vic": {
        "price": 3.7,
        "promoText": " ",
        "packageSize": "125g",
        "packagePrice": "$29.60 per 1Kg"
      }
    }
  },
  {
    "id": "sandhurst-semi-dried-tomato-strips",
    "brand": "Sandhurst",
    "name": "Semi-Dried Tomato Strips",
    "imageUrl": "https://shop.coles.com.au/wcsstore/Coles-CAS/images/1/9/9/1997199-th.jpg",
    "categories": ["pantry"],
    "tags": ["condiments", "pickles-chutney-relish"],
    "locations": {
      "vic": {
        "price": 4,
        "promoText": " ",
        "packageSize": "125g",
        "packagePrice": "$32.00 per 1Kg"
      }
    }
  },
  {
    "id": "always-fresh-olives-anchovy-stuffed",
    "brand": "Always Fresh",
    "name": "Stuffed Olives Anchovy",
    "imageUrl": "https://shop.coles.com.au/wcsstore/Coles-CAS/images/6/7/2/6720818-th.jpg",
    "categories": ["pantry"],
    "tags": ["condiments", "pickles-chutney-relish"],
    "locations": {
      "vic": {
        "price": 3,
        "promoText": "Was $3.50 on Nov 2017 ",
        "packageSize": "235g",
        "packagePrice": "$12.77 per 1Kg"
      }
    }
  },
  {
    "id": "coles-sauce-apple",
    "brand": "Coles",
    "name": "Apple Sauce",
    "imageUrl": "https://shop.coles.com.au/wcsstore/Coles-CAS/images/6/5/5/6551211-th.jpg",
    "categories": ["pantry"],
    "tags": ["condiments", "pickles-chutney-relish"],
    "locations": {
      "vic": {
        "price": 1.8,
        "promoText": " ",
        "packageSize": "375g",
        "packagePrice": "$0.48 per 100G"
      }
    }
  },
  {
    "id": "sandhurst-chillies-jalapeno",
    "brand": "Sandhurst",
    "name": "Jalapeno Chillies",
    "imageUrl": "https://shop.coles.com.au/wcsstore/Coles-CAS/images/8/3/4/8346632-th.jpg",
    "categories": ["pantry"],
    "tags": ["condiments", "pickles-chutney-relish"],
    "locations": {
      "vic": {
        "price": 3.65,
        "promoText": " ",
        "packageSize": "270g",
        "packagePrice": "$13.52 per 1Kg"
      }
    }
  },
  {
    "id": "three-threes-sauce-apple",
    "brand": "Three Threes",
    "name": "Apple Sauce",
    "imageUrl": "https://shop.coles.com.au/wcsstore/Coles-CAS/images/6/9/8/6986350-th.jpg",
    "categories": ["pantry"],
    "tags": ["condiments", "pickles-chutney-relish"],
    "locations": {
      "vic": {
        "price": 2,
        "promoText": " ",
        "packageSize": "250g",
        "packagePrice": "$0.80 per 100G"
      }
    }
  },
  {
    "id": "three-threes-stuffed-olives",
    "brand": "Three Threes",
    "name": "Stuffed Olives",
    "imageUrl": "https://shop.coles.com.au/wcsstore/Coles-CAS/images/6/3/0/6308723-th.jpg",
    "categories": ["pantry"],
    "tags": ["condiments", "pickles-chutney-relish"],
    "locations": {
      "vic": {
        "price": 3.9,
        "promoText": " ",
        "packageSize": "500g",
        "packagePrice": "$7.80 per 1Kg"
      }
    }
  },
  {
    "id": "three-threes-onions-white-pickled-australian",
    "brand": "Three Threes",
    "name": "White Pickled Australian Onions",
    "imageUrl": "https://shop.coles.com.au/wcsstore/Coles-CAS/images/3/8/9/389380-th.jpg",
    "categories": ["pantry"],
    "tags": ["condiments", "pickles-chutney-relish"],
    "locations": {
      "vic": {
        "price": 3.6,
        "promoText": " ",
        "packageSize": "520g",
        "packagePrice": "$6.92 per 1Kg"
      }
    }
  },
  {
    "id": "three-threes-mustard-sweet-pickles-127351p",
    "brand": "Three Threes",
    "name": "Sweet Mustard Pickles",
    "imageUrl": "https://shop.coles.com.au/wcsstore/Coles-CAS/images/1/2/7/127351-th.jpg",
    "categories": ["pantry"],
    "tags": ["condiments", "pickles-chutney-relish"],
    "locations": {
      "vic": {
        "price": 2.1,
        "promoText": " ",
        "packageSize": "520g",
        "packagePrice": "$0.40 per 100G"
      }
    }
  },
  {
    "id": "always-fresh-dolmades-traditional-recipe",
    "brand": "Always Fresh",
    "name": "Dolmades Greek Style",
    "imageUrl": "https://shop.coles.com.au/wcsstore/Coles-CAS/images/9/4/8/9485099-th.jpg",
    "categories": ["pantry"],
    "tags": ["condiments", "pickles-chutney-relish"],
    "locations": {
      "vic": {
        "price": 3.4,
        "promoText": "$0.60 ",
        "packageSize": "280g",
        "packagePrice": "$12.14 per 1Kg"
      }
    }
  },
  {
    "id": "always-fresh-stuffed-olives",
    "brand": "Always Fresh",
    "name": "Stuffed Olives Pimento",
    "imageUrl": "https://shop.coles.com.au/wcsstore/Coles-CAS/images/2/9/4/294400-th.jpg",
    "categories": ["pantry"],
    "tags": ["condiments", "pickles-chutney-relish"],
    "locations": {
      "vic": {
        "price": 3.65,
        "promoText": " ",
        "packageSize": "450g",
        "packagePrice": "$8.11 per 1Kg"
      }
    }
  },
  {
    "id": "always-fresh-whole-roasted-peppers",
    "brand": "Always Fresh",
    "name": "Roasted Peppers Whole",
    "imageUrl": "https://shop.coles.com.au/wcsstore/Coles-CAS/images/2/7/4/2747696-th.jpg",
    "categories": ["pantry"],
    "tags": ["condiments", "pickles-chutney-relish"],
    "locations": {
      "vic": {
        "price": 4,
        "promoText": "Was $5.00 on Nov 2017 ",
        "packageSize": "330g",
        "packagePrice": "$12.12 per 1Kg"
      }
    }
  },
  {
    "id": "always-fresh-cucumber-baby-chilli",
    "brand": "Always Fresh",
    "name": "Cucumber Baby Chilli",
    "imageUrl": "https://shop.coles.com.au/wcsstore/Coles-CAS/images/3/0/5/3055188-th.jpg",
    "categories": ["pantry"],
    "tags": ["condiments", "pickles-chutney-relish"],
    "locations": {
      "vic": {
        "price": 3.5,
        "promoText": " ",
        "packageSize": "350g",
        "packagePrice": "$10.00 per 1Kg"
      }
    }
  },
  {
    "id": "baxters-classic-tomato-chutney",
    "brand": "Baxters",
    "name": "Classic Tomato Chutney",
    "imageUrl": "https://shop.coles.com.au/wcsstore/Coles-CAS/images/2/4/2/2426047-th.jpg",
    "categories": ["pantry"],
    "tags": ["condiments", "pickles-chutney-relish"],
    "locations": {
      "vic": {
        "price": 4.3,
        "promoText": " ",
        "packageSize": "225g",
        "packagePrice": "$1.91 per 100G"
      }
    }
  },
  {
    "id": "holbrooks-worcestershire-sauce",
    "brand": "Holbrooks",
    "name": "Worcestershire Sauce",
    "imageUrl": "https://shop.coles.com.au/wcsstore/Coles-CAS/images/1/8/0/180682-th.jpg",
    "categories": ["pantry"],
    "tags": ["condiments", "pickles-chutney-relish"],
    "locations": {
      "vic": {
        "price": 4.5,
        "promoText": "$1.00 ",
        "packageSize": "500mL",
        "packagePrice": "$0.90 per 100mL"
      }
    }
  },
  {
    "id": "jills-cuisine-traditional-relish",
    "brand": "Jill's Cuisine",
    "name": "Traditional Tomato Relish",
    "imageUrl": "https://shop.coles.com.au/wcsstore/Coles-CAS/images/6/0/6/6068721-th.jpg",
    "categories": ["pantry"],
    "tags": ["condiments", "pickles-chutney-relish"],
    "locations": {
      "vic": {
        "price": 3,
        "promoText": " ",
        "packageSize": "400g",
        "packagePrice": "$0.75 per 100G"
      }
    }
  },
  {
    "id": "pataks-pickle-lime-mild",
    "brand": "Patak's",
    "name": "Lime Pickle Medium",
    "imageUrl": "https://shop.coles.com.au/wcsstore/Coles-CAS/images/9/7/2/9725090-th.jpg",
    "categories": ["pantry"],
    "tags": ["condiments", "pickles-chutney-relish"],
    "locations": {
      "vic": {
        "price": 6.4,
        "promoText": " ",
        "packageSize": "283g",
        "packagePrice": "$2.26 per 100G"
      }
    }
  },
  {
    "id": "praise-tartare-seafood-sauce",
    "brand": "Praise",
    "name": "Squeezy Tartare Sauce",
    "imageUrl": "https://shop.coles.com.au/wcsstore/Coles-CAS/images/1/9/5/1952554-th.jpg",
    "categories": ["pantry"],
    "tags": ["condiments", "pickles-chutney-relish"],
    "locations": {
      "vic": {
        "price": 3,
        "promoText": " ",
        "packageSize": "250mL",
        "packagePrice": "$1.20 per 100mL"
      }
    }
  },
  {
    "id": "rosella-fruit-chutney-127180p",
    "brand": "Rosella",
    "name": "Fruit Chutney",
    "imageUrl": "https://shop.coles.com.au/wcsstore/Coles-CAS/images/1/2/7/127180-th.jpg",
    "categories": ["pantry"],
    "tags": ["condiments", "pickles-chutney-relish"],
    "locations": {
      "vic": {
        "price": 2,
        "promoText": "$0.55 ",
        "packageSize": "250g",
        "packagePrice": "$0.80 per 100G"
      }
    }
  },
  {
    "id": "three-threes-jelly-mint",
    "brand": "Three Threes",
    "name": "Mint Jelly",
    "imageUrl": "https://shop.coles.com.au/wcsstore/Coles-CAS/images/5/9/6/5964599-th.jpg",
    "categories": ["pantry"],
    "tags": ["condiments", "pickles-chutney-relish"],
    "locations": {
      "vic": {
        "price": 2,
        "promoText": " ",
        "packageSize": "300g",
        "packagePrice": "$0.67 per 100G"
      }
    }
  },
  {
    "id": "always-fresh--artisan-collection-bread-butter-cucumbers",
    "brand": "Always Fresh",
    "name": "Cucumbers Bread & Butter",
    "imageUrl": "https://shop.coles.com.au/wcsstore/Coles-CAS/images/2/2/3/2236187-th.jpg",
    "categories": ["pantry"],
    "tags": ["condiments", "pickles-chutney-relish"],
    "locations": {
      "vic": {
        "price": 3.55,
        "promoText": " ",
        "packageSize": "700g",
        "packagePrice": "$5.07 per 1Kg"
      }
    }
  },
  {
    "id": "always-fresh-pitted-black-olives",
    "brand": "Always Fresh",
    "name": "Black Olives Pitted",
    "imageUrl": "https://shop.coles.com.au/wcsstore/Coles-CAS/images/2/0/1/2013138-th.jpg",
    "categories": ["pantry"],
    "tags": ["condiments", "pickles-chutney-relish"],
    "locations": {
      "vic": {
        "price": 3,
        "promoText": "Was $3.15 on Nov 2017 ",
        "packageSize": "220g",
        "packagePrice": "$13.64 per 1Kg"
      }
    }
  },
  {
    "id": "always-fresh-whole-kalamata-olives",
    "brand": "Always Fresh",
    "name": "Kalamata Olives Whole",
    "imageUrl": "https://shop.coles.com.au/wcsstore/Coles-CAS/images/2/7/4/2747947-th.jpg",
    "categories": ["pantry"],
    "tags": ["condiments", "pickles-chutney-relish"],
    "locations": {
      "vic": {
        "price": 6.9,
        "promoText": " ",
        "packageSize": "440g",
        "packagePrice": "$15.68 per 1Kg"
      }
    }
  },
  {
    "id": "always-fresh-pitted-kalamata-olives",
    "brand": "Always Fresh",
    "name": "Kalamata Olives Pitted",
    "imageUrl": "https://shop.coles.com.au/wcsstore/Coles-CAS/images/2/7/4/2748032-th.jpg",
    "categories": ["pantry"],
    "tags": ["condiments", "pickles-chutney-relish"],
    "locations": {
      "vic": {
        "price": 7.8,
        "promoText": " ",
        "packageSize": "425g",
        "packagePrice": "$18.35 per 1Kg"
      }
    }
  },
  {
    "id": "always-fresh-pitted-kalamata-olives-2748000p",
    "brand": "Always Fresh",
    "name": "Kalamata Olives Pitted",
    "imageUrl": "https://shop.coles.com.au/wcsstore/Coles-CAS/images/2/7/4/2748000-th.jpg",
    "categories": ["pantry"],
    "tags": ["condiments", "pickles-chutney-relish"],
    "locations": {
      "vic": {
        "price": 4,
        "promoText": " ",
        "packageSize": "220g",
        "packagePrice": "$18.18 per 1Kg"
      }
    }
  },
  {
    "id": "beerenberg-caramelised-onion",
    "brand": "Beerenberg",
    "name": "Caramelised Onion Chutney",
    "imageUrl": "https://shop.coles.com.au/wcsstore/Coles-CAS/images/6/8/7/6874957-th.jpg",
    "categories": ["pantry"],
    "tags": ["condiments", "pickles-chutney-relish"],
    "locations": {
      "vic": {
        "price": 5,
        "promoText": " ",
        "packageSize": "280g",
        "packagePrice": "$1.79 per 100G"
      }
    }
  },
  {
    "id": "coles-sauce-cranberry",
    "brand": "Coles",
    "name": "Cranberry Sauce",
    "imageUrl": "https://shop.coles.com.au/wcsstore/Coles-CAS/images/6/5/5/6551186-th.jpg",
    "categories": ["pantry"],
    "tags": ["condiments", "pickles-chutney-relish"],
    "locations": {
      "vic": {
        "price": 2.65,
        "promoText": " ",
        "packageSize": "275g",
        "packagePrice": "$0.96 per 100G"
      }
    }
  },
  {
    "id": "coles-olives-mixed-green-kalamata-with-herbs",
    "brand": "Coles",
    "name": "Mixed Kalamata & Green Olives With Garlic and Herbs",
    "imageUrl": "https://shop.coles.com.au/wcsstore/Coles-CAS/images/7/5/7/7572738-th.jpg",
    "categories": ["pantry"],
    "tags": ["condiments", "pickles-chutney-relish"],
    "locations": {
      "vic": {
        "price": 3.5,
        "promoText": " ",
        "packageSize": "350g",
        "packagePrice": "$10.00 per 1Kg"
      }
    }
  },
  {
    "id": "coles-olives-green-whole-in-brine",
    "brand": "Coles",
    "name": "Whole Green Olives in Brine",
    "imageUrl": "https://shop.coles.com.au/wcsstore/Coles-CAS/images/7/5/7/7573050-th.jpg",
    "categories": ["pantry"],
    "tags": ["condiments", "pickles-chutney-relish"],
    "locations": {
      "vic": {
        "price": 3.5,
        "promoText": " ",
        "packageSize": "350g",
        "packagePrice": "$10.00 per 1Kg"
      }
    }
  },
  {
    "id": "coles-seafood-sauce",
    "brand": "Coles",
    "name": "Seafood Sauce",
    "imageUrl": "https://shop.coles.com.au/wcsstore/Coles-CAS/images/2/7/8/2781832-th.jpg",
    "categories": ["pantry"],
    "tags": ["condiments", "pickles-chutney-relish"],
    "locations": {
      "vic": {
        "price": 2,
        "promoText": " ",
        "packageSize": "230g",
        "packagePrice": "$0.87 per 100G"
      }
    }
  },
  {
    "id": "coles-cheseburger-sauce",
    "brand": "Coles",
    "name": "Special Cheeseburger Sauce",
    "imageUrl": "https://shop.coles.com.au/wcsstore/Coles-CAS/images/3/7/5/3755419-th.jpg",
    "categories": ["pantry"],
    "tags": ["condiments", "pickles-chutney-relish"],
    "locations": {
      "vic": {
        "price": 2.75,
        "promoText": " ",
        "packageSize": "375mL",
        "packagePrice": "$0.73 per 100mL"
      }
    }
  },
  {
    "id": "fountain-steak-sauce",
    "brand": "Fountain",
    "name": "Steak Sauce",
    "imageUrl": "https://shop.coles.com.au/wcsstore/Coles-CAS/images/1/2/8/128434-th.jpg",
    "categories": ["pantry"],
    "tags": ["condiments", "pickles-chutney-relish"],
    "locations": {
      "vic": {
        "price": 2.7,
        "promoText": " ",
        "packageSize": "250mL",
        "packagePrice": "$1.08 per 100mL"
      }
    }
  },
  {
    "id": "leabrook-farms-capsicum-garlic-infused",
    "brand": "Leabrook Farms",
    "name": "Garlic Infused Capsicum",
    "imageUrl": "https://shop.coles.com.au/wcsstore/Coles-CAS/images/3/4/9/3498542-th.jpg",
    "categories": ["pantry"],
    "tags": ["condiments", "pickles-chutney-relish"],
    "locations": {
      "vic": {
        "price": 4.8,
        "promoText": " ",
        "packageSize": "275g",
        "packagePrice": "$17.45 per 1Kg"
      }
    }
  },
  {
    "id": "masterfoods-cafe-relish-tomato",
    "brand": "MasterFoods",
    "name": "Tomato Relish",
    "imageUrl": "https://shop.coles.com.au/wcsstore/Coles-CAS/images/6/4/2/6420927-th.jpg",
    "categories": ["pantry"],
    "tags": ["condiments", "pickles-chutney-relish"],
    "locations": {
      "vic": {
        "price": 3.3,
        "promoText": " ",
        "packageSize": "250g",
        "packagePrice": "$1.32 per 100G"
      }
    }
  },
  {
    "id": "ocean-spray-whole-berry-cranberry-sauce",
    "brand": "Ocean Spray",
    "name": "Whole Cranberry Sauce",
    "imageUrl": "https://shop.coles.com.au/wcsstore/Coles-CAS/images/2/7/7/277627-th.jpg",
    "categories": ["pantry"],
    "tags": ["condiments", "pickles-chutney-relish"],
    "locations": {
      "vic": {
        "price": 3.55,
        "promoText": " ",
        "packageSize": "275g",
        "packagePrice": "$1.29 per 100G"
      }
    }
  },
  {
    "id": "sharwoods-chutney-green-label-mango",
    "brand": "Sharwood's",
    "name": "Green Label Mango Chutney",
    "imageUrl": "https://shop.coles.com.au/wcsstore/Coles-CAS/images/2/0/4/204714-th.jpg",
    "categories": ["pantry"],
    "tags": ["condiments", "pickles-chutney-relish"],
    "locations": {
      "vic": {
        "price": 5.65,
        "promoText": " ",
        "packageSize": "354g",
        "packagePrice": "$1.60 per 100G"
      }
    }
  },
  {
    "id": "always-fresh-roasted-pepper-strips",
    "brand": "Always Fresh",
    "name": "Roasted Pepper Strips",
    "imageUrl": "https://shop.coles.com.au/wcsstore/Coles-CAS/images/2/7/4/2747620-th.jpg",
    "categories": ["pantry"],
    "tags": ["condiments", "pickles-chutney-relish"],
    "locations": {
      "vic": {
        "price": 4,
        "promoText": "Was $5.00 on Nov 2017 ",
        "packageSize": "310g",
        "packagePrice": "$12.90 per 1Kg"
      }
    }
  },
  {
    "id": "baxters-caramelised-onion-relish",
    "brand": "Baxters",
    "name": "Caramelised Onion Relish",
    "imageUrl": "https://shop.coles.com.au/wcsstore/Coles-CAS/images/2/4/2/2426069-th.jpg",
    "categories": ["pantry"],
    "tags": ["condiments", "pickles-chutney-relish"],
    "locations": {
      "vic": {
        "price": 4.3,
        "promoText": " ",
        "packageSize": "240g",
        "packagePrice": "$1.79 per 100G"
      }
    }
  },
  {
    "id": "baxters-chilli-jam",
    "brand": "Baxters",
    "name": "Chilli Jam",
    "imageUrl": "https://shop.coles.com.au/wcsstore/Coles-CAS/images/3/5/0/3502570-th.jpg",
    "categories": ["pantry"],
    "tags": ["condiments", "pickles-chutney-relish"],
    "locations": {
      "vic": {
        "price": 4.3,
        "promoText": " ",
        "packageSize": "225g",
        "packagePrice": "$1.91 per 100G"
      }
    }
  },
  {
    "id": "beerenberg-balsamic-beetroot-relish",
    "brand": "Beerenberg",
    "name": "Balsamic Beetroot Relish",
    "imageUrl": "https://shop.coles.com.au/wcsstore/Coles-CAS/images/3/5/0/3501807-th.jpg",
    "categories": ["pantry"],
    "tags": ["condiments", "pickles-chutney-relish"],
    "locations": {
      "vic": {
        "price": 5,
        "promoText": " ",
        "packageSize": "280g",
        "packagePrice": "$1.79 per 100G"
      }
    }
  },
  {
    "id": "coles-sauce-worcestershire",
    "brand": "Coles",
    "name": "Gluten Free Worcestershire Sauce",
    "imageUrl": "https://shop.coles.com.au/wcsstore/Coles-CAS/images/5/4/3/5437083-th.jpg",
    "categories": ["pantry"],
    "tags": ["condiments", "pickles-chutney-relish"],
    "locations": {
      "vic": {
        "price": 2,
        "promoText": " ",
        "packageSize": "250mL",
        "packagePrice": "$0.80 per 100mL"
      }
    }
  },
  {
    "id": "coles-white-cocktail-onions",
    "brand": "Coles",
    "name": "White Cocktail Onions",
    "imageUrl": "https://shop.coles.com.au/wcsstore/Coles-CAS/images/5/5/3/5532415-th.jpg",
    "categories": ["pantry"],
    "tags": ["condiments", "pickles-chutney-relish"],
    "locations": {
      "vic": {
        "price": 1.1,
        "promoText": " ",
        "packageSize": "150g",
        "packagePrice": "$7.33 per 1Kg"
      }
    }
  },
  {
    "id": "coles-tartare-sauce",
    "brand": "Coles",
    "name": "Tartare Sauce",
    "imageUrl": "https://shop.coles.com.au/wcsstore/Coles-CAS/images/2/7/8/2781821-th.jpg",
    "categories": ["pantry"],
    "tags": ["condiments", "pickles-chutney-relish"],
    "locations": {
      "vic": {
        "price": 2,
        "promoText": " ",
        "packageSize": "230g",
        "packagePrice": "$0.87 per 100G"
      }
    }
  },
  {
    "id": "coles-special-burger-sauce",
    "brand": "Coles",
    "name": "Special Burger Sauce",
    "imageUrl": "https://shop.coles.com.au/wcsstore/Coles-CAS/images/3/0/4/3041398-th.jpg",
    "categories": ["pantry"],
    "tags": ["condiments", "pickles-chutney-relish"],
    "locations": {
      "vic": {
        "price": 2.75,
        "promoText": " ",
        "packageSize": "360g",
        "packagePrice": "$0.76 per 100G"
      }
    }
  },
  {
    "id": "coles-sundried-tomatoes",
    "brand": "Coles",
    "name": "Italian Sundried Tomato Halves",
    "imageUrl": "https://shop.coles.com.au/wcsstore/Coles-CAS/images/3/5/6/3563270-th.jpg",
    "categories": ["pantry"],
    "tags": ["condiments", "pickles-chutney-relish"],
    "locations": {
      "vic": {
        "price": 4,
        "promoText": " ",
        "packageSize": "280g",
        "packagePrice": "$14.29 per 1Kg"
      }
    }
  },
  {
    "id": "coles-dill-gherkins-whole",
    "brand": "Coles",
    "name": "Dill Gherkins Whole",
    "imageUrl": "https://shop.coles.com.au/wcsstore/Coles-CAS/images/3/5/6/3566904-th.jpg",
    "categories": ["pantry"],
    "tags": ["condiments", "pickles-chutney-relish"],
    "locations": {
      "vic": {
        "price": 3,
        "promoText": " ",
        "packageSize": "500g",
        "packagePrice": "$6.00 per 1Kg"
      }
    }
  },
  {
    "id": "coles-finest-quince-paste",
    "brand": "Coles Finest",
    "name": "Quince Paste",
    "imageUrl": "https://shop.coles.com.au/wcsstore/Coles-CAS/images/3/6/0/3609315-th.jpg",
    "categories": ["pantry"],
    "tags": ["condiments", "pickles-chutney-relish"],
    "locations": {
      "vic": {
        "price": 4.5,
        "promoText": " ",
        "packageSize": "100g",
        "packagePrice": "$4.50 per 100G"
      }
    }
  },
  {
    "id": "coles-finest-black-olive-tepenade",
    "brand": "Coles Finest",
    "name": "Black Olive Tapenade",
    "imageUrl": "https://shop.coles.com.au/wcsstore/Coles-CAS/images/3/6/0/3609461-th.jpg",
    "categories": ["pantry"],
    "tags": ["condiments", "pickles-chutney-relish"],
    "locations": {
      "vic": {
        "price": 3.5,
        "promoText": " ",
        "packageSize": "95g",
        "packagePrice": "$3.68 per 100G"
      }
    }
  },
  {
    "id": "fehlbergs-onions-pickled-old-english-brown",
    "brand": "Fehlbergs",
    "name": "Old English Brown Pickled Onions",
    "imageUrl": "https://shop.coles.com.au/wcsstore/Coles-CAS/images/2/8/9/289149-th.jpg",
    "categories": ["pantry"],
    "tags": ["condiments", "pickles-chutney-relish"],
    "locations": {
      "vic": {
        "price": 4,
        "promoText": " ",
        "packageSize": "500g",
        "packagePrice": "$8.00 per 1Kg"
      }
    }
  },
  {
    "id": "fehlbergs-sandwich-stackers",
    "brand": "Fehlbergs",
    "name": "Sweet And Tangy Sandwich Stackers",
    "imageUrl": "https://shop.coles.com.au/wcsstore/Coles-CAS/images/3/3/4/3340480-th.jpg",
    "categories": ["pantry"],
    "tags": ["condiments", "pickles-chutney-relish"],
    "locations": {
      "vic": {
        "price": 3,
        "promoText": "$0.75 ",
        "packageSize": "500g",
        "packagePrice": "$6.00 per 1Kg"
      }
    }
  },
  {
    "id": "fehlbergs-cucumber-chipotle",
    "brand": "Fehlbergs",
    "name": "Crinkle Cut Sweet & Hot Chipotle Cucumbers",
    "imageUrl": "https://shop.coles.com.au/wcsstore/Coles-CAS/images/3/3/4/3340333-th.jpg",
    "categories": ["pantry"],
    "tags": ["condiments", "pickles-chutney-relish"],
    "locations": {
      "vic": {
        "price": 3,
        "promoText": "$0.50 ",
        "packageSize": "470g",
        "packagePrice": "$6.38 per 1Kg"
      }
    }
  },
  {
    "id": "fountain-thick-mint-sauce",
    "brand": "Fountain",
    "name": "Thick Mint Sauce",
    "imageUrl": "https://shop.coles.com.au/wcsstore/Coles-CAS/images/5/3/8/5382152-th.jpg",
    "categories": ["pantry"],
    "tags": ["condiments", "pickles-chutney-relish"],
    "locations": {
      "vic": {
        "price": 2.5,
        "promoText": " ",
        "packageSize": "250mL",
        "packagePrice": "$1.00 per 100mL"
      }
    }
  },
  {
    "id": "holbrooks-worcestershire-sauce-128150p",
    "brand": "Holbrooks",
    "name": "Worcestershire Sauce",
    "imageUrl": "https://shop.coles.com.au/wcsstore/Coles-CAS/images/1/2/8/128150-th.jpg",
    "categories": ["pantry"],
    "tags": ["condiments", "pickles-chutney-relish"],
    "locations": {
      "vic": {
        "price": 3.3,
        "promoText": " ",
        "packageSize": "250mL",
        "packagePrice": "$1.32 per 100mL"
      }
    }
  },
  {
    "id": "hoyts-olives-kalamata-pitted",
    "brand": "Hoyts",
    "name": "Pitted Kalamata Olives",
    "imageUrl": "https://shop.coles.com.au/wcsstore/Coles-CAS/images/5/4/7/5471977-th.jpg",
    "categories": ["pantry"],
    "tags": ["condiments", "pickles-chutney-relish"],
    "locations": {
      "vic": {
        "price": 11.9,
        "promoText": " ",
        "packageSize": "1.7kg",
        "packagePrice": "$7.00 per 1Kg"
      }
    }
  },
  {
    "id": "leggos-mustard-pickles-spreadable",
    "brand": "Leggo's",
    "name": "Spreadable Sweet Mustard Sandwich Pickles",
    "imageUrl": "https://shop.coles.com.au/wcsstore/Coles-CAS/images/1/2/7/127307-th.jpg",
    "categories": ["pantry"],
    "tags": ["condiments", "pickles-chutney-relish"],
    "locations": {
      "vic": {
        "price": 1.7,
        "promoText": " ",
        "packageSize": "250g",
        "packagePrice": "$0.68 per 100G"
      }
    }
  },
  {
    "id": "maille-hollandaise-sauce",
    "brand": "Maille",
    "name": "Hollandaise Sauce",
    "imageUrl": "https://shop.coles.com.au/wcsstore/Coles-CAS/images/8/9/5/8951709-th.jpg",
    "categories": ["pantry"],
    "tags": ["condiments", "pickles-chutney-relish"],
    "locations": {
      "vic": {
        "price": 4.2,
        "promoText": " ",
        "packageSize": "200mL",
        "packagePrice": "$2.10 per 100mL"
      }
    }
  },
  {
    "id": "ocean-spray-jellied-cranberry-sauce",
    "brand": "Ocean Spray",
    "name": "Jellied Cranberry Sauce",
    "imageUrl": "https://shop.coles.com.au/wcsstore/Coles-CAS/images/5/9/6/5965081-th.jpg",
    "categories": ["pantry"],
    "tags": ["condiments", "pickles-chutney-relish"],
    "locations": {
      "vic": {
        "price": 3.55,
        "promoText": " ",
        "packageSize": "275g",
        "packagePrice": "$1.29 per 100G"
      }
    }
  },
  {
    "id": "rosella-fruit-chutney",
    "brand": "Rosella",
    "name": "Fruit Chutney",
    "imageUrl": "https://shop.coles.com.au/wcsstore/Coles-CAS/images/1/2/7/127205-th.jpg",
    "categories": ["pantry"],
    "tags": ["condiments", "pickles-chutney-relish"],
    "locations": {
      "vic": {
        "price": 4.2,
        "promoText": " ",
        "packageSize": "525g",
        "packagePrice": "$0.80 per 100G"
      }
    }
  },
  {
    "id": "aristocrat-cocktail-onions-white",
    "brand": "Rosella",
    "name": "White Cocktail Onions",
    "imageUrl": "https://shop.coles.com.au/wcsstore/Coles-CAS/images/9/1/2/9122641-th.jpg",
    "categories": ["pantry"],
    "tags": ["condiments", "pickles-chutney-relish"],
    "locations": {
      "vic": {
        "price": 3.3,
        "promoText": " ",
        "packageSize": "550g",
        "packagePrice": "$6.00 per 1Kg"
      }
    }
  },
  {
    "id": "sandhurst-sicilian-olives-green",
    "brand": "Sandhurst",
    "name": "Sicilian Green Olives",
    "imageUrl": "https://shop.coles.com.au/wcsstore/Coles-CAS/images/7/6/1/7611046-th.jpg",
    "categories": ["pantry"],
    "tags": ["condiments", "pickles-chutney-relish"],
    "locations": {
      "vic": {
        "price": 3.45,
        "promoText": " ",
        "packageSize": "280g",
        "packagePrice": "$12.32 per 1Kg"
      }
    }
  },
  {
    "id": "sandhurst-sandwich-stackers",
    "brand": "Sandhurst",
    "name": "Sandwich Stackers",
    "imageUrl": "https://shop.coles.com.au/wcsstore/Coles-CAS/images/2/7/4/2748961-th.jpg",
    "categories": ["pantry"],
    "tags": ["condiments", "pickles-chutney-relish"],
    "locations": {
      "vic": {
        "price": 4.2,
        "promoText": " ",
        "packageSize": "500g",
        "packagePrice": "$8.40 per 1Kg"
      }
    }
  },
  {
    "id": "sandhurst-bell-pepper-roast-strips-3628580p",
    "brand": "Sandhurst",
    "name": "Roasted Red Pepper Strips",
    "imageUrl": "https://shop.coles.com.au/wcsstore/Coles-CAS/images/3/6/2/3628580-th.jpg",
    "categories": ["pantry"],
    "tags": ["condiments", "pickles-chutney-relish"],
    "locations": {
      "vic": {
        "price": 5,
        "promoText": " ",
        "packageSize": "470g",
        "packagePrice": "$10.64 per 1Kg"
      }
    }
  },
  {
    "id": "sharwoods-chutney-mango-ginger",
    "brand": "Sharwood's",
    "name": "Green Label Mango & Ginger Chutney",
    "imageUrl": "https://shop.coles.com.au/wcsstore/Coles-CAS/images/3/6/2/362442-th.jpg",
    "categories": ["pantry"],
    "tags": ["condiments", "pickles-chutney-relish"],
    "locations": {
      "vic": {
        "price": 5.65,
        "promoText": " ",
        "packageSize": "354g",
        "packagePrice": "$1.60 per 100G"
      }
    }
  },
  {
    "id": "spring-gully-pickles-green-tomato",
    "brand": "Spring Gully",
    "name": "Green Tomato Pickles",
    "imageUrl": "https://shop.coles.com.au/wcsstore/Coles-CAS/images/9/5/1/9515542-th.jpg",
    "categories": ["pantry"],
    "tags": ["condiments", "pickles-chutney-relish"],
    "locations": {
      "vic": {
        "price": 3.3,
        "promoText": " ",
        "packageSize": "415g",
        "packagePrice": "$0.80 per 100G"
      }
    }
  },
  {
    "id": "three-threes-mustard-sweet-pickles",
    "brand": "Three Threes",
    "name": "Sweet Mustard Pickles",
    "imageUrl": "https://shop.coles.com.au/wcsstore/Coles-CAS/images/1/5/6/156484-th.jpg",
    "categories": ["pantry"],
    "tags": ["condiments", "pickles-chutney-relish"],
    "locations": {
      "vic": {
        "price": 1.5,
        "promoText": " ",
        "packageSize": "250g",
        "packagePrice": "$0.60 per 100G"
      }
    }
  },
  {
    "id": "three-threes-australian-beetroot-red-onion-relish",
    "brand": "Three Threes",
    "name": "Australian Beetroot & Red Onion Relish",
    "imageUrl": "https://shop.coles.com.au/wcsstore/Coles-CAS/images/1/8/5/1857349-th.jpg",
    "categories": ["pantry"],
    "tags": ["condiments", "pickles-chutney-relish"],
    "locations": {
      "vic": {
        "price": 3.3,
        "promoText": " ",
        "packageSize": "250g",
        "packagePrice": "$1.32 per 100G"
      }
    }
  },
  {
    "id": "always-fresh-olives-pimento-stuffed",
    "brand": "Always Fresh",
    "name": "Stuffed Olives Pimento",
    "imageUrl": "https://shop.coles.com.au/wcsstore/Coles-CAS/images/8/7/5/8751583-th.jpg",
    "categories": ["pantry"],
    "tags": ["condiments", "pickles-chutney-relish"],
    "locations": {
      "vic": {
        "price": 4.45,
        "promoText": " ",
        "packageSize": "700g",
        "packagePrice": "$6.36 per 1Kg"
      }
    }
  },
  {
    "id": "always-fresh-peppers-piquillo-whole",
    "brand": "Always Fresh",
    "name": "Piquillo Peppers",
    "imageUrl": "https://shop.coles.com.au/wcsstore/Coles-CAS/images/5/9/1/5914444-th.jpg",
    "categories": ["pantry"],
    "tags": ["condiments", "pickles-chutney-relish"],
    "locations": {
      "vic": {
        "price": 3,
        "promoText": "Was $3.55 on Nov 2017 ",
        "packageSize": "285g",
        "packagePrice": "$10.53 per 1Kg"
      }
    }
  },
  {
    "id": "always-fresh-tomatoes-strips",
    "brand": "Always Fresh",
    "name": "Sundried Tomatoes Strips",
    "imageUrl": "https://shop.coles.com.au/wcsstore/Coles-CAS/images/2/7/4/2747700-th.jpg",
    "categories": ["pantry"],
    "tags": ["condiments", "pickles-chutney-relish"],
    "locations": {
      "vic": {
        "price": 7,
        "promoText": " ",
        "packageSize": "480g",
        "packagePrice": "$14.58 per 1Kg"
      }
    }
  },
  {
    "id": "always-fresh-whole-black-olives",
    "brand": "Always Fresh",
    "name": "Black Olives Whole",
    "imageUrl": "https://shop.coles.com.au/wcsstore/Coles-CAS/images/2/7/4/2748087-th.jpg",
    "categories": ["pantry"],
    "tags": ["condiments", "pickles-chutney-relish"],
    "locations": {
      "vic": {
        "price": 3,
        "promoText": " ",
        "packageSize": "450g",
        "packagePrice": "$6.67 per 1Kg"
      }
    }
  },
  {
    "id": "always-fresh-sliced-eggplant",
    "brand": "Always Fresh",
    "name": "Grilled Eggplant Sliced",
    "imageUrl": "https://shop.coles.com.au/wcsstore/Coles-CAS/images/2/7/4/2747608-th.jpg",
    "categories": ["pantry"],
    "tags": ["condiments", "pickles-chutney-relish"],
    "locations": {
      "vic": {
        "price": 4,
        "promoText": "Was $5.00 on Nov 2017 ",
        "packageSize": "320g",
        "packagePrice": "$12.50 per 1Kg"
      }
    }
  },
  {
    "id": "always-fresh-kalamata-olives-sliced",
    "brand": "Always Fresh",
    "name": "Kalamata Olives Sliced",
    "imageUrl": "https://shop.coles.com.au/wcsstore/Coles-CAS/images/2/7/4/2747970-th.jpg",
    "categories": ["pantry"],
    "tags": ["condiments", "pickles-chutney-relish"],
    "locations": {
      "vic": {
        "price": 4,
        "promoText": " ",
        "packageSize": "220g",
        "packagePrice": "$18.18 per 1Kg"
      }
    }
  },
  {
    "id": "always-fresh-mushrooms-whole",
    "brand": "Always Fresh",
    "name": "Mushrooms Whole",
    "imageUrl": "https://shop.coles.com.au/wcsstore/Coles-CAS/images/3/3/4/3340275-th.jpg",
    "categories": ["pantry"],
    "tags": ["condiments", "pickles-chutney-relish"],
    "locations": {
      "vic": {
        "price": 4,
        "promoText": " ",
        "packageSize": "230g",
        "packagePrice": "$17.39 per 1Kg"
      }
    }
  },
  {
    "id": "always-fresh-olives-jalapeno-stuffed",
    "brand": "Always Fresh",
    "name": "Stuffed Olives Jalapeno",
    "imageUrl": "https://shop.coles.com.au/wcsstore/Coles-CAS/images/3/3/4/3340300-th.jpg",
    "categories": ["pantry"],
    "tags": ["condiments", "pickles-chutney-relish"],
    "locations": {
      "vic": {
        "price": 4,
        "promoText": " ",
        "packageSize": "230g",
        "packagePrice": "$17.39 per 1Kg"
      }
    }
  },
  {
    "id": "always-fresh-peppers-bell-feta",
    "brand": "Always Fresh",
    "name": "Stuffed Peppers Cheese",
    "imageUrl": "https://shop.coles.com.au/wcsstore/Coles-CAS/images/3/3/4/3340242-th.jpg",
    "categories": ["pantry"],
    "tags": ["condiments", "pickles-chutney-relish"],
    "locations": {
      "vic": {
        "price": 6,
        "promoText": " ",
        "packageSize": "280g",
        "packagePrice": "$21.43 per 1Kg"
      }
    }
  },
  {
    "id": "aristocrat-cocktail-onions-green",
    "brand": "Aristocrat",
    "name": "Green Cocktail Onions",
    "imageUrl": "https://shop.coles.com.au/wcsstore/Coles-CAS/images/1/5/6/156702-th.jpg",
    "categories": ["pantry"],
    "tags": ["condiments", "pickles-chutney-relish"],
    "locations": {
      "vic": {
        "price": 2.15,
        "promoText": " ",
        "packageSize": "150g",
        "packagePrice": "$14.33 per 1Kg"
      }
    }
  },
  {
    "id": "aristocrat-onions-cocktail-red",
    "brand": "Aristocrat",
    "name": "Red Cocktail Onions",
    "imageUrl": "https://shop.coles.com.au/wcsstore/Coles-CAS/images/1/5/6/156688-th.jpg",
    "categories": ["pantry"],
    "tags": ["condiments", "pickles-chutney-relish"],
    "locations": {
      "vic": {
        "price": 2.15,
        "promoText": " ",
        "packageSize": "150g",
        "packagePrice": "$14.33 per 1Kg"
      }
    }
  },
  {
    "id": "baxters-fig-date-balsamic-chutney-2426036p",
    "brand": "Baxters",
    "name": "Fig Date & Balsamic Chutney",
    "imageUrl": "https://shop.coles.com.au/wcsstore/Coles-CAS/images/2/4/2/2426036-th.jpg",
    "categories": ["pantry"],
    "tags": ["condiments", "pickles-chutney-relish"],
    "locations": {
      "vic": {
        "price": 4.3,
        "promoText": " ",
        "packageSize": "235g",
        "packagePrice": "$1.83 per 100G"
      }
    }
  },
  {
    "id": "beerenberg-chutney-tomato-hot",
    "brand": "Beerenberg",
    "name": "Hot Tomato Chutney",
    "imageUrl": "https://shop.coles.com.au/wcsstore/Coles-CAS/images/3/6/7/367457-th.jpg",
    "categories": ["pantry"],
    "tags": ["condiments", "pickles-chutney-relish"],
    "locations": {
      "vic": {
        "price": 5.35,
        "promoText": " ",
        "packageSize": "260g",
        "packagePrice": "$2.06 per 100G"
      }
    }
  },
  {
    "id": "coles-peppers-chargrilled",
    "brand": "Coles",
    "name": "Chargrilled Peppers",
    "imageUrl": "https://shop.coles.com.au/wcsstore/Coles-CAS/images/7/5/6/7562381-th.jpg",
    "categories": ["pantry"],
    "tags": ["condiments", "pickles-chutney-relish"],
    "locations": {
      "vic": {
        "price": 3.7,
        "promoText": " ",
        "packageSize": "280g",
        "packagePrice": "$13.21 per 1Kg"
      }
    }
  },
  {
    "id": "coles-vegetables-mixed-chargrilled",
    "brand": "Coles",
    "name": "Chargrilled Mixed Vegetables",
    "imageUrl": "https://shop.coles.com.au/wcsstore/Coles-CAS/images/7/5/6/7562359-th.jpg",
    "categories": ["pantry"],
    "tags": ["condiments", "pickles-chutney-relish"],
    "locations": {
      "vic": {
        "price": 3.75,
        "promoText": " ",
        "packageSize": "280g",
        "packagePrice": "$1.34 per 100G"
      }
    }
  },
  {
    "id": "coles-brand-pickles-sweet-mustard",
    "brand": "Coles",
    "name": "Sweet Mustard Pickles",
    "imageUrl": "https://shop.coles.com.au/wcsstore/Coles-CAS/images/9/0/6/9069367-th.jpg",
    "categories": ["pantry"],
    "tags": ["condiments", "pickles-chutney-relish"],
    "locations": {
      "vic": {
        "price": 1.7,
        "promoText": " ",
        "packageSize": "520g",
        "packagePrice": "$0.33 per 100G"
      }
    }
  },
  {
    "id": "coles-brand-jelly-mint",
    "brand": "Coles",
    "name": "Mint Jelly",
    "imageUrl": "https://shop.coles.com.au/wcsstore/Coles-CAS/images/6/5/5/6551313-th.jpg",
    "categories": ["pantry"],
    "tags": ["condiments", "pickles-chutney-relish"],
    "locations": {
      "vic": {
        "price": 1.8,
        "promoText": " ",
        "packageSize": "300g",
        "packagePrice": "$0.60 per 100G"
      }
    }
  },
  {
    "id": "coles-finest-fig-walnut-pberry-paste",
    "brand": "Coles Finest",
    "name": "Fig & Walnut Pepperberry Paste",
    "imageUrl": "https://shop.coles.com.au/wcsstore/Coles-CAS/images/3/6/0/3609360-th.jpg",
    "categories": ["pantry"],
    "tags": ["condiments", "pickles-chutney-relish"],
    "locations": {
      "vic": {
        "price": 4.5,
        "promoText": " ",
        "packageSize": "100g",
        "packagePrice": "$4.50 per 100G"
      }
    }
  },
  {
    "id": "coles-finest-caramelised-onion-relish",
    "brand": "Coles Finest",
    "name": "Caramelised Onion Relish",
    "imageUrl": "https://shop.coles.com.au/wcsstore/Coles-CAS/images/3/6/0/3609472-th.jpg",
    "categories": ["pantry"],
    "tags": ["condiments", "pickles-chutney-relish"],
    "locations": {
      "vic": {
        "price": 3.5,
        "promoText": " ",
        "packageSize": "110g",
        "packagePrice": "$3.18 per 100G"
      }
    }
  },
  {
    "id": "cornwells-relish-sauce-worcestershire",
    "brand": "Cornwell's",
    "name": "Lancashire Relish",
    "imageUrl": "https://shop.coles.com.au/wcsstore/Coles-CAS/images/3/1/4/314100-th.jpg",
    "categories": ["pantry"],
    "tags": ["condiments", "pickles-chutney-relish"],
    "locations": {
      "vic": {
        "price": 5,
        "promoText": " ",
        "packageSize": "500mL",
        "packagePrice": "$1.00 per 100mL"
      }
    }
  },
  {
    "id": "fountain-mint-sauce",
    "brand": "Fountain",
    "name": "Mint Sauce",
    "imageUrl": "https://shop.coles.com.au/wcsstore/Coles-CAS/images/5/3/7/5377389-th.jpg",
    "categories": ["pantry"],
    "tags": ["condiments", "pickles-chutney-relish"],
    "locations": {
      "vic": {
        "price": 2.5,
        "promoText": " ",
        "packageSize": "250mL",
        "packagePrice": "$1.00 per 100mL"
      }
    }
  },
  {
    "id": "heinz-smokey-bbq-sauce",
    "brand": "Heinz",
    "name": "Smokey Barbeque Sauce",
    "imageUrl": "https://shop.coles.com.au/wcsstore/Coles-CAS/images/2/7/7/2777518-th.jpg",
    "categories": ["pantry"],
    "tags": ["condiments", "pickles-chutney-relish"],
    "locations": {
      "vic": {
        "price": 3.2,
        "promoText": " ",
        "packageSize": "500mL",
        "packagePrice": "$0.64 per 100mL"
      }
    }
  },
  {
    "id": "leabrook-farms-dill-cucumbers-sliced",
    "brand": "Leabrook Farms",
    "name": "Sliced Dill Cucumbers",
    "imageUrl": "https://shop.coles.com.au/wcsstore/Coles-CAS/images/3/4/9/3498688-th.jpg",
    "categories": ["pantry"],
    "tags": ["condiments", "pickles-chutney-relish"],
    "locations": {
      "vic": {
        "price": 4.8,
        "promoText": " ",
        "packageSize": "275g",
        "packagePrice": "$17.45 per 1Kg"
      }
    }
  },
  {
    "id": "marion-s-kitchen-asian-bbq-sauce",
    "brand": "Marion's Kitchen",
    "name": "Asian BBQ Sauce",
    "imageUrl": "https://shop.coles.com.au/wcsstore/Coles-CAS/images/3/7/4/3748720-th.jpg",
    "categories": ["pantry"],
    "tags": ["condiments", "pickles-chutney-relish"],
    "locations": {
      "vic": {
        "price": 5,
        "promoText": " ",
        "packageSize": "360 ML",
        "packagePrice": ""
      }
    }
  },
  {
    "id": "masterfoods-corn-relish-127249p",
    "brand": "MasterFoods",
    "name": "Corn Relish",
    "imageUrl": "https://shop.coles.com.au/wcsstore/Coles-CAS/images/1/2/7/127249-th.jpg",
    "categories": ["pantry"],
    "tags": ["condiments", "pickles-chutney-relish"],
    "locations": {
      "vic": {
        "price": 3.45,
        "promoText": " ",
        "packageSize": "250g",
        "packagePrice": "$1.38 per 100G"
      }
    }
  },
  {
    "id": "masterfoods-gherkin-relish",
    "brand": "MasterFoods",
    "name": "Gherkin Relish",
    "imageUrl": "https://shop.coles.com.au/wcsstore/Coles-CAS/images/1/2/7/127216-th.jpg",
    "categories": ["pantry"],
    "tags": ["condiments", "pickles-chutney-relish"],
    "locations": {
      "vic": {
        "price": 3.45,
        "promoText": " ",
        "packageSize": "260g",
        "packagePrice": "$1.33 per 100G"
      }
    }
  },
  {
    "id": "outback-spirit-sauce-lemon-myrtle-coconut-chil",
    "brand": "Outback Spirit",
    "name": "Lemon Myrtle Coconut & Chilli Sauce",
    "imageUrl": "https://shop.coles.com.au/wcsstore/ColesResponsiveStorefrontAssetStore/dist/ccfc54aed6e361b650bcf0582f7b576b/img/img_product-placeholder.png",
    "categories": ["pantry"],
    "tags": ["condiments", "pickles-chutney-relish"],
    "locations": {
      "vic": {
        "price": 4,
        "promoText": " ",
        "packageSize": "245mL",
        "packagePrice": "$1.63 per 100mL"
      }
    }
  },
  {
    "id": "pataks-pickle-eggplant",
    "brand": "Patak's",
    "name": "Pickled Eggplant",
    "imageUrl": "https://shop.coles.com.au/wcsstore/Coles-CAS/images/5/6/1/5616060-th.jpg",
    "categories": ["pantry"],
    "tags": ["condiments", "pickles-chutney-relish"],
    "locations": {
      "vic": {
        "price": 6.4,
        "promoText": " ",
        "packageSize": "312g",
        "packagePrice": "$2.05 per 100G"
      }
    }
  },
  {
    "id": "praise-squeezy-seafood-sauce",
    "brand": "Praise",
    "name": "Free Range Egg Seafood Squeezy Sauce",
    "imageUrl": "https://shop.coles.com.au/wcsstore/Coles-CAS/images/1/9/5/1952565-th.jpg",
    "categories": ["pantry"],
    "tags": ["condiments", "pickles-chutney-relish"],
    "locations": {
      "vic": {
        "price": 3,
        "promoText": " ",
        "packageSize": "250mL",
        "packagePrice": "$1.20 per 100mL"
      }
    }
  },
  {
    "id": "spc-plum-sauce",
    "brand": "SPC",
    "name": "Savoury Plum Sauce",
    "imageUrl": "https://shop.coles.com.au/wcsstore/Coles-CAS/images/4/0/1/401963-th.jpg",
    "categories": ["pantry"],
    "tags": ["condiments", "pickles-chutney-relish"],
    "locations": {
      "vic": {
        "price": 2.5,
        "promoText": " ",
        "packageSize": "375mL",
        "packagePrice": "$0.67 per 100mL"
      }
    }
  },
  {
    "id": "spring-gully-gherkins-rounds",
    "brand": "Spring Gully",
    "name": "Gherkins Rounds",
    "imageUrl": "https://shop.coles.com.au/wcsstore/Coles-CAS/images/1/6/8/168789-th.jpg",
    "categories": ["pantry"],
    "tags": ["condiments", "pickles-chutney-relish"],
    "locations": {
      "vic": {
        "price": 4,
        "promoText": " ",
        "packageSize": "550g",
        "packagePrice": "$7.27 per 1Kg"
      }
    }
  },
  {
    "id": "spring-gully-gherkins-sweet-spiced-168803p",
    "brand": "Spring Gully",
    "name": "Gluten Free Sweet Spiced Gherkins",
    "imageUrl": "https://shop.coles.com.au/wcsstore/Coles-CAS/images/1/6/8/168803-th.jpg",
    "categories": ["pantry"],
    "tags": ["condiments", "pickles-chutney-relish"],
    "locations": {
      "vic": {
        "price": 4,
        "promoText": " ",
        "packageSize": "550g",
        "packagePrice": "$7.27 per 1Kg"
      }
    }
  },
  {
    "id": "three-threes-spreadable-pickles-mustard",
    "brand": "Three Threes",
    "name": "Spreadable Sweet Mustard Pickles",
    "imageUrl": "https://shop.coles.com.au/wcsstore/Coles-CAS/images/6/3/0/6308712-th.jpg",
    "categories": ["pantry"],
    "tags": ["condiments", "pickles-chutney-relish"],
    "locations": {
      "vic": {
        "price": 1.85,
        "promoText": " ",
        "packageSize": "390g",
        "packagePrice": "$0.47 per 100G"
      }
    }
  },
  {
    "id": "three-threes-onions-pickled-old-style",
    "brand": "Three Threes",
    "name": "Old Style Pickled Onions",
    "imageUrl": "https://shop.coles.com.au/wcsstore/Coles-CAS/images/5/6/1/5610712-th.jpg",
    "categories": ["pantry"],
    "tags": ["condiments", "pickles-chutney-relish"],
    "locations": {
      "vic": {
        "price": 3.9,
        "promoText": " ",
        "packageSize": "500g",
        "packagePrice": "$7.80 per 1Kg"
      }
    }
  },
  {
    "id": "three-threes-gherkins-sweet-spiced",
    "brand": "Three Threes",
    "name": "Sweet Spiced Gherkins",
    "imageUrl": "https://shop.coles.com.au/wcsstore/Coles-CAS/images/9/7/6/9762723-th.jpg",
    "categories": ["pantry"],
    "tags": ["condiments", "pickles-chutney-relish"],
    "locations": {
      "vic": {
        "price": 2.9,
        "promoText": " ",
        "packageSize": "540g",
        "packagePrice": "$5.37 per 1Kg"
      }
    }
  },
  {
    "id": "wilds-ezy-sauce",
    "brand": "Wild's",
    "name": "Ezy Sauce",
    "imageUrl": "https://shop.coles.com.au/wcsstore/Coles-CAS/images/1/2/8/128376-th.jpg",
    "categories": ["pantry"],
    "tags": ["condiments", "pickles-chutney-relish"],
    "locations": {
      "vic": {
        "price": 4,
        "promoText": " ",
        "packageSize": "375mL",
        "packagePrice": "$1.07 per 100mL"
      }
    }
  },
  {
    "id": "praise-coleslaw-dressing",
    "brand": "Praise",
    "name": "Coleslaw Dressing",
    "imageUrl": "https://shop.coles.com.au/wcsstore/Coles-CAS/images/9/8/2/9821061-th.jpg",
    "categories": ["pantry"],
    "tags": ["condiments", "salad-dressings"],
    "locations": {
      "vic": {
        "price": 3,
        "promoText": "Was $3.50 on Oct 2017 ",
        "packageSize": "330mL",
        "packagePrice": "$0.91 per 100mL"
      }
    }
  },
  {
    "id": "praise-dressing-potato-salad",
    "brand": "Praise",
    "name": "Potato Salad Dressing",
    "imageUrl": "https://shop.coles.com.au/wcsstore/Coles-CAS/images/2/7/6/2762022-th.jpg",
    "categories": ["pantry"],
    "tags": ["condiments", "salad-dressings"],
    "locations": {
      "vic": {
        "price": 3,
        "promoText": "Was $3.50 on Oct 2017 ",
        "packageSize": "330mL",
        "packagePrice": "$0.91 per 100mL"
      }
    }
  },
  {
    "id": "praise-dressing-french",
    "brand": "Praise",
    "name": "French Dressing",
    "imageUrl": "https://shop.coles.com.au/wcsstore/Coles-CAS/images/9/8/2/9820998-th.jpg",
    "categories": ["pantry"],
    "tags": ["condiments", "salad-dressings"],
    "locations": {
      "vic": {
        "price": 3,
        "promoText": "Was $3.50 on Oct 2017 ",
        "packageSize": "330mL",
        "packagePrice": "$0.91 per 100mL"
      }
    }
  },
  {
    "id": "praise-french-dressing-fat-free",
    "brand": "Praise",
    "name": "French Dressing Fat Free",
    "imageUrl": "https://shop.coles.com.au/wcsstore/Coles-CAS/images/9/8/2/9821039-th.jpg",
    "categories": ["pantry"],
    "tags": ["condiments", "salad-dressings"],
    "locations": {
      "vic": {
        "price": 3,
        "promoText": "Was $3.50 on Oct 2017 ",
        "packageSize": "330mL",
        "packagePrice": "$0.91 per 100mL"
      }
    }
  },
  {
    "id": "praise-deli-style-dressing-mustard-dijon-honey",
    "brand": "Praise",
    "name": "Deli Style Honey & Dijon Vinaigrette",
    "imageUrl": "https://shop.coles.com.au/wcsstore/Coles-CAS/images/3/0/3/3034508-th.jpg",
    "categories": ["pantry"],
    "tags": ["condiments", "salad-dressings"],
    "locations": {
      "vic": {
        "price": 2.5,
        "promoText": "$1.00 ",
        "packageSize": "250mL",
        "packagePrice": "$1.00 per 100mL"
      }
    }
  },
  {
    "id": "paul-newmans-own-ranch-dressing",
    "brand": "Paul Newman's Own",
    "name": "Ranch Salad Dressing",
    "imageUrl": "https://shop.coles.com.au/wcsstore/Coles-CAS/images/5/2/6/5267766-th.jpg",
    "categories": ["pantry"],
    "tags": ["condiments", "salad-dressings"],
    "locations": {
      "vic": {
        "price": 4,
        "promoText": " ",
        "packageSize": "250mL",
        "packagePrice": "$1.60 per 100mL"
      }
    }
  },
  {
    "id": "paul-newmans-own-classic-dressing",
    "brand": "Paul Newman's Own",
    "name": "Classic Vinaigrette Salad Dressing",
    "imageUrl": "https://shop.coles.com.au/wcsstore/Coles-CAS/images/1/0/4/104323-th.jpg",
    "categories": ["pantry"],
    "tags": ["condiments", "salad-dressings"],
    "locations": {
      "vic": {
        "price": 4,
        "promoText": " ",
        "packageSize": "250mL",
        "packagePrice": "$1.60 per 100mL"
      }
    }
  },
  {
    "id": "praise-caesar-salad-croutons",
    "brand": "Praise",
    "name": "Caesar Salad Croutons",
    "imageUrl": "https://shop.coles.com.au/wcsstore/Coles-CAS/images/6/0/1/6015930-th.jpg",
    "categories": ["pantry"],
    "tags": ["condiments", "salad-dressings"],
    "locations": {
      "vic": {
        "price": 4,
        "promoText": " ",
        "packageSize": "150g",
        "packagePrice": "$2.67 per 100G"
      }
    }
  },
  {
    "id": "coles-italian-salad-dressing",
    "brand": "Coles",
    "name": "Italian Dressing",
    "imageUrl": "https://shop.coles.com.au/wcsstore/Coles-CAS/images/2/4/5/2459385-th.jpg",
    "categories": ["pantry"],
    "tags": ["condiments", "salad-dressings"],
    "locations": {
      "vic": {
        "price": 1.8,
        "promoText": " ",
        "packageSize": "300mL",
        "packagePrice": "$0.60 per 100mL"
      }
    }
  },
  {
    "id": "coles-coleslaw-dressing",
    "brand": "Coles",
    "name": "Coleslaw Dressing",
    "imageUrl": "https://shop.coles.com.au/wcsstore/Coles-CAS/images/2/4/5/2459352-th.jpg",
    "categories": ["pantry"],
    "tags": ["condiments", "salad-dressings"],
    "locations": {
      "vic": {
        "price": 1.8,
        "promoText": " ",
        "packageSize": "300mL",
        "packagePrice": "$0.60 per 100mL"
      }
    }
  },
  {
    "id": "coles-salad-dressing-thai-lime",
    "brand": "Coles",
    "name": "Thai Style Lime & Chilli Salad Dressing",
    "imageUrl": "https://shop.coles.com.au/wcsstore/Coles-CAS/images/3/5/8/3585400-th.jpg",
    "categories": ["pantry"],
    "tags": ["condiments", "salad-dressings"],
    "locations": {
      "vic": {
        "price": 4,
        "promoText": " ",
        "packageSize": "250mL",
        "packagePrice": "$1.60 per 100mL"
      }
    }
  },
  {
    "id": "coles-salad-dressing-raspberry-balsamic",
    "brand": "Coles",
    "name": "Raspberry Balsamic Salad Dressing",
    "imageUrl": "https://shop.coles.com.au/wcsstore/Coles-CAS/images/3/5/8/3585330-th.jpg",
    "categories": ["pantry"],
    "tags": ["condiments", "salad-dressings"],
    "locations": {
      "vic": {
        "price": 4,
        "promoText": " ",
        "packageSize": "250mL",
        "packagePrice": "$1.60 per 100mL"
      }
    }
  },
  {
    "id": "praise-delistyle-dressing-roasted-garlic",
    "brand": "Praise",
    "name": "Deli Style Creamy Garlic Dressing",
    "imageUrl": "https://shop.coles.com.au/wcsstore/Coles-CAS/images/3/0/3/3034494-th.jpg",
    "categories": ["pantry"],
    "tags": ["condiments", "salad-dressings"],
    "locations": {
      "vic": {
        "price": 2.5,
        "promoText": "$1.00 ",
        "packageSize": "250mL",
        "packagePrice": "$1.00 per 100mL"
      }
    }
  },
  {
    "id": "praise-deli-style-balsamc-dressing",
    "brand": "Praise",
    "name": "Deli Style Balsamic & Roasted Garlic Vinaigrette",
    "imageUrl": "https://shop.coles.com.au/wcsstore/Coles-CAS/images/3/0/3/3034472-th.jpg",
    "categories": ["pantry"],
    "tags": ["condiments", "salad-dressings"],
    "locations": {
      "vic": {
        "price": 2.5,
        "promoText": "$1.00 ",
        "packageSize": "250mL",
        "packagePrice": "$1.00 per 100mL"
      }
    }
  },
  {
    "id": "red-kellys-dressing-traditional",
    "brand": "Red Kellys",
    "name": "Gluten Free Traditional Dressing",
    "imageUrl": "https://shop.coles.com.au/wcsstore/Coles-CAS/images/7/1/8/7186122-th.jpg",
    "categories": ["pantry"],
    "tags": ["condiments", "salad-dressings"],
    "locations": {
      "vic": {
        "price": 4,
        "promoText": " ",
        "packageSize": "250mL",
        "packagePrice": "$1.60 per 100mL"
      }
    }
  },
  {
    "id": "coles-french-salad-dressing",
    "brand": "Coles",
    "name": "French Dressing",
    "imageUrl": "https://shop.coles.com.au/wcsstore/Coles-CAS/images/2/4/5/2459396-th.jpg",
    "categories": ["pantry"],
    "tags": ["condiments", "salad-dressings"],
    "locations": {
      "vic": {
        "price": 1.8,
        "promoText": " ",
        "packageSize": "300mL",
        "packagePrice": "$0.60 per 100mL"
      }
    }
  },
  {
    "id": "coles-salad-dressing-honey-mustard-3585396p",
    "brand": "Coles",
    "name": "Honey & Mustard Salad Dressing",
    "imageUrl": "https://shop.coles.com.au/wcsstore/Coles-CAS/images/3/5/8/3585396-th.jpg",
    "categories": ["pantry"],
    "tags": ["condiments", "salad-dressings"],
    "locations": {
      "vic": {
        "price": 4,
        "promoText": " ",
        "packageSize": "250mL",
        "packagePrice": "$1.60 per 100mL"
      }
    }
  },
  {
    "id": "marions-kitchen-japanese-miso-sesame",
    "brand": "Marion's Kitchen",
    "name": "Miso & Sesame Vinaigrette",
    "imageUrl": "https://shop.coles.com.au/wcsstore/Coles-CAS/images/3/5/9/3594003-th.jpg",
    "categories": ["pantry"],
    "tags": ["condiments", "salad-dressings"],
    "locations": {
      "vic": {
        "price": 5,
        "promoText": " ",
        "packageSize": "240mL",
        "packagePrice": "$2.08 per 100mL"
      }
    }
  },
  {
    "id": "marions-kitchen-dressing-vietnamese-style-tangy",
    "brand": "Marion's Kitchen",
    "name": "Vietnamese Style Tangy Dressing",
    "imageUrl": "https://shop.coles.com.au/wcsstore/Coles-CAS/images/3/5/9/3593849-th.jpg",
    "categories": ["pantry"],
    "tags": ["condiments", "salad-dressings"],
    "locations": {
      "vic": {
        "price": 5,
        "promoText": " ",
        "packageSize": "240mL",
        "packagePrice": "$2.08 per 100mL"
      }
    }
  },
  {
    "id": "paul-newmans-own-dressing-creamy-caesar",
    "brand": "Paul Newman's Own",
    "name": "Creamy Caesar Dressing",
    "imageUrl": "https://shop.coles.com.au/wcsstore/Coles-CAS/images/9/8/2/9821298-th.jpg",
    "categories": ["pantry"],
    "tags": ["condiments", "salad-dressings"],
    "locations": {
      "vic": {
        "price": 4,
        "promoText": " ",
        "packageSize": "250mL",
        "packagePrice": "$1.60 per 100mL"
      }
    }
  },
  {
    "id": "praise-balsamic-dressing",
    "brand": "Praise",
    "name": "Balsamic Dressing",
    "imageUrl": "https://shop.coles.com.au/wcsstore/Coles-CAS/images/6/5/4/6541284-th.jpg",
    "categories": ["pantry"],
    "tags": ["condiments", "salad-dressings"],
    "locations": {
      "vic": {
        "price": 3,
        "promoText": "Was $3.50 on Oct 2017 ",
        "packageSize": "330mL",
        "packagePrice": "$0.91 per 100mL"
      }
    }
  },
  {
    "id": "praise-deli-style-dressings",
    "brand": "Praise",
    "name": "Deli Style Lime & Chilli Vinaigrette",
    "imageUrl": "https://shop.coles.com.au/wcsstore/Coles-CAS/images/3/0/3/3034483-th.jpg",
    "categories": ["pantry"],
    "tags": ["condiments", "salad-dressings"],
    "locations": {
      "vic": {
        "price": 2.5,
        "promoText": "$1.00 ",
        "packageSize": "250mL",
        "packagePrice": "$1.00 per 100mL"
      }
    }
  },
  {
    "id": "beerenberg-dressing-blue-cheese",
    "brand": "Beerenberg",
    "name": "Blue Cheese Dressing",
    "imageUrl": "https://shop.coles.com.au/wcsstore/Coles-CAS/images/5/3/7/5370073-th.jpg",
    "categories": ["pantry"],
    "tags": ["condiments", "salad-dressings"],
    "locations": {
      "vic": {
        "price": 5.5,
        "promoText": " ",
        "packageSize": "300mL",
        "packagePrice": "$1.83 per 100mL"
      }
    }
  },
  {
    "id": "cardinis-caesar-salad-dressing",
    "brand": "Cardini's",
    "name": "Caesar Salad Dressing",
    "imageUrl": "https://shop.coles.com.au/wcsstore/Coles-CAS/images/4/1/7/4171355-th.jpg",
    "categories": ["pantry"],
    "tags": ["condiments", "salad-dressings"],
    "locations": {
      "vic": {
        "price": 5.3,
        "promoText": " ",
        "packageSize": "350mL",
        "packagePrice": "$1.51 per 100mL"
      }
    }
  },
  {
    "id": "coles-caesar-dressing",
    "brand": "Coles",
    "name": "Caesar Dressing",
    "imageUrl": "https://shop.coles.com.au/wcsstore/Coles-CAS/images/2/4/5/2459363-th.jpg",
    "categories": ["pantry"],
    "tags": ["condiments", "salad-dressings"],
    "locations": {
      "vic": {
        "price": 1.8,
        "promoText": " ",
        "packageSize": "300mL",
        "packagePrice": "$0.60 per 100mL"
      }
    }
  },
  {
    "id": "coles-salad-dressing-golden-citrus",
    "brand": "Coles",
    "name": "Golden Citrus Salad Dressing",
    "imageUrl": "https://shop.coles.com.au/wcsstore/Coles-CAS/images/3/5/8/3585261-th.jpg",
    "categories": ["pantry"],
    "tags": ["condiments", "salad-dressings"],
    "locations": {
      "vic": {
        "price": 4,
        "promoText": " ",
        "packageSize": "250mL",
        "packagePrice": "$1.60 per 100mL"
      }
    }
  },
  {
    "id": "coles-dressing-mango-habanero",
    "brand": "Coles",
    "name": "Mango & Habanero Chilli Salad Dressing",
    "imageUrl": "https://shop.coles.com.au/wcsstore/Coles-CAS/images/3/5/8/3585374-th.jpg",
    "categories": ["pantry"],
    "tags": ["condiments", "salad-dressings"],
    "locations": {
      "vic": {
        "price": 4,
        "promoText": " ",
        "packageSize": "250mL",
        "packagePrice": "$1.60 per 100mL"
      }
    }
  },
  {
    "id": "coles-salad-dressing-japanese-miso",
    "brand": "Coles",
    "name": "Japanese Style Miso & Sesame Salad Dressing",
    "imageUrl": "https://shop.coles.com.au/wcsstore/Coles-CAS/images/3/5/8/3585352-th.jpg",
    "categories": ["pantry"],
    "tags": ["condiments", "salad-dressings"],
    "locations": {
      "vic": {
        "price": 4,
        "promoText": " ",
        "packageSize": "250mL",
        "packagePrice": "$1.60 per 100mL"
      }
    }
  },
  {
    "id": "marions-kitchen-thai-tamarind-vinaigrette",
    "brand": "Marion's Kitchen",
    "name": "Thai Style Tamarind Vinaigrette",
    "imageUrl": "https://shop.coles.com.au/wcsstore/Coles-CAS/images/3/5/9/3593850-th.jpg",
    "categories": ["pantry"],
    "tags": ["condiments", "salad-dressings"],
    "locations": {
      "vic": {
        "price": 5,
        "promoText": " ",
        "packageSize": "240mL",
        "packagePrice": "$2.08 per 100mL"
      }
    }
  },
  {
    "id": "marions-kitchen-thai-basil-lime-coconut",
    "brand": "Marion's Kitchen",
    "name": "Thai Basil Lime & Coconut Salad Dressing",
    "imageUrl": "https://shop.coles.com.au/wcsstore/Coles-CAS/images/3/5/9/3593893-th.jpg",
    "categories": ["pantry"],
    "tags": ["condiments", "salad-dressings"],
    "locations": {
      "vic": {
        "price": 5,
        "promoText": " ",
        "packageSize": "240mL",
        "packagePrice": "$2.08 per 100mL"
      }
    }
  },
  {
    "id": "marions-kitchen-japanese-ginger-sesame",
    "brand": "Marion's Kitchen",
    "name": "Japanese Style Ginger & Sesame Salad Dressing",
    "imageUrl": "https://shop.coles.com.au/wcsstore/Coles-CAS/images/3/5/9/3593860-th.jpg",
    "categories": ["pantry"],
    "tags": ["condiments", "salad-dressings"],
    "locations": {
      "vic": {
        "price": 5,
        "promoText": " ",
        "packageSize": "240mL",
        "packagePrice": "$2.08 per 100mL"
      }
    }
  },
  {
    "id": "praise-italian-dressing",
    "brand": "Praise",
    "name": "Italian Dressing",
    "imageUrl": "https://shop.coles.com.au/wcsstore/Coles-CAS/images/9/8/2/9821040-th.jpg",
    "categories": ["pantry"],
    "tags": ["condiments", "salad-dressings"],
    "locations": {
      "vic": {
        "price": 3,
        "promoText": "Was $3.50 on Oct 2017 ",
        "packageSize": "330mL",
        "packagePrice": "$0.91 per 100mL"
      }
    }
  },
  {
    "id": "praise-italian-balsamic-dressing-fat-free",
    "brand": "Praise",
    "name": "Italian Balsamic Dressing Fat Free",
    "imageUrl": "https://shop.coles.com.au/wcsstore/Coles-CAS/images/9/8/2/9820932-th.jpg",
    "categories": ["pantry"],
    "tags": ["condiments", "salad-dressings"],
    "locations": {
      "vic": {
        "price": 3,
        "promoText": "Was $3.50 on Oct 2017 ",
        "packageSize": "330mL",
        "packagePrice": "$0.91 per 100mL"
      }
    }
  },
  {
    "id": "praise-thousand-island-dressing",
    "brand": "Praise",
    "name": "Thousand Island Dressing",
    "imageUrl": "https://shop.coles.com.au/wcsstore/Coles-CAS/images/9/8/2/9821017-th.jpg",
    "categories": ["pantry"],
    "tags": ["condiments", "salad-dressings"],
    "locations": {
      "vic": {
        "price": 3,
        "promoText": "Was $3.50 on Oct 2017 ",
        "packageSize": "330mL",
        "packagePrice": "$0.91 per 100mL"
      }
    }
  },
  {
    "id": "praise-ranch-dressing",
    "brand": "Praise",
    "name": "Ranch Dressing",
    "imageUrl": "https://shop.coles.com.au/wcsstore/Coles-CAS/images/5/3/7/5370776-th.jpg",
    "categories": ["pantry"],
    "tags": ["condiments", "salad-dressings"],
    "locations": {
      "vic": {
        "price": 3,
        "promoText": "Was $3.50 on Oct 2017 ",
        "packageSize": "330mL",
        "packagePrice": "$0.91 per 100mL"
      }
    }
  },
  {
    "id": "praise-caesar-dressing",
    "brand": "Praise",
    "name": "Caesar Dressing",
    "imageUrl": "https://shop.coles.com.au/wcsstore/Coles-CAS/images/9/8/2/9820943-th.jpg",
    "categories": ["pantry"],
    "tags": ["condiments", "salad-dressings"],
    "locations": {
      "vic": {
        "price": 3,
        "promoText": "Was $3.50 on Oct 2017 ",
        "packageSize": "330mL",
        "packagePrice": "$0.91 per 100mL"
      }
    }
  },
  {
    "id": "praise-delistyle-dressing-tomato-garlic-basil",
    "brand": "Praise",
    "name": "Deli Style Tomato Garlic & Basil Dressing",
    "imageUrl": "https://shop.coles.com.au/wcsstore/Coles-CAS/images/3/2/2/3224387-th.jpg",
    "categories": ["pantry"],
    "tags": ["condiments", "salad-dressings"],
    "locations": {
      "vic": {
        "price": 2.5,
        "promoText": "$1.00 ",
        "packageSize": "250mL",
        "packagePrice": "$1.00 per 100mL"
      }
    }
  },
  {
    "id": "red-kellys-dressing-sweet-chilli-lime",
    "brand": "Red Kellys",
    "name": "Glutan Free Sweet Chilli & Lime Dressing",
    "imageUrl": "https://shop.coles.com.au/wcsstore/Coles-CAS/images/9/9/0/9903472-th.jpg",
    "categories": ["pantry"],
    "tags": ["condiments", "salad-dressings"],
    "locations": {
      "vic": {
        "price": 4,
        "promoText": " ",
        "packageSize": "250mL",
        "packagePrice": "$1.60 per 100mL"
      }
    }
  },
  {
    "id": "thomy-mayonnaise-delikatess",
    "brand": "Thomy",
    "name": "Delikatess Mayonnaise",
    "imageUrl": "https://shop.coles.com.au/wcsstore/Coles-CAS/images/5/0/3/5032117-th.jpg",
    "categories": ["pantry"],
    "tags": ["condiments", "mayonnaise"],
    "locations": {
      "vic": {
        "price": 6,
        "promoText": " ",
        "packageSize": "470g",
        "packagePrice": "$1.28 per 100G"
      }
    }
  },
  {
    "id": "praise-whole-egg-mayonnaise",
    "brand": "Praise",
    "name": "Whole Egg Mayonnaise",
    "imageUrl": "https://shop.coles.com.au/wcsstore/Coles-CAS/images/5/2/9/5296593-th.jpg",
    "categories": ["pantry"],
    "tags": ["condiments", "mayonnaise"],
    "locations": {
      "vic": {
        "price": 5,
        "promoText": " ",
        "packageSize": "335g",
        "packagePrice": "$1.49 per 100G"
      }
    }
  },
  {
    "id": "praise-mayonnaise-traditional-squeezable-8733876p",
    "brand": "Praise",
    "name": "Traditional Squeezable Mayonnaise",
    "imageUrl": "https://shop.coles.com.au/wcsstore/Coles-CAS/images/8/7/3/8733876-th.jpg",
    "categories": ["pantry"],
    "tags": ["condiments", "mayonnaise"],
    "locations": {
      "vic": {
        "price": 2.5,
        "promoText": "$0.90 ",
        "packageSize": "365g",
        "packagePrice": "$0.68 per 100G"
      }
    }
  },
  {
    "id": "praise-sauce-deli-style-aioli-classic",
    "brand": "Praise",
    "name": "Deli Style Classic Aioli",
    "imageUrl": "https://shop.coles.com.au/wcsstore/Coles-CAS/images/1/4/2/1423247-th.jpg",
    "categories": ["pantry"],
    "tags": ["condiments", "mayonnaise"],
    "locations": {
      "vic": {
        "price": 3,
        "promoText": " ",
        "packageSize": "250mL",
        "packagePrice": "$1.20 per 100mL"
      }
    }
  },
  {
    "id": "coles-traditional-mayonnaise",
    "brand": "Coles",
    "name": "Traditional Mayonnaise",
    "imageUrl": "https://shop.coles.com.au/wcsstore/Coles-CAS/images/2/4/5/2454767-th.jpg",
    "categories": ["pantry"],
    "tags": ["condiments", "mayonnaise"],
    "locations": {
      "vic": {
        "price": 2.6,
        "promoText": " ",
        "packageSize": "470g",
        "packagePrice": "$0.55 per 100G"
      }
    }
  },
  {
    "id": "heinz-seriously-good-garlic-aioli-mayonnaise",
    "brand": "Heinz",
    "name": "Garlic Aioli Mayonnaise",
    "imageUrl": "https://shop.coles.com.au/wcsstore/Coles-CAS/images/2/0/6/2060262-th.jpg",
    "categories": ["pantry"],
    "tags": ["condiments", "mayonnaise"],
    "locations": {
      "vic": {
        "price": 4,
        "promoText": " ",
        "packageSize": "295mL",
        "packagePrice": "$1.36 per 100mL"
      }
    }
  },
  {
    "id": "s-w-mayonnaise-real-whole-egg",
    "brand": "S&W",
    "name": "Real Whole Egg Mayonnaise",
    "imageUrl": "https://shop.coles.com.au/wcsstore/Coles-CAS/images/6/1/4/6144750-th.jpg",
    "categories": ["pantry"],
    "tags": ["condiments", "mayonnaise"],
    "locations": {
      "vic": {
        "price": 6,
        "promoText": " ",
        "packageSize": "440g",
        "packagePrice": "$1.36 per 100G"
      }
    }
  },
  {
    "id": "coles-garlic-aioli-mayonnaise",
    "brand": "Coles",
    "name": "Garlic Aioli",
    "imageUrl": "https://shop.coles.com.au/wcsstore/Coles-CAS/images/2/4/5/2454790-th.jpg",
    "categories": ["pantry"],
    "tags": ["condiments", "mayonnaise"],
    "locations": {
      "vic": {
        "price": 2.75,
        "promoText": " ",
        "packageSize": "350g",
        "packagePrice": "$0.79 per 100G"
      }
    }
  },
  {
    "id": "best-foods-mayonnaise-real-6499745p",
    "brand": "Best Foods",
    "name": "Real Mayonnaise",
    "imageUrl": "https://shop.coles.com.au/wcsstore/Coles-CAS/images/6/4/9/6499745-th.jpg",
    "categories": ["pantry"],
    "tags": ["condiments", "mayonnaise"],
    "locations": {
      "vic": {
        "price": 6,
        "promoText": " ",
        "packageSize": "405g",
        "packagePrice": "$1.48 per 100G"
      }
    }
  },
  {
    "id": "praise-mayonnaise-traditional-squeezable",
    "brand": "Praise",
    "name": "Traditional Mayonnaise",
    "imageUrl": "https://shop.coles.com.au/wcsstore/Coles-CAS/images/8/7/3/8734744-th.jpg",
    "categories": ["pantry"],
    "tags": ["condiments", "mayonnaise"],
    "locations": {
      "vic": {
        "price": 3.5,
        "promoText": "Was $4.20 on Nov 2017 ",
        "packageSize": "490g",
        "packagePrice": "$0.71 per 100G"
      }
    }
  },
  {
    "id": "coles-peri-peri-mayonnaise",
    "brand": "Coles",
    "name": "Peri Peri Flavoured Mayonnaise",
    "imageUrl": "https://shop.coles.com.au/wcsstore/Coles-CAS/images/3/0/3/3034552-th.jpg",
    "categories": ["pantry"],
    "tags": ["condiments", "mayonnaise"],
    "locations": {
      "vic": {
        "price": 2.75,
        "promoText": " ",
        "packageSize": "360g",
        "packagePrice": "$0.76 per 100G"
      }
    }
  },
  {
    "id": "heinz-seriously-good-lite-mayonnaise",
    "brand": "Heinz",
    "name": "Lite Mayonnaise",
    "imageUrl": "https://shop.coles.com.au/wcsstore/Coles-CAS/images/3/0/7/3076075-th.jpg",
    "categories": ["pantry"],
    "tags": ["condiments", "mayonnaise"],
    "locations": {
      "vic": {
        "price": 4,
        "promoText": " ",
        "packageSize": "285mL",
        "packagePrice": "$1.40 per 100mL"
      }
    }
  },
  {
    "id": "masterfoods-traditional-garlic-sauce",
    "brand": "MasterFoods",
    "name": "Garlic Kebab Sauce",
    "imageUrl": "https://shop.coles.com.au/wcsstore/Coles-CAS/images/3/5/0/3501512-th.jpg",
    "categories": ["pantry"],
    "tags": ["condiments", "mayonnaise"],
    "locations": {
      "vic": {
        "price": 3.15,
        "promoText": " ",
        "packageSize": "250mL",
        "packagePrice": "$1.26 per 100mL"
      }
    }
  },
  {
    "id": "praise-mayonnaise-99%25-fat-free-squeezable",
    "brand": "Praise",
    "name": "Fat Free Traditional Mayonnaise",
    "imageUrl": "https://shop.coles.com.au/wcsstore/Coles-CAS/images/8/7/3/8735292-th.jpg",
    "categories": ["pantry"],
    "tags": ["condiments", "mayonnaise"],
    "locations": {
      "vic": {
        "price": 2.5,
        "promoText": "$0.90 ",
        "packageSize": "410g",
        "packagePrice": "$0.61 per 100G"
      }
    }
  },
  {
    "id": "praise-mayonnaise-traditional",
    "brand": "Praise",
    "name": "Traditional Mayonnaise",
    "imageUrl": "https://shop.coles.com.au/wcsstore/Coles-CAS/images/2/3/6/236175-th.jpg",
    "categories": ["pantry"],
    "tags": ["condiments", "mayonnaise"],
    "locations": {
      "vic": {
        "price": 4.2,
        "promoText": " ",
        "packageSize": "470g",
        "packagePrice": "$0.89 per 100G"
      }
    }
  },
  {
    "id": "coles-whole-egg-mayonnaise",
    "brand": "Coles",
    "name": "Whole Egg Mayonnaise With Free Range Egg",
    "imageUrl": "https://shop.coles.com.au/wcsstore/Coles-CAS/images/2/4/5/2454789-th.jpg",
    "categories": ["pantry"],
    "tags": ["condiments", "mayonnaise"],
    "locations": {
      "vic": {
        "price": 2.85,
        "promoText": " ",
        "packageSize": "445g",
        "packagePrice": "$0.64 per 100G"
      }
    }
  },
  {
    "id": "coles-mayonnaise-dill-pickle",
    "brand": "Coles",
    "name": "Pickle'naise Mayonnaise With Dill Pickle",
    "imageUrl": "https://shop.coles.com.au/wcsstore/Coles-CAS/images/3/3/4/3345734-th.jpg",
    "categories": ["pantry"],
    "tags": ["condiments", "mayonnaise"],
    "locations": {
      "vic": {
        "price": 2.75,
        "promoText": " ",
        "packageSize": "360g",
        "packagePrice": "$0.76 per 100G"
      }
    }
  },
  {
    "id": "heinz-salad-cream",
    "brand": "Heinz",
    "name": "Salad Cream",
    "imageUrl": "https://shop.coles.com.au/wcsstore/Coles-CAS/images/2/0/8/208646-th.jpg",
    "categories": ["pantry"],
    "tags": ["condiments", "mayonnaise"],
    "locations": {
      "vic": {
        "price": 2.9,
        "promoText": " ",
        "packageSize": "250g",
        "packagePrice": "$1.16 per 100G"
      }
    }
  },
  {
    "id": "hellmans-mayonnaise",
    "brand": "Hellmann's",
    "name": "Real Mayonnaise",
    "imageUrl": "https://shop.coles.com.au/wcsstore/Coles-CAS/images/4/7/0/4707648-th.jpg",
    "categories": ["pantry"],
    "tags": ["condiments", "mayonnaise"],
    "locations": {
      "vic": {
        "price": 6.2,
        "promoText": " ",
        "packageSize": "400g",
        "packagePrice": "$1.55 per 100G"
      }
    }
  },
  {
    "id": "praise-mayonnaise-99%25-fat-free-squeezable-8734799p",
    "brand": "Praise",
    "name": "99% Fat Free Traditional Mayonnaise",
    "imageUrl": "https://shop.coles.com.au/wcsstore/Coles-CAS/images/8/7/3/8734799-th.jpg",
    "categories": ["pantry"],
    "tags": ["condiments", "mayonnaise"],
    "locations": {
      "vic": {
        "price": 3.5,
        "promoText": "Was $4.20 on Nov 2017 ",
        "packageSize": "555g",
        "packagePrice": "$0.63 per 100G"
      }
    }
  },
  {
    "id": "s-w-mayonnaise-light",
    "brand": "S&W",
    "name": "Gluten Free Light Mayonnaise",
    "imageUrl": "https://shop.coles.com.au/wcsstore/Coles-CAS/images/7/7/2/7725090-th.jpg",
    "categories": ["pantry"],
    "tags": ["condiments", "mayonnaise"],
    "locations": {
      "vic": {
        "price": 6,
        "promoText": " ",
        "packageSize": "440g",
        "packagePrice": "$1.36 per 100G"
      }
    }
  },
  {
    "id": "heinz-seriously-good-original-mayonnaise",
    "brand": "Heinz",
    "name": "Original Mayonnaise",
    "imageUrl": "https://shop.coles.com.au/wcsstore/Coles-CAS/images/2/0/6/2060251-th.jpg",
    "categories": ["pantry"],
    "tags": ["condiments", "mayonnaise"],
    "locations": {
      "vic": {
        "price": 4,
        "promoText": " ",
        "packageSize": "295mL",
        "packagePrice": "$1.36 per 100mL"
      }
    }
  },
  {
    "id": "praise-mayonnaise-whole-egg-9821345p",
    "brand": "Praise",
    "name": "Whole Egg Mayonnaise",
    "imageUrl": "https://shop.coles.com.au/wcsstore/Coles-CAS/images/9/8/2/9821345-th.jpg",
    "categories": ["pantry"],
    "tags": ["condiments", "mayonnaise"],
    "locations": {
      "vic": {
        "price": 5,
        "promoText": " ",
        "packageSize": "445g",
        "packagePrice": "$1.12 per 100G"
      }
    }
  },
  {
    "id": "praise-sauce-deli-style-aioli-chipotle",
    "brand": "Praise",
    "name": "Deli Style Chipotle Aioli",
    "imageUrl": "https://shop.coles.com.au/wcsstore/Coles-CAS/images/1/4/2/1423236-th.jpg",
    "categories": ["pantry"],
    "tags": ["condiments", "mayonnaise"],
    "locations": {
      "vic": {
        "price": 3,
        "promoText": " ",
        "packageSize": "250mL",
        "packagePrice": "$1.20 per 100mL"
      }
    }
  },
  {
    "id": "s-w-whole-egg-mayonnaise",
    "brand": "S&W",
    "name": "Gluten Free Whole Egg Mayonnaise",
    "imageUrl": "https://shop.coles.com.au/wcsstore/Coles-CAS/images/6/5/4/6541105-th.jpg",
    "categories": ["pantry"],
    "tags": ["condiments", "mayonnaise"],
    "locations": {
      "vic": {
        "price": 6,
        "promoText": " ",
        "packageSize": "320g",
        "packagePrice": "$1.88 per 100G"
      }
    }
  },
  {
    "id": "coles-97%25-fat-free-mayonnaise",
    "brand": "Coles",
    "name": "97% Fat Free Mayonnaise",
    "imageUrl": "https://shop.coles.com.au/wcsstore/Coles-CAS/images/2/4/5/2454778-th.jpg",
    "categories": ["pantry"],
    "tags": ["condiments", "mayonnaise"],
    "locations": {
      "vic": {
        "price": 2.6,
        "promoText": " ",
        "packageSize": "525g",
        "packagePrice": "$0.50 per 100G"
      }
    }
  },
  {
    "id": "coles-organic-whole-egg-mayonnaise",
    "brand": "Coles",
    "name": "Organic Whole Egg Mayonnaise",
    "imageUrl": "https://shop.coles.com.au/wcsstore/Coles-CAS/images/3/0/3/3034665-th.jpg",
    "categories": ["pantry"],
    "tags": ["condiments", "mayonnaise"],
    "locations": {
      "vic": {
        "price": 5.5,
        "promoText": " ",
        "packageSize": "445g",
        "packagePrice": "$1.24 per 100G"
      }
    }
  },
  {
    "id": "flying-goose-sriracha-mayo",
    "brand": "Flying Goose",
    "name": "Sriracha Mayo",
    "imageUrl": "https://shop.coles.com.au/wcsstore/Coles-CAS/images/3/4/5/3455266-th.jpg",
    "categories": ["pantry"],
    "tags": ["condiments", "mayonnaise"],
    "locations": {
      "vic": {
        "price": 6.5,
        "promoText": " ",
        "packageSize": "455mL",
        "packagePrice": "$1.43 per 100mL"
      }
    }
  },
  {
    "id": "heinz-seriously-good-mayo-peri-peri",
    "brand": "Heinz",
    "name": "Spicy Peri Peri Mayonnaise",
    "imageUrl": "https://shop.coles.com.au/wcsstore/Coles-CAS/images/2/7/7/2777879-th.jpg",
    "categories": ["pantry"],
    "tags": ["condiments", "mayonnaise"],
    "locations": {
      "vic": {
        "price": 4,
        "promoText": " ",
        "packageSize": "295mL",
        "packagePrice": "$1.36 per 100mL"
      }
    }
  },
  {
    "id": "heinz-seriously-good-caramelised-onion",
    "brand": "Heinz",
    "name": "Seriously Good Caramelised Onion",
    "imageUrl": "https://shop.coles.com.au/wcsstore/Coles-CAS/images/3/5/9/3594182-th.jpg",
    "categories": ["pantry"],
    "tags": ["condiments", "mayonnaise"],
    "locations": {
      "vic": {
        "price": 4.5,
        "promoText": " ",
        "packageSize": "295mL",
        "packagePrice": "$1.53 per 100mL"
      }
    }
  },
  {
    "id": "hellmans-real-mayonnaise-jar",
    "brand": "Hellmann's",
    "name": "Real Mayonnaise Jar",
    "imageUrl": "https://shop.coles.com.au/wcsstore/Coles-CAS/images/3/0/2/3025573-th.jpg",
    "categories": ["pantry"],
    "tags": ["condiments", "mayonnaise"],
    "locations": {
      "vic": {
        "price": 10.5,
        "promoText": " ",
        "packageSize": "800g",
        "packagePrice": "$1.31 per 100G"
      }
    }
  },
  {
    "id": "masterfoods-texan-chipotle-sauce",
    "brand": "MasterFoods",
    "name": "Chipotle Taco Style Sauce",
    "imageUrl": "https://shop.coles.com.au/wcsstore/Coles-CAS/images/3/5/0/3501465-th.jpg",
    "categories": ["pantry"],
    "tags": ["condiments", "mayonnaise"],
    "locations": {
      "vic": {
        "price": 3.15,
        "promoText": " ",
        "packageSize": "250mL",
        "packagePrice": "$1.26 per 100mL"
      }
    }
  },
  {
    "id": "praise-mayonnaise-traditional-169012p",
    "brand": "Praise",
    "name": "Traditional Mayonnaise",
    "imageUrl": "https://shop.coles.com.au/wcsstore/Coles-CAS/images/1/6/9/169012-th.jpg",
    "categories": ["pantry"],
    "tags": ["condiments", "mayonnaise"],
    "locations": {
      "vic": {
        "price": 5,
        "promoText": "Was $5.65 on May 2017 ",
        "packageSize": "700g",
        "packagePrice": "$0.71 per 100G"
      }
    }
  },
  {
    "id": "s-w-mayonnaise-real-whole-egg-6140181p",
    "brand": "S&W",
    "name": "Real Whole Egg Mayonnaise Cage Free",
    "imageUrl": "https://shop.coles.com.au/wcsstore/Coles-CAS/images/6/1/4/6140181-th.jpg",
    "categories": ["pantry"],
    "tags": ["condiments", "mayonnaise"],
    "locations": {
      "vic": {
        "price": 9.5,
        "promoText": " ",
        "packageSize": "880g",
        "packagePrice": "$1.08 per 100G"
      }
    }
  },
  {
    "id": "coles-finest-100%25-pure-maple-syrup",
    "brand": "Coles Finest",
    "name": "Pure Canadian Maple Syrup",
    "imageUrl": "https://shop.coles.com.au/wcsstore/Coles-CAS/images/1/7/9/1790270-th.jpg",
    "categories": ["pantry"],
    "tags": ["condiments", "syrups-toppings"],
    "locations": {
      "vic": {
        "price": 6.25,
        "promoText": " ",
        "packageSize": "250mL",
        "packagePrice": "$2.50 per 100mL"
      }
    }
  },
  {
    "id": "queen-pure-maple-syrup",
    "brand": "Queen",
    "name": "Pure Canadian Maple Syrup",
    "imageUrl": "https://shop.coles.com.au/wcsstore/Coles-CAS/images/8/8/5/8850122-th.jpg",
    "categories": ["pantry"],
    "tags": ["condiments", "syrups-toppings"],
    "locations": {
      "vic": {
        "price": 9,
        "promoText": " ",
        "packageSize": "250mL",
        "packagePrice": "$3.60 per 100mL"
      }
    }
  },
  {
    "id": "queen-sugar-free-maple-flavoured-syrup",
    "brand": "Queen",
    "name": "Sugar Free Maple Flavoured Syrup",
    "imageUrl": "https://shop.coles.com.au/wcsstore/Coles-CAS/images/4/6/9/4692176-th.jpg",
    "categories": ["pantry"],
    "tags": ["condiments", "syrups-toppings"],
    "locations": {
      "vic": {
        "price": 4.2,
        "promoText": " ",
        "packageSize": "355mL",
        "packagePrice": "$1.18 per 100mL"
      }
    }
  },
  {
    "id": "coles-brand-syrup-maple-flavoured",
    "brand": "Coles",
    "name": "Maple Syrup Flavoured",
    "imageUrl": "https://shop.coles.com.au/wcsstore/Coles-CAS/images/5/9/2/5920924-th.jpg",
    "categories": ["pantry"],
    "tags": ["condiments", "syrups-toppings"],
    "locations": {
      "vic": {
        "price": 2.5,
        "promoText": " ",
        "packageSize": "375g",
        "packagePrice": "$0.67 per 100G"
      }
    }
  },
  {
    "id": "cottees-ice-magic-topping-choc",
    "brand": "Cottee's",
    "name": "Ice Magic Chocolate Topping",
    "imageUrl": "https://shop.coles.com.au/wcsstore/Coles-CAS/images/4/3/1/4318170-th.jpg",
    "categories": ["pantry"],
    "tags": ["condiments", "syrups-toppings"],
    "locations": {
      "vic": {
        "price": 3.95,
        "promoText": " ",
        "packageSize": "220g",
        "packagePrice": "$1.80 per 100G"
      }
    }
  },
  {
    "id": "hersheys-chocolate-syrup",
    "brand": "Hershey's",
    "name": "Chocolate Flavor Syrup",
    "imageUrl": "https://shop.coles.com.au/wcsstore/Coles-CAS/images/2/1/3/2137210-th.jpg",
    "categories": ["pantry"],
    "tags": ["condiments", "syrups-toppings"],
    "locations": {
      "vic": {
        "price": 5,
        "promoText": " ",
        "packageSize": "680g",
        "packagePrice": "$0.74 per 100G"
      }
    }
  },
  {
    "id": "greens-maple-flavoured-syrup-squeezable",
    "brand": "Green's",
    "name": "Squeezable Maple Flavoured Syrup",
    "imageUrl": "https://shop.coles.com.au/wcsstore/Coles-CAS/images/6/3/1/6318498-th.jpg",
    "categories": ["pantry"],
    "tags": ["condiments", "syrups-toppings"],
    "locations": {
      "vic": {
        "price": 3.2,
        "promoText": " ",
        "packageSize": "375g",
        "packagePrice": "$0.85 per 100G"
      }
    }
  },
  {
    "id": "coles-topping-chocolate",
    "brand": "Coles",
    "name": "Chocolate Topping",
    "imageUrl": "https://shop.coles.com.au/wcsstore/Coles-CAS/images/5/7/9/5795695-th.jpg",
    "categories": ["pantry"],
    "tags": ["condiments", "syrups-toppings"],
    "locations": {
      "vic": {
        "price": 2.65,
        "promoText": " ",
        "packageSize": "615g",
        "packagePrice": "$0.43 per 100G"
      }
    }
  },
  {
    "id": "coles-topping-chocolate-7200030p",
    "brand": "Coles",
    "name": "Top Choc Ice cream Coating",
    "imageUrl": "https://shop.coles.com.au/wcsstore/Coles-CAS/images/7/2/0/7200030-th.jpg",
    "categories": ["pantry"],
    "tags": ["condiments", "syrups-toppings"],
    "locations": {
      "vic": {
        "price": 3,
        "promoText": " ",
        "packageSize": "220g",
        "packagePrice": "$1.36 per 100G"
      }
    }
  },
  {
    "id": "coles-coffee-syrup-caramel",
    "brand": "Coles",
    "name": "Caramel Coffee Syrup",
    "imageUrl": "https://shop.coles.com.au/wcsstore/Coles-CAS/images/3/2/0/3209102-th.jpg",
    "categories": ["pantry"],
    "tags": ["condiments", "syrups-toppings"],
    "locations": {
      "vic": {
        "price": 5,
        "promoText": " ",
        "packageSize": "360mL",
        "packagePrice": "$1.39 per 100mL"
      }
    }
  },
  {
    "id": "coles-topping-caramel",
    "brand": "Coles",
    "name": "Caramel Topping",
    "imageUrl": "https://shop.coles.com.au/wcsstore/Coles-CAS/images/5/7/9/5795709-th.jpg",
    "categories": ["pantry"],
    "tags": ["condiments", "syrups-toppings"],
    "locations": {
      "vic": {
        "price": 2.65,
        "promoText": " ",
        "packageSize": "610g",
        "packagePrice": "$0.43 per 100G"
      }
    }
  },
  {
    "id": "coles-smart-buy-topping-chocolate",
    "brand": "Coles",
    "name": "Chocolate Topping",
    "imageUrl": "https://shop.coles.com.au/wcsstore/Coles-CAS/images/7/6/8/7685246-th.jpg",
    "categories": ["pantry"],
    "tags": ["condiments", "syrups-toppings"],
    "locations": {
      "vic": {
        "price": 1.75,
        "promoText": " ",
        "packageSize": "600mL",
        "packagePrice": "$0.29 per 100mL"
      }
    }
  },
  {
    "id": "coles-chocolate-fudge-dessert-topping",
    "brand": "Coles",
    "name": "Chocolate Fudge Dessert Topping",
    "imageUrl": "https://shop.coles.com.au/wcsstore/Coles-CAS/images/1/9/7/1979619-th.jpg",
    "categories": ["pantry"],
    "tags": ["condiments", "syrups-toppings"],
    "locations": {
      "vic": {
        "price": 3.5,
        "promoText": " ",
        "packageSize": "250mL",
        "packagePrice": "$1.40 per 100mL"
      }
    }
  },
  {
    "id": "hersheys-caramel-syrup",
    "brand": "Hershey's",
    "name": "Caramel Flavour Syrup",
    "imageUrl": "https://shop.coles.com.au/wcsstore/Coles-CAS/images/3/2/8/3287616-th.jpg",
    "categories": ["pantry"],
    "tags": ["condiments", "syrups-toppings"],
    "locations": {
      "vic": {
        "price": 5,
        "promoText": " ",
        "packageSize": "623g",
        "packagePrice": "$0.80 per 100G"
      }
    }
  },
  {
    "id": "coles-topping-strawberry",
    "brand": "Coles",
    "name": "Strawberry Topping",
    "imageUrl": "https://shop.coles.com.au/wcsstore/Coles-CAS/images/5/7/9/5795710-th.jpg",
    "categories": ["pantry"],
    "tags": ["condiments", "syrups-toppings"],
    "locations": {
      "vic": {
        "price": 2.65,
        "promoText": " ",
        "packageSize": "600g",
        "packagePrice": "$0.44 per 100G"
      }
    }
  },
  {
    "id": "coles-salted-caramel-dessert-topping",
    "brand": "Coles",
    "name": "Salted Caramel Dessert Topping",
    "imageUrl": "https://shop.coles.com.au/wcsstore/Coles-CAS/images/1/9/7/1979641-th.jpg",
    "categories": ["pantry"],
    "tags": ["condiments", "syrups-toppings"],
    "locations": {
      "vic": {
        "price": 3.5,
        "promoText": " ",
        "packageSize": "250mL",
        "packagePrice": "$1.40 per 100mL"
      }
    }
  },
  {
    "id": "coles-coffee-syrup-vanilla",
    "brand": "Coles",
    "name": "Vanilla Flavoured Coffee Syrup",
    "imageUrl": "https://shop.coles.com.au/wcsstore/Coles-CAS/images/3/2/0/3209113-th.jpg",
    "categories": ["pantry"],
    "tags": ["condiments", "syrups-toppings"],
    "locations": {
      "vic": {
        "price": 5,
        "promoText": " ",
        "packageSize": "360mL",
        "packagePrice": "$1.39 per 100mL"
      }
    }
  },
  {
    "id": "coles-dark-choc-coconut-topping",
    "brand": "Coles",
    "name": "Dark Choc Coconut Topping",
    "imageUrl": "https://shop.coles.com.au/wcsstore/Coles-CAS/images/3/3/1/3316044-th.jpg",
    "categories": ["pantry"],
    "tags": ["condiments", "syrups-toppings"],
    "locations": {
      "vic": {
        "price": 3,
        "promoText": " ",
        "packageSize": "250mL",
        "packagePrice": "$1.20 per 100mL"
      }
    }
  },
  {
    "id": "cottees-squeezy-topping-caramel",
    "brand": "Cottee's",
    "name": "Squeezy Caramel Flavoured Topping",
    "imageUrl": "https://shop.coles.com.au/wcsstore/Coles-CAS/images/1/1/6/1161617-th.jpg",
    "categories": ["pantry"],
    "tags": ["condiments", "syrups-toppings"],
    "locations": {
      "vic": {
        "price": 3.2,
        "promoText": "Was $3.60 on Jun 2017 ",
        "packageSize": "575g",
        "packagePrice": "$0.56 per 100G"
      }
    }
  },
  {
    "id": "cottees-topping-squeasy-chocolate",
    "brand": "Cottee's",
    "name": "Squeezy Chocolate Topping",
    "imageUrl": "https://shop.coles.com.au/wcsstore/Coles-CAS/images/4/7/7/4775921-th.jpg",
    "categories": ["pantry"],
    "tags": ["condiments", "syrups-toppings"],
    "locations": {
      "vic": {
        "price": 3.2,
        "promoText": "Was $3.60 on Jun 2017 ",
        "packageSize": "615g",
        "packagePrice": "$0.52 per 100G"
      }
    }
  },
  {
    "id": "cottees-squeezy-topping-strawberry",
    "brand": "Cottee's",
    "name": "Squeezy Strawberry Flavoured Topping",
    "imageUrl": "https://shop.coles.com.au/wcsstore/Coles-CAS/images/1/1/6/1161628-th.jpg",
    "categories": ["pantry"],
    "tags": ["condiments", "syrups-toppings"],
    "locations": {
      "vic": {
        "price": 3.2,
        "promoText": "Was $3.60 on Jun 2017 ",
        "packageSize": "575g",
        "packagePrice": "$0.56 per 100G"
      }
    }
  },
  {
    "id": "cottees-ice-magic-topping-chocolate-mint",
    "brand": "Cottee's",
    "name": "Ice Magic Chocolate Mint Topping",
    "imageUrl": "https://shop.coles.com.au/wcsstore/Coles-CAS/images/4/3/1/4318169-th.jpg",
    "categories": ["pantry"],
    "tags": ["condiments", "syrups-toppings"],
    "locations": {
      "vic": {
        "price": 3.95,
        "promoText": " ",
        "packageSize": "220g",
        "packagePrice": "$1.80 per 100G"
      }
    }
  },
  {
    "id": "cottees--ice-magic-white-choc",
    "brand": "Cottee's",
    "name": "Ice Magic White Chocolate Topping",
    "imageUrl": "https://shop.coles.com.au/wcsstore/Coles-CAS/images/1/0/1/1010021-th.jpg",
    "categories": ["pantry"],
    "tags": ["condiments", "syrups-toppings"],
    "locations": {
      "vic": {
        "price": 3.95,
        "promoText": " ",
        "packageSize": "220g",
        "packagePrice": "$1.80 per 100G"
      }
    }
  },
  {
    "id": "hersheys-strawberry-syrup",
    "brand": "Hershey's",
    "name": "Strawberry Flavour Syrup",
    "imageUrl": "https://shop.coles.com.au/wcsstore/Coles-CAS/images/3/2/8/3287649-th.jpg",
    "categories": ["pantry"],
    "tags": ["condiments", "syrups-toppings"],
    "locations": {
      "vic": {
        "price": 5,
        "promoText": " ",
        "packageSize": "623g",
        "packagePrice": "$0.80 per 100G"
      }
    }
  },
  {
    "id": "masterfoods-mustard-american-mild",
    "brand": "MasterFoods",
    "name": "Mild American Mustard Smooth & Tangy",
    "imageUrl": "https://shop.coles.com.au/wcsstore/Coles-CAS/images/8/8/3/8833305-th.jpg",
    "categories": ["pantry"],
    "tags": ["condiments", "mustard"],
    "locations": {
      "vic": {
        "price": 3.5,
        "promoText": "$0.65 ",
        "packageSize": "550g",
        "packagePrice": "$0.64 per 100G"
      }
    }
  },
  {
    "id": "masterfoods-mustard-wholegrain-5435237p",
    "brand": "MasterFoods",
    "name": "Wholegrain Mustard",
    "imageUrl": "https://shop.coles.com.au/wcsstore/Coles-CAS/images/5/4/3/5435237-th.jpg",
    "categories": ["pantry"],
    "tags": ["condiments", "mustard"],
    "locations": {
      "vic": {
        "price": 2.5,
        "promoText": "$0.30 ",
        "packageSize": "175g",
        "packagePrice": "$1.43 per 100G"
      }
    }
  },
  {
    "id": "masterfoods-mustard-dijon",
    "brand": "MasterFoods",
    "name": "Dijon Mustard",
    "imageUrl": "https://shop.coles.com.au/wcsstore/Coles-CAS/images/5/4/3/5434948-th.jpg",
    "categories": ["pantry"],
    "tags": ["condiments", "mustard"],
    "locations": {
      "vic": {
        "price": 2.5,
        "promoText": "$0.30 ",
        "packageSize": "170g",
        "packagePrice": "$1.47 per 100G"
      }
    }
  },
  {
    "id": "maille-mustard-dijon",
    "brand": "Maille",
    "name": "Traditional Dijon Mustard",
    "imageUrl": "https://shop.coles.com.au/wcsstore/Coles-CAS/images/5/2/0/5201123-th.jpg",
    "categories": ["pantry"],
    "tags": ["condiments", "mustard"],
    "locations": {
      "vic": {
        "price": 4.2,
        "promoText": " ",
        "packageSize": "215g",
        "packagePrice": "$1.95 per 100G"
      }
    }
  },
  {
    "id": "maille-mustard-mild-wholegrain",
    "brand": "Maille",
    "name": "Mild Wholegrain Mustard",
    "imageUrl": "https://shop.coles.com.au/wcsstore/Coles-CAS/images/5/1/7/5179807-th.jpg",
    "categories": ["pantry"],
    "tags": ["condiments", "mustard"],
    "locations": {
      "vic": {
        "price": 4.2,
        "promoText": " ",
        "packageSize": "210g",
        "packagePrice": "$2.00 per 100G"
      }
    }
  },
  {
    "id": "coles-dijon-mustard",
    "brand": "Coles",
    "name": "Dijon Mustard Smooth And Mild",
    "imageUrl": "https://shop.coles.com.au/wcsstore/Coles-CAS/images/2/4/2/2421473-th.jpg",
    "categories": ["pantry"],
    "tags": ["condiments", "mustard"],
    "locations": {
      "vic": {
        "price": 2,
        "promoText": " ",
        "packageSize": "200g",
        "packagePrice": "$1.00 per 100G"
      }
    }
  },
  {
    "id": "masterfoods-horseradish-cream-sauce",
    "brand": "MasterFoods",
    "name": "Horseradish Cream Sauce",
    "imageUrl": "https://shop.coles.com.au/wcsstore/Coles-CAS/images/1/2/8/128412-th.jpg",
    "categories": ["pantry"],
    "tags": ["condiments", "mustard"],
    "locations": {
      "vic": {
        "price": 2.5,
        "promoText": "$0.30 ",
        "packageSize": "175g",
        "packagePrice": "$1.43 per 100G"
      }
    }
  },
  {
    "id": "masterfoods-mustard-hot-english",
    "brand": "MasterFoods",
    "name": "Hot English Mustard",
    "imageUrl": "https://shop.coles.com.au/wcsstore/Coles-CAS/images/5/4/3/5435180-th.jpg",
    "categories": ["pantry"],
    "tags": ["condiments", "mustard"],
    "locations": {
      "vic": {
        "price": 2.5,
        "promoText": "$0.30 ",
        "packageSize": "175g",
        "packagePrice": "$1.43 per 100G"
      }
    }
  },
  {
    "id": "coles-wholegrain-mustard",
    "brand": "Coles",
    "name": "Wholegrain Mustard",
    "imageUrl": "https://shop.coles.com.au/wcsstore/Coles-CAS/images/2/4/2/2421484-th.jpg",
    "categories": ["pantry"],
    "tags": ["condiments", "mustard"],
    "locations": {
      "vic": {
        "price": 2,
        "promoText": " ",
        "packageSize": "200g",
        "packagePrice": "$1.00 per 100G"
      }
    }
  },
  {
    "id": "heinz-american-mustard",
    "brand": "Heinz",
    "name": "Mild American Mustard",
    "imageUrl": "https://shop.coles.com.au/wcsstore/Coles-CAS/images/2/7/7/2777530-th.jpg",
    "categories": ["pantry"],
    "tags": ["condiments", "mustard"],
    "locations": {
      "vic": {
        "price": 2.75,
        "promoText": " ",
        "packageSize": "220mL",
        "packagePrice": "$1.25 per 100mL"
      }
    }
  },
  {
    "id": "masterfoods-mustard-english-mild",
    "brand": "MasterFoods",
    "name": "Mild English Mustard",
    "imageUrl": "https://shop.coles.com.au/wcsstore/Coles-CAS/images/5/4/3/5435215-th.jpg",
    "categories": ["pantry"],
    "tags": ["condiments", "mustard"],
    "locations": {
      "vic": {
        "price": 2.5,
        "promoText": "$0.30 ",
        "packageSize": "175g",
        "packagePrice": "$1.43 per 100G"
      }
    }
  },
  {
    "id": "masterfoods-mustard-australian",
    "brand": "MasterFoods",
    "name": "Sweet & Savoury Style Mustard Sauce",
    "imageUrl": "https://shop.coles.com.au/wcsstore/Coles-CAS/images/5/4/3/5434937-th.jpg",
    "categories": ["pantry"],
    "tags": ["condiments", "mustard"],
    "locations": {
      "vic": {
        "price": 2.5,
        "promoText": "$0.30 ",
        "packageSize": "175g",
        "packagePrice": "$1.43 per 100G"
      }
    }
  },
  {
    "id": "masterfoods-mustard-mild-american-squeezy",
    "brand": "MasterFoods",
    "name": "Mild American Mustard",
    "imageUrl": "https://shop.coles.com.au/wcsstore/Coles-CAS/images/6/8/7/6874345-th.jpg",
    "categories": ["pantry"],
    "tags": ["condiments", "mustard"],
    "locations": {
      "vic": {
        "price": 3.5,
        "promoText": " ",
        "packageSize": "250g",
        "packagePrice": "$1.40 per 100G"
      }
    }
  },
  {
    "id": "frenchs-mustard-yellow-classic-7905105p",
    "brand": "French's",
    "name": "Classic Yellow Mustard",
    "imageUrl": "https://shop.coles.com.au/wcsstore/Coles-CAS/images/7/9/0/7905105-th.jpg",
    "categories": ["pantry"],
    "tags": ["condiments", "mustard"],
    "locations": {
      "vic": {
        "price": 2.8,
        "promoText": " ",
        "packageSize": "226g",
        "packagePrice": "$1.24 per 100G"
      }
    }
  },
  {
    "id": "coles-mild-american-mustard",
    "brand": "Coles",
    "name": "Mild American Mustard",
    "imageUrl": "https://shop.coles.com.au/wcsstore/Coles-CAS/images/2/4/0/2400430-th.jpg",
    "categories": ["pantry"],
    "tags": ["condiments", "mustard"],
    "locations": {
      "vic": {
        "price": 2,
        "promoText": " ",
        "packageSize": "250g",
        "packagePrice": "$0.80 per 100G"
      }
    }
  },
  {
    "id": "coles-special-nugget-sweet-sauce",
    "brand": "Coles",
    "name": "Special Sweet Mustard Nugget Sauce",
    "imageUrl": "https://shop.coles.com.au/wcsstore/Coles-CAS/images/3/5/0/3502468-th.jpg",
    "categories": ["pantry"],
    "tags": ["condiments", "mustard"],
    "locations": {
      "vic": {
        "price": 2.75,
        "promoText": " ",
        "packageSize": "375mL",
        "packagePrice": "$0.73 per 100mL"
      }
    }
  },
  {
    "id": "coles-hot-english-mustard",
    "brand": "Coles",
    "name": "Hot English Mustard",
    "imageUrl": "https://shop.coles.com.au/wcsstore/Coles-CAS/images/3/7/6/3762924-th.jpg",
    "categories": ["pantry"],
    "tags": ["condiments", "mustard"],
    "locations": {
      "vic": {
        "price": 2,
        "promoText": " ",
        "packageSize": "200 GRAM",
        "packagePrice": ""
      }
    }
  },
  {
    "id": "coles-dijon-and-ber-mustard",
    "brand": "Coles",
    "name": "Beer Flavoured Dijon Mustard",
    "imageUrl": "https://shop.coles.com.au/wcsstore/Coles-CAS/images/3/7/6/3762902-th.jpg",
    "categories": ["pantry"],
    "tags": ["condiments", "mustard"],
    "locations": {
      "vic": {
        "price": 2,
        "promoText": " ",
        "packageSize": "200 GRAM",
        "packagePrice": ""
      }
    }
  },
  {
    "id": "masterfoods-mustard-dijonnaise-squeeze-pack",
    "brand": "MasterFoods",
    "name": "Dijonnaise Mustard Smooth & Creamy",
    "imageUrl": "https://shop.coles.com.au/wcsstore/Coles-CAS/images/7/1/2/7127429-th.jpg",
    "categories": ["pantry"],
    "tags": ["condiments", "mustard"],
    "locations": {
      "vic": {
        "price": 3.5,
        "promoText": " ",
        "packageSize": "250g",
        "packagePrice": "$1.40 per 100G"
      }
    }
  },
  {
    "id": "masterfoods-mustard-french",
    "brand": "MasterFoods",
    "name": "French Mustard",
    "imageUrl": "https://shop.coles.com.au/wcsstore/Coles-CAS/images/5/4/3/5434959-th.jpg",
    "categories": ["pantry"],
    "tags": ["condiments", "mustard"],
    "locations": {
      "vic": {
        "price": 2.5,
        "promoText": "$0.30 ",
        "packageSize": "175g",
        "packagePrice": "$1.43 per 100G"
      }
    }
  },
  {
    "id": "masterfoods-texan-smokey-mustard",
    "brand": "MasterFoods",
    "name": "Texan Smokey Style Mustard Sauce",
    "imageUrl": "https://shop.coles.com.au/wcsstore/Coles-CAS/images/3/5/0/3501669-th.jpg",
    "categories": ["pantry"],
    "tags": ["condiments", "mustard"],
    "locations": {
      "vic": {
        "price": 3.5,
        "promoText": " ",
        "packageSize": "280g",
        "packagePrice": "$1.25 per 100G"
      }
    }
  },
  {
    "id": "masterfoods-new-york-flame-grill-mustard",
    "brand": "MasterFoods",
    "name": "New York Flame Grill Style Mustard Sauce",
    "imageUrl": "https://shop.coles.com.au/wcsstore/Coles-CAS/images/3/5/0/3501647-th.jpg",
    "categories": ["pantry"],
    "tags": ["condiments", "mustard"],
    "locations": {
      "vic": {
        "price": 3.5,
        "promoText": " ",
        "packageSize": "270g",
        "packagePrice": "$1.30 per 100G"
      }
    }
  },
  {
    "id": "coles-mums-sause-bolognese",
    "brand": "Coles",
    "name": "Bolognese Mum's Sause",
    "imageUrl": "https://shop.coles.com.au/wcsstore/Coles-CAS/images/3/5/0/3508680-th.jpg",
    "categories": ["pantry"],
    "tags": ["sauces", "pizza-pasta"],
    "locations": {
      "vic": {
        "price": 3,
        "promoText": " ",
        "packageSize": "500g",
        "packagePrice": "$0.60 per 100G"
      }
    }
  },
  {
    "id": "dolmio-extra-pasta-sauce-bolognese",
    "brand": "Dolmio",
    "name": "Extra Bolognese Pasta Sauce",
    "imageUrl": "https://shop.coles.com.au/wcsstore/Coles-CAS/images/1/2/7/1274373-th.jpg",
    "categories": ["pantry"],
    "tags": ["sauces", "pizza-pasta"],
    "locations": {
      "vic": {
        "price": 3.29,
        "promoText": " ",
        "packageSize": "500g",
        "packagePrice": "$0.66 per 100G"
      }
    }
  },
  {
    "id": "dolmio-pasta-sauce-basil",
    "brand": "Dolmio",
    "name": "Classic Basil Pasta Sauce",
    "imageUrl": "https://shop.coles.com.au/wcsstore/Coles-CAS/images/1/2/6/1268155-th.jpg",
    "categories": ["pantry"],
    "tags": ["sauces", "pizza-pasta"],
    "locations": {
      "vic": {
        "price": 2,
        "promoText": " ",
        "packageSize": "500g",
        "packagePrice": "$0.40 per 100G"
      }
    }
  },
  {
    "id": "dolmio-extra-pasta-sauce-tomato-onion-garlic",
    "brand": "Dolmio",
    "name": "Extra Tomato, Onion & Roast Garlic Pasta Sauce",
    "imageUrl": "https://shop.coles.com.au/wcsstore/Coles-CAS/images/1/2/7/1274464-th.jpg",
    "categories": ["pantry"],
    "tags": ["sauces", "pizza-pasta"],
    "locations": {
      "vic": {
        "price": 3.29,
        "promoText": " ",
        "packageSize": "500g",
        "packagePrice": "$0.66 per 100G"
      }
    }
  },
  {
    "id": "barilla-sauce-with-basil",
    "brand": "Barilla",
    "name": "Pasta Sauce with Basil",
    "imageUrl": "https://shop.coles.com.au/wcsstore/Coles-CAS/images/7/7/4/7746056-th.jpg",
    "categories": ["pantry"],
    "tags": ["sauces", "pizza-pasta"],
    "locations": {
      "vic": {
        "price": 3.75,
        "promoText": " ",
        "packageSize": "400g",
        "packagePrice": "$0.94 per 100G"
      }
    }
  },
  {
    "id": "barilla-pasta-sauce-napolitana",
    "brand": "Barilla",
    "name": "Napolitana Pasta Sauce",
    "imageUrl": "https://shop.coles.com.au/wcsstore/Coles-CAS/images/8/9/5/8951630-th.jpg",
    "categories": ["pantry"],
    "tags": ["sauces", "pizza-pasta"],
    "locations": {
      "vic": {
        "price": 3.75,
        "promoText": " ",
        "packageSize": "400g",
        "packagePrice": "$0.94 per 100G"
      }
    }
  },
  {
    "id": "barilla-sauce-bolognese",
    "brand": "Barilla",
    "name": "Bolognese Pasta Sauce",
    "imageUrl": "https://shop.coles.com.au/wcsstore/Coles-CAS/images/1/5/6/1564351-th.jpg",
    "categories": ["pantry"],
    "tags": ["sauces", "pizza-pasta"],
    "locations": {
      "vic": {
        "price": 3.75,
        "promoText": " ",
        "packageSize": "400g",
        "packagePrice": "$0.94 per 100G"
      }
    }
  },
  {
    "id": "val-verde-cooking-sauce-passata",
    "brand": "Val Verde",
    "name": "Passata Cooking Sauce",
    "imageUrl": "https://shop.coles.com.au/wcsstore/Coles-CAS/images/6/0/0/6008796-th.jpg",
    "categories": ["pantry"],
    "tags": ["sauces", "pizza-pasta"],
    "locations": {
      "vic": {
        "price": 2,
        "promoText": "Was $2.75 on Apr 2018 ",
        "packageSize": "700mL",
        "packagePrice": "$0.29 per 100mL"
      }
    }
  },
  {
    "id": "coles-brand-sauce-italian-passata-tomato-puree",
    "brand": "Coles",
    "name": "Italian Passata Sauce",
    "imageUrl": "https://shop.coles.com.au/wcsstore/Coles-CAS/images/5/4/1/5419718-th.jpg",
    "categories": ["pantry"],
    "tags": ["sauces", "pizza-pasta"],
    "locations": {
      "vic": {
        "price": 1.55,
        "promoText": " ",
        "packageSize": "690g",
        "packagePrice": "$0.22 per 100G"
      }
    }
  },
  {
    "id": "leggos-tomato-paste-25180p",
    "brand": "Leggo's",
    "name": "Tomato Paste 2 Pack",
    "imageUrl": "https://shop.coles.com.au/wcsstore/Coles-CAS/images/2/5/1/25180-th.jpg",
    "categories": ["pantry"],
    "tags": ["sauces", "pizza-pasta"],
    "locations": {
      "vic": {
        "price": 2.8,
        "promoText": " ",
        "packageSize": "280g",
        "packagePrice": "$1.00 per 100G"
      }
    }
  },
  {
    "id": "leggos-pizza-sauce-squeezy",
    "brand": "Leggo's",
    "name": "Pizza Squeezy Sauce",
    "imageUrl": "https://shop.coles.com.au/wcsstore/Coles-CAS/images/5/6/9/5699443-th.jpg",
    "categories": ["pantry"],
    "tags": ["sauces", "pizza-pasta"],
    "locations": {
      "vic": {
        "price": 3.6,
        "promoText": " ",
        "packageSize": "400g",
        "packagePrice": "$0.90 per 100G"
      }
    }
  },
  {
    "id": "coles-pesto-basil",
    "brand": "Coles",
    "name": "Basil Pesto",
    "imageUrl": "https://shop.coles.com.au/wcsstore/Coles-CAS/images/5/4/1/5419660-th.jpg",
    "categories": ["pantry"],
    "tags": ["sauces", "pizza-pasta"],
    "locations": {
      "vic": {
        "price": 1.95,
        "promoText": " ",
        "packageSize": "190g",
        "packagePrice": "$1.03 per 100G"
      }
    }
  },
  {
    "id": "leggos-tomato-paste-no-added-salt-4300786p",
    "brand": "Leggo's",
    "name": "Tomato Paste No Added Salt 4 pack",
    "imageUrl": "https://shop.coles.com.au/wcsstore/Coles-CAS/images/4/3/0/4300786-th.jpg",
    "categories": ["pantry"],
    "tags": ["sauces", "pizza-pasta"],
    "locations": {
      "vic": {
        "price": 2,
        "promoText": " ",
        "packageSize": "50g",
        "packagePrice": "$1.00 per 100G"
      }
    }
  },
  {
    "id": "mutti-tomato-passata",
    "brand": "Mutti",
    "name": "Tomato Passata",
    "imageUrl": "https://shop.coles.com.au/wcsstore/Coles-CAS/images/1/8/0/1809266-th.jpg",
    "categories": ["pantry"],
    "tags": ["sauces", "pizza-pasta"],
    "locations": {
      "vic": {
        "price": 3.5,
        "promoText": " ",
        "packageSize": "700g",
        "packagePrice": "$0.50 per 100G"
      }
    }
  },
  {
    "id": "leggos-tomato-paste-sachet",
    "brand": "Leggo's",
    "name": "Tomato Paste Sachet 4 Pack",
    "imageUrl": "https://shop.coles.com.au/wcsstore/Coles-CAS/images/4/3/0/4300356-th.jpg",
    "categories": ["pantry"],
    "tags": ["sauces", "pizza-pasta"],
    "locations": {
      "vic": {
        "price": 2,
        "promoText": " ",
        "packageSize": "50g",
        "packagePrice": "$1.00 per 100G"
      }
    }
  },
  {
    "id": "barilla-pesto-sauce-genovese",
    "brand": "Barilla",
    "name": "Genovese Pesto",
    "imageUrl": "https://shop.coles.com.au/wcsstore/Coles-CAS/images/8/3/9/8397098-th.jpg",
    "categories": ["pantry"],
    "tags": ["sauces", "pizza-pasta"],
    "locations": {
      "vic": {
        "price": 4,
        "promoText": " ",
        "packageSize": "190g",
        "packagePrice": "$2.11 per 100G"
      }
    }
  },
  {
    "id": "leggos-tomato-paste-squeezy",
    "brand": "Leggo's",
    "name": "Tomato Squeezy Paste",
    "imageUrl": "https://shop.coles.com.au/wcsstore/Coles-CAS/images/5/6/9/5699410-th.jpg",
    "categories": ["pantry"],
    "tags": ["sauces", "pizza-pasta"],
    "locations": {
      "vic": {
        "price": 3.6,
        "promoText": " ",
        "packageSize": "400g",
        "packagePrice": "$0.90 per 100G"
      }
    }
  },
  {
    "id": "leggos-tomato-paste-200156p",
    "brand": "Leggo's",
    "name": "Tomato Paste",
    "imageUrl": "https://shop.coles.com.au/wcsstore/Coles-CAS/images/2/0/0/200156-th.jpg",
    "categories": ["pantry"],
    "tags": ["sauces", "pizza-pasta"],
    "locations": {
      "vic": {
        "price": 3.7,
        "promoText": " ",
        "packageSize": "500g",
        "packagePrice": "$0.74 per 100G"
      }
    }
  },
  {
    "id": "mutti-tomato-passata-2349503p",
    "brand": "Mutti",
    "name": "Tomato Passata",
    "imageUrl": "https://shop.coles.com.au/wcsstore/Coles-CAS/images/2/3/4/2349503-th.jpg",
    "categories": ["pantry"],
    "tags": ["sauces", "pizza-pasta"],
    "locations": {
      "vic": {
        "price": 2,
        "promoText": "$0.50 ",
        "packageSize": "400g",
        "packagePrice": "$0.50 per 100G"
      }
    }
  },
  {
    "id": "coles-pasta-sauce-basil",
    "brand": "Coles",
    "name": "Passata Tomato & Basil",
    "imageUrl": "https://shop.coles.com.au/wcsstore/Coles-CAS/images/7/8/9/7895566-th.jpg",
    "categories": ["pantry"],
    "tags": ["sauces", "pizza-pasta"],
    "locations": {
      "vic": {
        "price": 1.95,
        "promoText": " ",
        "packageSize": "700g",
        "packagePrice": "$0.28 per 100G"
      }
    }
  },
  {
    "id": "coles-paste-tomato-italian",
    "brand": "Coles",
    "name": "Italian Tomato Paste",
    "imageUrl": "https://shop.coles.com.au/wcsstore/Coles-CAS/images/8/7/4/8745310-th.jpg",
    "categories": ["pantry"],
    "tags": ["sauces", "pizza-pasta"],
    "locations": {
      "vic": {
        "price": 0.9,
        "promoText": " ",
        "packageSize": "140g",
        "packagePrice": "$0.64 per 100G"
      }
    }
  },
  {
    "id": "leggos-bolognese-with-chunky-tomato-garlic-herbs-pasta-sauce",
    "brand": "Leggo's",
    "name": "Bolognese with Chunky Tomato Garlic & Herbs Pasta Sauce",
    "imageUrl": "https://shop.coles.com.au/wcsstore/Coles-CAS/images/2/6/8/2683924-th.jpg",
    "categories": ["pantry"],
    "tags": ["sauces", "pizza-pasta"],
    "locations": {
      "vic": {
        "price": 3,
        "promoText": " ",
        "packageSize": "500g",
        "packagePrice": "$0.60 per 100G"
      }
    }
  },
  {
    "id": "barilla-pasta-sauce-arrabbiata-chilli-pepper",
    "brand": "Barilla",
    "name": "Arrabbiata Chilli Pepper Pasta Sauce",
    "imageUrl": "https://shop.coles.com.au/wcsstore/Coles-CAS/images/7/7/4/7746034-th.jpg",
    "categories": ["pantry"],
    "tags": ["sauces", "pizza-pasta"],
    "locations": {
      "vic": {
        "price": 3.75,
        "promoText": " ",
        "packageSize": "400g",
        "packagePrice": "$0.94 per 100G"
      }
    }
  },
  {
    "id": "dolmio-extra-pasta-sauce-garden-vegetables",
    "brand": "Dolmio",
    "name": "Extra Garden Vegetables Pasta Sauce",
    "imageUrl": "https://shop.coles.com.au/wcsstore/Coles-CAS/images/1/2/7/1274410-th.jpg",
    "categories": ["pantry"],
    "tags": ["sauces", "pizza-pasta"],
    "locations": {
      "vic": {
        "price": 3.29,
        "promoText": " ",
        "packageSize": "500g",
        "packagePrice": "$0.66 per 100G"
      }
    }
  },
  {
    "id": "mutti-pesto-style-red-stir-throuh-sauce",
    "brand": "Mutti",
    "name": "Pesto Style Stir Through Sauce Red Tomato",
    "imageUrl": "https://shop.coles.com.au/wcsstore/Coles-CAS/images/3/5/9/3591297-th.jpg",
    "categories": ["pantry"],
    "tags": ["sauces", "pizza-pasta"],
    "locations": {
      "vic": {
        "price": 2.5,
        "promoText": "$2.50 ",
        "packageSize": "280g",
        "packagePrice": "$0.89 per 100G"
      }
    }
  },
  {
    "id": "raguletto-pasta-sauce-napolitana",
    "brand": "Raguletto",
    "name": "Napolitana Pasta Sauce",
    "imageUrl": "https://shop.coles.com.au/wcsstore/Coles-CAS/images/4/7/2/47230-th.jpg",
    "categories": ["pantry"],
    "tags": ["sauces", "pizza-pasta"],
    "locations": {
      "vic": {
        "price": 1.7,
        "promoText": " ",
        "packageSize": "500g",
        "packagePrice": "$0.34 per 100G"
      }
    }
  },
  {
    "id": "coles-smart-buy-paste-tomato-5885594p",
    "brand": "Coles",
    "name": "Tomato Paste",
    "imageUrl": "https://shop.coles.com.au/wcsstore/Coles-CAS/images/5/8/8/5885594-th.jpg",
    "categories": ["pantry"],
    "tags": ["sauces", "pizza-pasta"],
    "locations": {
      "vic": {
        "price": 0.8,
        "promoText": " ",
        "packageSize": "170g",
        "packagePrice": "$0.47 per 100G"
      }
    }
  },
  {
    "id": "leggos-pesto-traditional-basil",
    "brand": "Leggo's",
    "name": "Traditional Basil Pesto",
    "imageUrl": "https://shop.coles.com.au/wcsstore/Coles-CAS/images/5/5/5/5558623-th.jpg",
    "categories": ["pantry"],
    "tags": ["sauces", "pizza-pasta"],
    "locations": {
      "vic": {
        "price": 4.6,
        "promoText": " ",
        "packageSize": "190g",
        "packagePrice": "$2.42 per 100G"
      }
    }
  },
  {
    "id": "leggos-tomato-paste-no-added-salt-5166179p",
    "brand": "Leggo's",
    "name": "Tomato Paste No Added Salt 2 pack",
    "imageUrl": "https://shop.coles.com.au/wcsstore/Coles-CAS/images/5/1/6/5166179-th.jpg",
    "categories": ["pantry"],
    "tags": ["sauces", "pizza-pasta"],
    "locations": {
      "vic": {
        "price": 2.8,
        "promoText": " ",
        "packageSize": "140g",
        "packagePrice": "$1.00 per 100G"
      }
    }
  },
  {
    "id": "sacla-pesto-classic",
    "brand": "Sacla",
    "name": "Genovese Sauce Classic Pesto",
    "imageUrl": "https://shop.coles.com.au/wcsstore/Coles-CAS/images/4/4/8/448082-th.jpg",
    "categories": ["pantry"],
    "tags": ["sauces", "pizza-pasta"],
    "locations": {
      "vic": {
        "price": 4.9,
        "promoText": " ",
        "packageSize": "190g",
        "packagePrice": "$2.58 per 100G"
      }
    }
  },
  {
    "id": "dolmio-extra-pasta-sauce-red-wine-italian-herb",
    "brand": "Dolmio",
    "name": "Extra Red Wine & Italian Herbs Pasta Sauce",
    "imageUrl": "https://shop.coles.com.au/wcsstore/Coles-CAS/images/1/2/7/1274442-th.jpg",
    "categories": ["pantry"],
    "tags": ["sauces", "pizza-pasta"],
    "locations": {
      "vic": {
        "price": 3.29,
        "promoText": " ",
        "packageSize": "500g",
        "packagePrice": "$0.66 per 100G"
      }
    }
  },
  {
    "id": "barilla-sauce-red-wine-garlic",
    "brand": "Barilla",
    "name": "Sauce Red Wine Garlic",
    "imageUrl": "https://shop.coles.com.au/wcsstore/Coles-CAS/images/2/7/6/2768233-th.jpg",
    "categories": ["pantry"],
    "tags": ["sauces", "pizza-pasta"],
    "locations": {
      "vic": {
        "price": 3.75,
        "promoText": " ",
        "packageSize": "400g",
        "packagePrice": "$0.94 per 100G"
      }
    }
  },
  {
    "id": "coles-organic-tomato-passata",
    "brand": "Coles",
    "name": "Organic Tomato Passata",
    "imageUrl": "https://shop.coles.com.au/wcsstore/Coles-CAS/images/3/6/6/3664812-th.jpg",
    "categories": ["pantry"],
    "tags": ["sauces", "pizza-pasta"],
    "locations": {
      "vic": {
        "price": 2.2,
        "promoText": " ",
        "packageSize": "700g",
        "packagePrice": "$0.31 per 100G"
      }
    }
  },
  {
    "id": "dolmio-pasta-sauce-classic-tomato-1268144p",
    "brand": "Dolmio",
    "name": "Classic Tomato Pasta Sauce",
    "imageUrl": "https://shop.coles.com.au/wcsstore/Coles-CAS/images/1/2/6/1268144-th.jpg",
    "categories": ["pantry"],
    "tags": ["sauces", "pizza-pasta"],
    "locations": {
      "vic": {
        "price": 2,
        "promoText": " ",
        "packageSize": "500g",
        "packagePrice": "$0.40 per 100G"
      }
    }
  },
  {
    "id": "coles-pesto-sundried-tomato",
    "brand": "Coles",
    "name": "Tomato Pesto",
    "imageUrl": "https://shop.coles.com.au/wcsstore/Coles-CAS/images/5/4/1/5419707-th.jpg",
    "categories": ["pantry"],
    "tags": ["sauces", "pizza-pasta"],
    "locations": {
      "vic": {
        "price": 1.95,
        "promoText": " ",
        "packageSize": "190g",
        "packagePrice": "$1.03 per 100G"
      }
    }
  },
  {
    "id": "leggos-stir-through--sauce-tomato--olive-chilli",
    "brand": "Leggo's",
    "name": "Stir Through Tomato Olive & Chilli Pasta Sauce",
    "imageUrl": "https://shop.coles.com.au/wcsstore/Coles-CAS/images/7/3/1/7312012-th.jpg",
    "categories": ["pantry"],
    "tags": ["sauces", "pizza-pasta"],
    "locations": {
      "vic": {
        "price": 4,
        "promoText": " ",
        "packageSize": "350g",
        "packagePrice": "$1.14 per 100G"
      }
    }
  },
  {
    "id": "leggos-tomato-paste-pizza",
    "brand": "Leggo's",
    "name": "Pizza Tomato Paste 2 Pack",
    "imageUrl": "https://shop.coles.com.au/wcsstore/Coles-CAS/images/5/2/3/5231690-th.jpg",
    "categories": ["pantry"],
    "tags": ["sauces", "pizza-pasta"],
    "locations": {
      "vic": {
        "price": 2.8,
        "promoText": " ",
        "packageSize": "140g",
        "packagePrice": "$1.00 per 100G"
      }
    }
  },
  {
    "id": "mutti-tomato-passata-with-basil",
    "brand": "Mutti",
    "name": "Tomato Passata with Basil",
    "imageUrl": "https://shop.coles.com.au/wcsstore/Coles-CAS/images/1/8/0/1809277-th.jpg",
    "categories": ["pantry"],
    "tags": ["sauces", "pizza-pasta"],
    "locations": {
      "vic": {
        "price": 3.5,
        "promoText": " ",
        "packageSize": "700g",
        "packagePrice": "$0.50 per 100G"
      }
    }
  },
  {
    "id": "toscano-sugo-pasta-sauce-cherry-tomato",
    "brand": "Toscano",
    "name": "Cherry Tomato Sugo Pasta Sauce",
    "imageUrl": "https://shop.coles.com.au/wcsstore/Coles-CAS/images/3/6/2/3628535-th.jpg",
    "categories": ["pantry"],
    "tags": ["sauces", "pizza-pasta"],
    "locations": {
      "vic": {
        "price": 3.2,
        "promoText": "$0.80 ",
        "packageSize": "330g",
        "packagePrice": "$0.97 per 100G"
      }
    }
  },
  {
    "id": "val-verde-passata-rustica",
    "brand": "Val Verde",
    "name": "Rustica Passata",
    "imageUrl": "https://shop.coles.com.au/wcsstore/Coles-CAS/images/3/6/2/3626289-th.jpg",
    "categories": ["pantry"],
    "tags": ["sauces", "pizza-pasta"],
    "locations": {
      "vic": {
        "price": 2.8,
        "promoText": " ",
        "packageSize": "680g",
        "packagePrice": "$0.41 per 100G"
      }
    }
  },
  {
    "id": "dolmio-pasta-sauce-chunky-tomato-onion-garlic-53583p",
    "brand": "Dolmio",
    "name": "Extra Chunky Tomato, Onion & Roast Garlic Pasta Sauce",
    "imageUrl": "https://shop.coles.com.au/wcsstore/Coles-CAS/images/5/3/5/53583-th.jpg",
    "categories": ["pantry"],
    "tags": ["sauces", "pizza-pasta"],
    "locations": {
      "vic": {
        "price": 3.75,
        "promoText": "Was $4.50 on Jun 2019 ",
        "packageSize": "785g",
        "packagePrice": "$0.48 per 100G"
      }
    }
  },
  {
    "id": "dolmio-pasta-sauce-carbonara-1274497p",
    "brand": "Dolmio",
    "name": "Carbonara Pasta Sauce",
    "imageUrl": "https://shop.coles.com.au/wcsstore/Coles-CAS/images/1/2/7/1274497-th.jpg",
    "categories": ["pantry"],
    "tags": ["sauces", "pizza-pasta"],
    "locations": {
      "vic": {
        "price": 3.29,
        "promoText": " ",
        "packageSize": "490g",
        "packagePrice": "$0.67 per 100G"
      }
    }
  },
  {
    "id": "leggos-stir-through--sauce-char-grilled-vegetables",
    "brand": "Leggo's",
    "name": "Roasted Vegetables Stir Through Sauce",
    "imageUrl": "https://shop.coles.com.au/wcsstore/Coles-CAS/images/7/3/1/7311982-th.jpg",
    "categories": ["pantry"],
    "tags": ["sauces", "pizza-pasta"],
    "locations": {
      "vic": {
        "price": 4,
        "promoText": " ",
        "packageSize": "350g",
        "packagePrice": "$1.14 per 100G"
      }
    }
  },
  {
    "id": "leggos-sugo-di-pomodoro-premium-sauce-italian-herbs-with-basil",
    "brand": "Leggo's",
    "name": "Passata Italian Herbs",
    "imageUrl": "https://shop.coles.com.au/wcsstore/Coles-CAS/images/5/2/7/5275072-th.jpg",
    "categories": ["pantry"],
    "tags": ["sauces", "pizza-pasta"],
    "locations": {
      "vic": {
        "price": 2.95,
        "promoText": " ",
        "packageSize": "700g",
        "packagePrice": "$0.42 per 100G"
      }
    }
  },
  {
    "id": "sacla-pasta-sauce-cherry-tomato-basil",
    "brand": "Sacla",
    "name": "Cherry Tomato & Basil Pasta Sauce",
    "imageUrl": "https://shop.coles.com.au/wcsstore/Coles-CAS/images/5/1/0/5106280-th.jpg",
    "categories": ["pantry"],
    "tags": ["sauces", "pizza-pasta"],
    "locations": {
      "vic": {
        "price": 4.4,
        "promoText": " ",
        "packageSize": "420g",
        "packagePrice": "$1.05 per 100G"
      }
    }
  },
  {
    "id": "dolmio-pasta-sauce-creamy-mushroom-1274486p",
    "brand": "Dolmio",
    "name": "Creamy Mushroom Pasta Sauce",
    "imageUrl": "https://shop.coles.com.au/wcsstore/Coles-CAS/images/1/2/7/1274486-th.jpg",
    "categories": ["pantry"],
    "tags": ["sauces", "pizza-pasta"],
    "locations": {
      "vic": {
        "price": 3.29,
        "promoText": " ",
        "packageSize": "490g",
        "packagePrice": "$0.67 per 100G"
      }
    }
  },
  {
    "id": "dolmio-extra-pasta-sauce-italian-herb",
    "brand": "Dolmio",
    "name": "Extra Italian Herb Pasta Sauce",
    "imageUrl": "https://shop.coles.com.au/wcsstore/Coles-CAS/images/1/2/7/1274420-th.jpg",
    "categories": ["pantry"],
    "tags": ["sauces", "pizza-pasta"],
    "locations": {
      "vic": {
        "price": 3.29,
        "promoText": " ",
        "packageSize": "500g",
        "packagePrice": "$0.66 per 100G"
      }
    }
  },
  {
    "id": "dolmio-extra-pasta-sauce-spicy-peppers",
    "brand": "Dolmio",
    "name": "Extra Spicy Pepper Pasta Sauce",
    "imageUrl": "https://shop.coles.com.au/wcsstore/Coles-CAS/images/1/2/7/1274453-th.jpg",
    "categories": ["pantry"],
    "tags": ["sauces", "pizza-pasta"],
    "locations": {
      "vic": {
        "price": 3.29,
        "promoText": " ",
        "packageSize": "500g",
        "packagePrice": "$0.66 per 100G"
      }
    }
  },
  {
    "id": "dolmio-pasta-bake-creamy-tomato-mozzarella-1274588p",
    "brand": "Dolmio",
    "name": "Creamy Tomato & Mozzarella Sauce For Pasta Bake",
    "imageUrl": "https://shop.coles.com.au/wcsstore/Coles-CAS/images/1/2/7/1274588-th.jpg",
    "categories": ["pantry"],
    "tags": ["sauces", "pizza-pasta"],
    "locations": {
      "vic": {
        "price": 3,
        "promoText": "Was $3.79 on Jul 2018 ",
        "packageSize": "495g",
        "packagePrice": "$0.61 per 100G"
      }
    }
  },
  {
    "id": "dolmio-lasagne-pasta-sauce-bechamel",
    "brand": "Dolmio",
    "name": "Lasagne Bechamel Sauce",
    "imageUrl": "https://shop.coles.com.au/wcsstore/Coles-CAS/images/1/2/7/1274646-th.jpg",
    "categories": ["pantry"],
    "tags": ["sauces", "pizza-pasta"],
    "locations": {
      "vic": {
        "price": 3,
        "promoText": "Was $3.79 on Jul 2018 ",
        "packageSize": "490g",
        "packagePrice": "$0.61 per 100G"
      }
    }
  },
  {
    "id": "leggos-pesto-sundried-tomato",
    "brand": "Leggo's",
    "name": "Sundried Tomato Pesto",
    "imageUrl": "https://shop.coles.com.au/wcsstore/Coles-CAS/images/5/5/5/5558689-th.jpg",
    "categories": ["pantry"],
    "tags": ["sauces", "pizza-pasta"],
    "locations": {
      "vic": {
        "price": 4.6,
        "promoText": " ",
        "packageSize": "190g",
        "packagePrice": "$2.42 per 100G"
      }
    }
  },
  {
    "id": "leggos-tomato-puree",
    "brand": "Leggo's",
    "name": "Tomato Puree",
    "imageUrl": "https://shop.coles.com.au/wcsstore/Coles-CAS/images/1/2/6/126235-th.jpg",
    "categories": ["pantry"],
    "tags": ["sauces", "pizza-pasta"],
    "locations": {
      "vic": {
        "price": 1.7,
        "promoText": " ",
        "packageSize": "410g",
        "packagePrice": "$0.41 per 100G"
      }
    }
  },
  {
    "id": "mutti-pesto-style-green-stir-throuh-sauce",
    "brand": "Mutti",
    "name": "Green Tomato Pesto Style Stir Through Sauce",
    "imageUrl": "https://shop.coles.com.au/wcsstore/Coles-CAS/images/3/5/9/3591322-th.jpg",
    "categories": ["pantry"],
    "tags": ["sauces", "pizza-pasta"],
    "locations": {
      "vic": {
        "price": 2.5,
        "promoText": "$2.50 ",
        "packageSize": "280g",
        "packagePrice": "$0.89 per 100G"
      }
    }
  },
  {
    "id": "leggos-stir-through--sauce-sundried-tomato-roasted-garlic",
    "brand": "Leggo's",
    "name": "Stir Through Sundried Tomato & Roasted Garlic Pasta Sauce",
    "imageUrl": "https://shop.coles.com.au/wcsstore/Coles-CAS/images/7/3/1/7311916-th.jpg",
    "categories": ["pantry"],
    "tags": ["sauces", "pizza-pasta"],
    "locations": {
      "vic": {
        "price": 4,
        "promoText": " ",
        "packageSize": "350g",
        "packagePrice": "$1.14 per 100G"
      }
    }
  },
  {
    "id": "leggos-creamy-tomato-mozarella-pasta-bake-sauce",
    "brand": "Leggo's",
    "name": "Creamy Tomato & Mozarella Pasta Bake Sauce",
    "imageUrl": "https://shop.coles.com.au/wcsstore/Coles-CAS/images/2/6/8/2683844-th.jpg",
    "categories": ["pantry"],
    "tags": ["sauces", "pizza-pasta"],
    "locations": {
      "vic": {
        "price": 3.75,
        "promoText": " ",
        "packageSize": "500g",
        "packagePrice": "$0.75 per 100G"
      }
    }
  },
  {
    "id": "toscano-sugo-pasta-sauce-cherry-tomato-redchilli",
    "brand": "Toscano",
    "name": "Cherry Tomato & Red chilli Sugo Pasta Sauce",
    "imageUrl": "https://shop.coles.com.au/wcsstore/Coles-CAS/images/3/6/2/3628557-th.jpg",
    "categories": ["pantry"],
    "tags": ["sauces", "pizza-pasta"],
    "locations": {
      "vic": {
        "price": 3.2,
        "promoText": "$0.80 ",
        "packageSize": "330g",
        "packagePrice": "$0.97 per 100G"
      }
    }
  },
  {
    "id": "campbells-pasta-sauce-beef-bolognese-original-recipe",
    "brand": "Campbell's",
    "name": "Beef Spaghetti Bolognese Original Recipe Pasta Sauce",
    "imageUrl": "https://shop.coles.com.au/wcsstore/Coles-CAS/images/1/2/6/126100-th.jpg",
    "categories": ["pantry"],
    "tags": ["sauces", "pizza-pasta"],
    "locations": {
      "vic": {
        "price": 2.8,
        "promoText": " ",
        "packageSize": "410g",
        "packagePrice": "$0.68 per 100G"
      }
    }
  },
  {
    "id": "dolmio-pasta-bake-tuna",
    "brand": "Dolmio",
    "name": "Tuna Bake Pasta Sauce",
    "imageUrl": "https://shop.coles.com.au/wcsstore/Coles-CAS/images/1/2/7/1274566-th.jpg",
    "categories": ["pantry"],
    "tags": ["sauces", "pizza-pasta"],
    "locations": {
      "vic": {
        "price": 3,
        "promoText": "Was $3.79 on Jul 2018 ",
        "packageSize": "495g",
        "packagePrice": "$0.61 per 100G"
      }
    }
  },
  {
    "id": "leggos-tomato-paste-no-added-salt",
    "brand": "Leggo's",
    "name": "Tomato Paste No Added Salt",
    "imageUrl": "https://shop.coles.com.au/wcsstore/Coles-CAS/images/6/2/7/6272036-th.jpg",
    "categories": ["pantry"],
    "tags": ["sauces", "pizza-pasta"],
    "locations": {
      "vic": {
        "price": 3.7,
        "promoText": " ",
        "packageSize": "500g",
        "packagePrice": "$0.74 per 100G"
      }
    }
  },
  {
    "id": "leggos-bolognese-with-bacon-chunky-tomato-herbs-pasta-sauce",
    "brand": "Leggo's",
    "name": "Bolognese with Bacon Chunky Tomato & Herbs Pasta Sauce",
    "imageUrl": "https://shop.coles.com.au/wcsstore/Coles-CAS/images/2/6/8/2683957-th.jpg",
    "categories": ["pantry"],
    "tags": ["sauces", "pizza-pasta"],
    "locations": {
      "vic": {
        "price": 3,
        "promoText": " ",
        "packageSize": "500g",
        "packagePrice": "$0.60 per 100G"
      }
    }
  },
  {
    "id": "leggos-napoletana-with-chunky-tomato-herbs-pasta-sauce",
    "brand": "Leggo's",
    "name": "Napoletana with Chunky Tomato & Herbs Pasta Sauce",
    "imageUrl": "https://shop.coles.com.au/wcsstore/Coles-CAS/images/2/6/8/2683899-th.jpg",
    "categories": ["pantry"],
    "tags": ["sauces", "pizza-pasta"],
    "locations": {
      "vic": {
        "price": 3,
        "promoText": " ",
        "packageSize": "490g",
        "packagePrice": "$0.60 per 100G"
      }
    }
  },
  {
    "id": "leggos-roasted-garlic-with-chunky-tomato-onion-pasta-sauce",
    "brand": "Leggo's",
    "name": "Roasted Garlic with Chunky Tomato & Onion Pasta Sauce",
    "imageUrl": "https://shop.coles.com.au/wcsstore/Coles-CAS/images/2/6/8/2683902-th.jpg",
    "categories": ["pantry"],
    "tags": ["sauces", "pizza-pasta"],
    "locations": {
      "vic": {
        "price": 3,
        "promoText": " ",
        "packageSize": "500g",
        "packagePrice": "$0.60 per 100G"
      }
    }
  },
  {
    "id": "mutti-sugo-pasta-sauce-parmgiano-reg",
    "brand": "Mutti Sugo",
    "name": "Pasta Sauce Parmgiano Reg",
    "imageUrl": "https://shop.coles.com.au/wcsstore/Coles-CAS/images/2/7/6/2768313-th.jpg",
    "categories": ["pantry"],
    "tags": ["sauces", "pizza-pasta"],
    "locations": {
      "vic": {
        "price": 4,
        "promoText": " ",
        "packageSize": "400g",
        "packagePrice": "$1.00 per 100G"
      }
    }
  },
  {
    "id": "sacla-cherry-tomato-parmesan-pasta-sauce",
    "brand": "Sacla",
    "name": "Cherry Tomato & Parmesan Pasta Sauce",
    "imageUrl": "https://shop.coles.com.au/wcsstore/Coles-CAS/images/2/3/4/2348497-th.jpg",
    "categories": ["pantry"],
    "tags": ["sauces", "pizza-pasta"],
    "locations": {
      "vic": {
        "price": 4.4,
        "promoText": " ",
        "packageSize": "420g",
        "packagePrice": "$1.05 per 100G"
      }
    }
  },
  {
    "id": "sacla-bolognese-pasta-sauce",
    "brand": "Sacla",
    "name": "Bolognese Pasta Sauce",
    "imageUrl": "https://shop.coles.com.au/wcsstore/Coles-CAS/images/5/1/0/5106279-th.jpg",
    "categories": ["pantry"],
    "tags": ["sauces", "pizza-pasta"],
    "locations": {
      "vic": {
        "price": 4.4,
        "promoText": " ",
        "packageSize": "420g",
        "packagePrice": "$1.05 per 100G"
      }
    }
  },
  {
    "id": "sacla-basil-pesto-fre-from",
    "brand": "Sacla",
    "name": "Basil Pesto Free From",
    "imageUrl": "https://shop.coles.com.au/wcsstore/Coles-CAS/images/3/5/9/3593339-th.jpg",
    "categories": ["pantry"],
    "tags": ["sauces", "pizza-pasta"],
    "locations": {
      "vic": {
        "price": 4.9,
        "promoText": " ",
        "packageSize": "190g",
        "packagePrice": "$2.58 per 100G"
      }
    }
  },
  {
    "id": "coles-italia-pasta-sauce-pomodoroe-mascarpone",
    "brand": "Coles",
    "name": "Italia Pomodoroe Mascarpone Pasta Sauce",
    "imageUrl": "https://shop.coles.com.au/wcsstore/Coles-CAS/images/3/5/8/3584360-th.jpg",
    "categories": ["pantry"],
    "tags": ["sauces", "pizza-pasta"],
    "locations": {
      "vic": {
        "price": 3,
        "promoText": " ",
        "packageSize": "415g",
        "packagePrice": "$0.72 per 100G"
      }
    }
  },
  {
    "id": "coles-tomato-pure",
    "brand": "Coles",
    "name": "Tomato Puree",
    "imageUrl": "https://shop.coles.com.au/wcsstore/Coles-CAS/images/3/6/6/3664878-th.jpg",
    "categories": ["pantry"],
    "tags": ["sauces", "pizza-pasta"],
    "locations": {
      "vic": {
        "price": 1.5,
        "promoText": " ",
        "packageSize": "410g",
        "packagePrice": "$0.37 per 100G"
      }
    }
  },
  {
    "id": "dolmio-pasta-bake-three-cheese",
    "brand": "Dolmio",
    "name": "Three Cheese Pasta Bake",
    "imageUrl": "https://shop.coles.com.au/wcsstore/Coles-CAS/images/1/2/7/1274613-th.jpg",
    "categories": ["pantry"],
    "tags": ["sauces", "pizza-pasta"],
    "locations": {
      "vic": {
        "price": 3,
        "promoText": "Was $3.79 on Jul 2018 ",
        "packageSize": "490g",
        "packagePrice": "$0.61 per 100G"
      }
    }
  },
  {
    "id": "leggos-tomato-ricotta-spinach-pasta-bake-sauce",
    "brand": "Leggo's",
    "name": "Tomato Ricotta & Spinach Pasta Bake Sauce",
    "imageUrl": "https://shop.coles.com.au/wcsstore/Coles-CAS/images/2/6/8/2683822-th.jpg",
    "categories": ["pantry"],
    "tags": ["sauces", "pizza-pasta"],
    "locations": {
      "vic": {
        "price": 3.75,
        "promoText": " ",
        "packageSize": "500g",
        "packagePrice": "$0.75 per 100G"
      }
    }
  },
  {
    "id": "leggos-creamy-sundried-tomato-garlic-pasta-bake-sauce",
    "brand": "Leggo's",
    "name": "Creamy Sundried Tomato & Garlic Pasta Bake Sauce",
    "imageUrl": "https://shop.coles.com.au/wcsstore/Coles-CAS/images/2/6/8/2683855-th.jpg",
    "categories": ["pantry"],
    "tags": ["sauces", "pizza-pasta"],
    "locations": {
      "vic": {
        "price": 3.75,
        "promoText": " ",
        "packageSize": "500g",
        "packagePrice": "$0.75 per 100G"
      }
    }
  },
  {
    "id": "mutti-pesto-style-orange-stir-throuh-sauce",
    "brand": "Mutti",
    "name": "Pesto Style Stir Through Sauce Orange Tomato",
    "imageUrl": "https://shop.coles.com.au/wcsstore/Coles-CAS/images/3/5/9/3591333-th.jpg",
    "categories": ["pantry"],
    "tags": ["sauces", "pizza-pasta"],
    "locations": {
      "vic": {
        "price": 2.5,
        "promoText": "$2.50 ",
        "packageSize": "280g",
        "packagePrice": "$0.89 per 100G"
      }
    }
  },
  {
    "id": "mutti-sugo-pasta-sauce-basil-onion",
    "brand": "Mutti Sugo",
    "name": "Pasta Sauce Basil Onion",
    "imageUrl": "https://shop.coles.com.au/wcsstore/Coles-CAS/images/2/7/6/2768299-th.jpg",
    "categories": ["pantry"],
    "tags": ["sauces", "pizza-pasta"],
    "locations": {
      "vic": {
        "price": 4,
        "promoText": " ",
        "packageSize": "400g",
        "packagePrice": "$1.00 per 100G"
      }
    }
  },
  {
    "id": "val-verde-passata-cooking-sauce-500g",
    "brand": "Val Verde",
    "name": "Passata Cooking Sauce",
    "imageUrl": "https://shop.coles.com.au/wcsstore/Coles-CAS/images/2/8/6/2862901-th.jpg",
    "categories": ["pantry"],
    "tags": ["sauces", "pizza-pasta"],
    "locations": {
      "vic": {
        "price": 1.5,
        "promoText": "Was $2.00 on Apr 2018 ",
        "packageSize": "500g",
        "packagePrice": "$0.30 per 100G"
      }
    }
  },
  {
    "id": "coles-italia-pasta-sauce-siciliana",
    "brand": "Coles",
    "name": "Italia Siciliana Pasta Sauce",
    "imageUrl": "https://shop.coles.com.au/wcsstore/Coles-CAS/images/3/5/8/3584349-th.jpg",
    "categories": ["pantry"],
    "tags": ["sauces", "pizza-pasta"],
    "locations": {
      "vic": {
        "price": 3,
        "promoText": " ",
        "packageSize": "415g",
        "packagePrice": "$0.72 per 100G"
      }
    }
  },
  {
    "id": "coles-italia-pasta-sauce-arrabbiata",
    "brand": "Coles",
    "name": "Italia Arrabbiata Pasta Sauce",
    "imageUrl": "https://shop.coles.com.au/wcsstore/Coles-CAS/images/3/5/8/3584350-th.jpg",
    "categories": ["pantry"],
    "tags": ["sauces", "pizza-pasta"],
    "locations": {
      "vic": {
        "price": 3,
        "promoText": " ",
        "packageSize": "415g",
        "packagePrice": "$0.72 per 100G"
      }
    }
  },
  {
    "id": "coles-italia-piccante-tomato-chilli-pesto",
    "brand": "Coles",
    "name": "Italia Piccante Tomato & Chilli Pesto",
    "imageUrl": "https://shop.coles.com.au/wcsstore/Coles-CAS/images/3/5/8/3584407-th.jpg",
    "categories": ["pantry"],
    "tags": ["sauces", "pizza-pasta"],
    "locations": {
      "vic": {
        "price": 3.5,
        "promoText": " ",
        "packageSize": "290g",
        "packagePrice": "$1.21 per 100G"
      }
    }
  },
  {
    "id": "coles-organic-bolognese-pasta-sauce",
    "brand": "Coles",
    "name": "Organic Bolognese Pasta Sauce",
    "imageUrl": "https://shop.coles.com.au/wcsstore/Coles-CAS/images/3/6/6/3664834-th.jpg",
    "categories": ["pantry"],
    "tags": ["sauces", "pizza-pasta"],
    "locations": {
      "vic": {
        "price": 2.6,
        "promoText": " ",
        "packageSize": "500g",
        "packagePrice": "$0.52 per 100G"
      }
    }
  },
  {
    "id": "dolmio-pasta-sauce-tomato-onion-roast-garlic",
    "brand": "Dolmio",
    "name": "Extra Tomato, Onion & Roast Garlic Salt Reduced Pasta Sauce",
    "imageUrl": "https://shop.coles.com.au/wcsstore/Coles-CAS/images/1/2/7/1279402-th.jpg",
    "categories": ["pantry"],
    "tags": ["sauces", "pizza-pasta"],
    "locations": {
      "vic": {
        "price": 3.29,
        "promoText": " ",
        "packageSize": "500g",
        "packagePrice": "$0.66 per 100G"
      }
    }
  },
  {
    "id": "dolmio-extra-pasta-sauce-four-cheese",
    "brand": "Dolmio",
    "name": "Extra Four Cheese Pasta Sauce",
    "imageUrl": "https://shop.coles.com.au/wcsstore/Coles-CAS/images/1/2/7/1274384-th.jpg",
    "categories": ["pantry"],
    "tags": ["sauces", "pizza-pasta"],
    "locations": {
      "vic": {
        "price": 3.29,
        "promoText": " ",
        "packageSize": "500g",
        "packagePrice": "$0.66 per 100G"
      }
    }
  },
  {
    "id": "leggos-stir-through--sauce-tomato-bacon",
    "brand": "Leggo's",
    "name": "Stir Through Tomato Roasted Garlic & Caramelised Onion",
    "imageUrl": "https://shop.coles.com.au/wcsstore/Coles-CAS/images/8/9/1/8918372-th.jpg",
    "categories": ["pantry"],
    "tags": ["sauces", "pizza-pasta"],
    "locations": {
      "vic": {
        "price": 4,
        "promoText": " ",
        "packageSize": "350g",
        "packagePrice": "$1.14 per 100G"
      }
    }
  },
  {
    "id": "leggos-thick-chunky-rustic-passata",
    "brand": "Leggo's",
    "name": "Thick & Chunky Rustic Passata Sauce",
    "imageUrl": "https://shop.coles.com.au/wcsstore/Coles-CAS/images/3/6/3/3637682-th.jpg",
    "categories": ["pantry"],
    "tags": ["sauces", "pizza-pasta"],
    "locations": {
      "vic": {
        "price": 2.9,
        "promoText": " ",
        "packageSize": "700g",
        "packagePrice": "$0.41 per 100G"
      }
    }
  },
  {
    "id": "mutti-sugo-pasta-sauce-grill-veg",
    "brand": "Mutti",
    "name": "Grilled Vegetables Sugo Semplice",
    "imageUrl": "https://shop.coles.com.au/wcsstore/Coles-CAS/images/3/1/1/3110821-th.jpg",
    "categories": ["pantry"],
    "tags": ["sauces", "pizza-pasta"],
    "locations": {
      "vic": {
        "price": 4,
        "promoText": " ",
        "packageSize": "400g",
        "packagePrice": "$1.00 per 100G"
      }
    }
  },
  {
    "id": "mutti-organic-passata",
    "brand": "Mutti",
    "name": "Organic Passata",
    "imageUrl": "https://shop.coles.com.au/wcsstore/Coles-CAS/images/3/5/9/3591130-th.jpg",
    "categories": ["pantry"],
    "tags": ["sauces", "pizza-pasta"],
    "locations": {
      "vic": {
        "price": 3.5,
        "promoText": " ",
        "packageSize": "560g",
        "packagePrice": "$0.63 per 100G"
      }
    }
  },
  {
    "id": "sacla-pasta-sauce-tomato-roast-garlic",
    "brand": "Sacla Pasta Sauce",
    "name": "Tomato & Roast Garlic",
    "imageUrl": "https://shop.coles.com.au/wcsstore/Coles-CAS/images/2/8/6/2862923-th.jpg",
    "categories": ["pantry"],
    "tags": ["sauces", "pizza-pasta"],
    "locations": {
      "vic": {
        "price": 4.4,
        "promoText": " ",
        "packageSize": "420g",
        "packagePrice": "$1.05 per 100G"
      }
    }
  },
  {
    "id": "seeds-of-change-pasta-sauce-tomato-garlic",
    "brand": "Seeds Of Change",
    "name": "Organic Tomato & Garlic Pasta Sauce",
    "imageUrl": "https://shop.coles.com.au/wcsstore/Coles-CAS/images/3/6/3/3639666-th.jpg",
    "categories": ["pantry"],
    "tags": ["sauces", "pizza-pasta"],
    "locations": {
      "vic": {
        "price": 4.2,
        "promoText": " ",
        "packageSize": "500g",
        "packagePrice": "$0.84 per 100G"
      }
    }
  },
  {
    "id": "toscano-sugo-pasta-sauce-cherry-tomato-basil",
    "brand": "Toscano",
    "name": "Cherry Tomato & Basil Sugo Pasta Sauce",
    "imageUrl": "https://shop.coles.com.au/wcsstore/Coles-CAS/images/3/6/2/3628546-th.jpg",
    "categories": ["pantry"],
    "tags": ["sauces", "pizza-pasta"],
    "locations": {
      "vic": {
        "price": 3.2,
        "promoText": "$0.80 ",
        "packageSize": "330g",
        "packagePrice": "$0.97 per 100G"
      }
    }
  },
  {
    "id": "campbells-spaghetti-sauce-with-beef",
    "brand": "Campbell's",
    "name": "Spaghetti with Beef Pasta Sauce",
    "imageUrl": "https://shop.coles.com.au/wcsstore/Coles-CAS/images/2/0/2/202049-th.jpg",
    "categories": ["pantry"],
    "tags": ["sauces", "pizza-pasta"],
    "locations": {
      "vic": {
        "price": 4.45,
        "promoText": " ",
        "packageSize": "665g",
        "packagePrice": "$0.67 per 100G"
      }
    }
  },
  {
    "id": "coles-paste-tomato",
    "brand": "Coles",
    "name": "Italian Tomato Paste",
    "imageUrl": "https://shop.coles.com.au/wcsstore/Coles-CAS/images/7/7/1/7718990-th.jpg",
    "categories": ["pantry"],
    "tags": ["sauces", "pizza-pasta"],
    "locations": {
      "vic": {
        "price": 2.6,
        "promoText": " ",
        "packageSize": "500g",
        "packagePrice": "$0.52 per 100G"
      }
    }
  },
  {
    "id": "coles-organic-basil-pasta-sauce",
    "brand": "Coles",
    "name": "Organic Basil Pasta Sauce",
    "imageUrl": "https://shop.coles.com.au/wcsstore/Coles-CAS/images/3/6/6/3664845-th.jpg",
    "categories": ["pantry"],
    "tags": ["sauces", "pizza-pasta"],
    "locations": {
      "vic": {
        "price": 2.6,
        "promoText": " ",
        "packageSize": "500g",
        "packagePrice": "$0.52 per 100G"
      }
    }
  },
  {
    "id": "rodolfi-tomato-passata-bulk",
    "brand": "Rodolfi",
    "name": "Tomato Passata Bulk",
    "imageUrl": "https://shop.coles.com.au/wcsstore/ColesResponsiveStorefrontAssetStore/dist/ccfc54aed6e361b650bcf0582f7b576b/img/img_product-placeholder.png",
    "categories": ["pantry"],
    "tags": ["sauces", "pizza-pasta"],
    "locations": {
      "vic": {
        "price": 8,
        "promoText": " ",
        "packageSize": "4.2kg",
        "packagePrice": "$0.19 per 100G"
      }
    }
  },
  {
    "id": "seeds-of-change-pasta-sauce-classic-bolognese",
    "brand": "Seeds Of Change",
    "name": "Organic Classic Bolognese Pasta Sauce",
    "imageUrl": "https://shop.coles.com.au/wcsstore/Coles-CAS/images/3/6/3/3639655-th.jpg",
    "categories": ["pantry"],
    "tags": ["sauces", "pizza-pasta"],
    "locations": {
      "vic": {
        "price": 4.2,
        "promoText": " ",
        "packageSize": "500g",
        "packagePrice": "$0.84 per 100G"
      }
    }
  },
  {
    "id": "maggi--beef-stroganoff-dry-recipe-base",
    "brand": "Maggi",
    "name": "Dry Recipe Base Beef Stroganoff",
    "imageUrl": "https://shop.coles.com.au/wcsstore/Coles-CAS/images/2/7/2/2724170-th.jpg",
    "categories": ["pantry"],
    "tags": ["sauces", "recipe-meal-bases"],
    "locations": {
      "vic": {
        "price": 1.5,
        "promoText": "Any 2 $2.70",
        "packageSize": "41g",
        "packagePrice": "$3.66 per 100G"
      }
    }
  },
  {
    "id": "maggi-stirfry-creations-honey-soy-garlic-chicken",
    "brand": "Maggi",
    "name": "Stir Fry Creations Honey Soy & Garlic Chicken",
    "imageUrl": "https://shop.coles.com.au/wcsstore/Coles-CAS/images/1/1/5/1155170-th.jpg",
    "categories": ["pantry"],
    "tags": ["sauces", "recipe-meal-bases"],
    "locations": {
      "vic": {
        "price": 3,
        "promoText": " ",
        "packageSize": "150g",
        "packagePrice": "$2.00 per 100G"
      }
    }
  },
  {
    "id": "maggi-recipe-mix-cook-in-the-pot-recipe-mix-devilled-sausages",
    "brand": "Maggi",
    "name": "Dry Recipe Base Devilled Sausages",
    "imageUrl": "https://shop.coles.com.au/wcsstore/Coles-CAS/images/5/5/4/5549702-th.jpg",
    "categories": ["pantry"],
    "tags": ["sauces", "recipe-meal-bases"],
    "locations": {
      "vic": {
        "price": 1.5,
        "promoText": "Any 2 $2.70",
        "packageSize": "37g",
        "packagePrice": "$4.05 per 100G"
      }
    }
  },
  {
    "id": "maggi-stirfry-creations-teriyaki-sesame-chicken",
    "brand": "Maggi",
    "name": "Stir Fry Creations Teriyaki & Sesame Chicken",
    "imageUrl": "https://shop.coles.com.au/wcsstore/Coles-CAS/images/1/1/5/1155181-th.jpg",
    "categories": ["pantry"],
    "tags": ["sauces", "recipe-meal-bases"],
    "locations": {
      "vic": {
        "price": 3,
        "promoText": " ",
        "packageSize": "150g",
        "packagePrice": "$2.00 per 100G"
      }
    }
  },
  {
    "id": "continental-recipe-mix-chow-mein-mince",
    "brand": "Continental",
    "name": "Chow Mein Mince Recipe Base Serves 4",
    "imageUrl": "https://shop.coles.com.au/wcsstore/Coles-CAS/images/9/4/7/9474999-th.jpg",
    "categories": ["pantry"],
    "tags": ["sauces", "recipe-meal-bases"],
    "locations": {
      "vic": {
        "price": 1.6,
        "promoText": "Any 2 $2.90",
        "packageSize": "30g",
        "packagePrice": "$5.33 per 100G"
      }
    }
  },
  {
    "id": "masterfoods-recipe-base-creamy-beef-stroganoff",
    "brand": "MasterFoods",
    "name": "Beef Stroganoff Recipe Base",
    "imageUrl": "https://shop.coles.com.au/wcsstore/Coles-CAS/images/9/4/4/9442620-th.jpg",
    "categories": ["pantry"],
    "tags": ["sauces", "recipe-meal-bases"],
    "locations": {
      "vic": {
        "price": 2.2,
        "promoText": "Any 3 $6",
        "packageSize": "175g",
        "packagePrice": "$1.26 per 100G"
      }
    }
  },
  {
    "id": "kantong-sauce-stir-fry-sweet-sour",
    "brand": "KanTong",
    "name": "Sweet & Sour Cooking Sauce",
    "imageUrl": "https://shop.coles.com.au/wcsstore/Coles-CAS/images/1/2/7/1279763-th.jpg",
    "categories": ["pantry"],
    "tags": ["sauces", "recipe-meal-bases"],
    "locations": {
      "vic": {
        "price": 3.3,
        "promoText": "Any 2 $6",
        "packageSize": "515g",
        "packagePrice": "$0.64 per 100G"
      }
    }
  },
  {
    "id": "kantong-sauce-stir-fry-sweet-sour-pineapple",
    "brand": "Kan Tong",
    "name": "Pineapple Sweet & Sour Stir Fry Cooking Sauce",
    "imageUrl": "https://shop.coles.com.au/wcsstore/Coles-CAS/images/1/2/7/1279800-th.jpg",
    "categories": ["pantry"],
    "tags": ["sauces", "recipe-meal-bases"],
    "locations": {
      "vic": {
        "price": 3.3,
        "promoText": "Any 2 $6",
        "packageSize": "515g",
        "packagePrice": "$0.64 per 100G"
      }
    }
  },
  {
    "id": "masterfoods-recipe-base-curried-sausages",
    "brand": "MasterFoods",
    "name": "Curried Sausages Recipe Base",
    "imageUrl": "https://shop.coles.com.au/wcsstore/Coles-CAS/images/9/4/8/9482115-th.jpg",
    "categories": ["pantry"],
    "tags": ["sauces", "recipe-meal-bases"],
    "locations": {
      "vic": {
        "price": 2.2,
        "promoText": "Any 3 $6",
        "packageSize": "175g",
        "packagePrice": "$1.26 per 100G"
      }
    }
  },
  {
    "id": "masterfoods-recipe-base-beef-red-wine",
    "brand": "MasterFoods",
    "name": "Slow Cooker Beef & Red Wine Casserole Recipe Base",
    "imageUrl": "https://shop.coles.com.au/wcsstore/Coles-CAS/images/6/8/5/6856092-th.jpg",
    "categories": ["pantry"],
    "tags": ["sauces", "recipe-meal-bases"],
    "locations": {
      "vic": {
        "price": 2.2,
        "promoText": "Any 3 $6",
        "packageSize": "175g",
        "packagePrice": "$1.26 per 100G"
      }
    }
  },
  {
    "id": "continental-recipe-mix-shepherds-pie",
    "brand": "Continental",
    "name": "Shepherds Pie Recipe Base",
    "imageUrl": "https://shop.coles.com.au/wcsstore/Coles-CAS/images/5/5/6/5564728-th.jpg",
    "categories": ["pantry"],
    "tags": ["sauces", "recipe-meal-bases"],
    "locations": {
      "vic": {
        "price": 1.6,
        "promoText": "Any 2 $2.90",
        "packageSize": "50g",
        "packagePrice": "$3.20 per 100G"
      }
    }
  },
  {
    "id": "masterfoods-recipe-base-chicken-curry-mild",
    "brand": "MasterFoods",
    "name": "Slow Cooker Mild Chicken Curry Recipe Base",
    "imageUrl": "https://shop.coles.com.au/wcsstore/Coles-CAS/images/8/1/5/8152534-th.jpg",
    "categories": ["pantry"],
    "tags": ["sauces", "recipe-meal-bases"],
    "locations": {
      "vic": {
        "price": 2.2,
        "promoText": "Any 3 $6",
        "packageSize": "175g",
        "packagePrice": "$1.26 per 100G"
      }
    }
  },
  {
    "id": "pataks-simmer-sauce-butter-chicken-450g",
    "brand": "Patak's",
    "name": "Butter Chicken Simmer Sauce Mild",
    "imageUrl": "https://shop.coles.com.au/wcsstore/Coles-CAS/images/2/9/1/2917763-th.jpg",
    "categories": ["pantry"],
    "tags": ["sauces", "recipe-meal-bases"],
    "locations": {
      "vic": {
        "price": 4.5,
        "promoText": " ",
        "packageSize": "450g",
        "packagePrice": "$1.00 per 100G"
      }
    }
  },
  {
    "id": "maggi-recipe-mix-vegetable-sensations-creamy-potato-garlic-bake",
    "brand": "Maggi",
    "name": "Dry Recipe Base Gluten Free Creamy Cheese & Garlic Potato Bake",
    "imageUrl": "https://shop.coles.com.au/wcsstore/Coles-CAS/images/5/5/4/5548200-th.jpg",
    "categories": ["pantry"],
    "tags": ["sauces", "recipe-meal-bases"],
    "locations": {
      "vic": {
        "price": 1.5,
        "promoText": "Any 2 $2.70",
        "packageSize": "23g",
        "packagePrice": "$6.52 per 100G"
      }
    }
  },
  {
    "id": "continental-recipe-mix-chilli-con-carne",
    "brand": "Continental",
    "name": "Chilli Con Carne Recipe Base Serves 4",
    "imageUrl": "https://shop.coles.com.au/wcsstore/Coles-CAS/images/9/4/7/9475958-th.jpg",
    "categories": ["pantry"],
    "tags": ["sauces", "recipe-meal-bases"],
    "locations": {
      "vic": {
        "price": 1.6,
        "promoText": "Any 2 $2.90",
        "packageSize": "40g",
        "packagePrice": "$4.00 per 100G"
      }
    }
  },
  {
    "id": "passage-to-india-sauce-butter-chicken-simmer",
    "brand": "Passage Foods",
    "name": "Passage To India Butter Chicken Simmer Sauce Pouch",
    "imageUrl": "https://shop.coles.com.au/wcsstore/Coles-CAS/images/9/7/8/9781499-th.jpg",
    "categories": ["pantry"],
    "tags": ["sauces", "recipe-meal-bases"],
    "locations": {
      "vic": {
        "price": 3.25,
        "promoText": "$1.45 ",
        "packageSize": "375g",
        "packagePrice": "$0.87 per 100G"
      }
    }
  },
  {
    "id": "the-spice-tailor-classic-butter-chicken-curry-sauce",
    "brand": "The Spice Tailor",
    "name": "Classic Butter Chicken",
    "imageUrl": "https://shop.coles.com.au/wcsstore/Coles-CAS/images/2/3/6/2361190-th.jpg",
    "categories": ["pantry"],
    "tags": ["sauces", "recipe-meal-bases"],
    "locations": {
      "vic": {
        "price": 5.5,
        "promoText": " ",
        "packageSize": "300g",
        "packagePrice": "$1.83 per 100G"
      }
    }
  },
  {
    "id": "masterfoods-recipe-base-honey-garlice-soy",
    "brand": "MasterFoods",
    "name": "Stir Fry Honey Garlic & Soy Recipe Base",
    "imageUrl": "https://shop.coles.com.au/wcsstore/Coles-CAS/images/8/1/5/8152443-th.jpg",
    "categories": ["pantry"],
    "tags": ["sauces", "recipe-meal-bases"],
    "locations": {
      "vic": {
        "price": 2.2,
        "promoText": "Any 3 $6",
        "packageSize": "175g",
        "packagePrice": "$1.26 per 100G"
      }
    }
  },
  {
    "id": "maggi-dry-recipe-base-cottage-pie",
    "brand": "Maggi",
    "name": "Dry Recipe Base Gluten Free Mince Cottage Pie",
    "imageUrl": "https://shop.coles.com.au/wcsstore/Coles-CAS/images/2/7/1/2715088-th.jpg",
    "categories": ["pantry"],
    "tags": ["sauces", "recipe-meal-bases"],
    "locations": {
      "vic": {
        "price": 1.5,
        "promoText": "Any 2 $2.70",
        "packageSize": "37g",
        "packagePrice": "$4.05 per 100G"
      }
    }
  },
  {
    "id": "passage-to-india-sauce-tikka-marsala-simmer",
    "brand": "Passage Foods",
    "name": "Passage To India Tikka Masala Simmer Sauce Pouch",
    "imageUrl": "https://shop.coles.com.au/wcsstore/Coles-CAS/images/4/6/9/4699030-th.jpg",
    "categories": ["pantry"],
    "tags": ["sauces", "recipe-meal-bases"],
    "locations": {
      "vic": {
        "price": 3.25,
        "promoText": "$1.45 ",
        "packageSize": "375g",
        "packagePrice": "$0.87 per 100G"
      }
    }
  },
  {
    "id": "kantong-sauce-stir-fry-butter-chicken",
    "brand": "Kan Tong",
    "name": "Butter Chicken Cooking Sauce",
    "imageUrl": "https://shop.coles.com.au/wcsstore/Coles-CAS/images/1/2/7/1279865-th.jpg",
    "categories": ["pantry"],
    "tags": ["sauces", "recipe-meal-bases"],
    "locations": {
      "vic": {
        "price": 3.3,
        "promoText": "Any 2 $6",
        "packageSize": "485g",
        "packagePrice": "$0.68 per 100G"
      }
    }
  },
  {
    "id": "maggi-dry-recipe-base-satay-chicken",
    "brand": "Maggi",
    "name": "Dry Recipe Base Gluten Free Satay Chicken",
    "imageUrl": "https://shop.coles.com.au/wcsstore/Coles-CAS/images/2/7/1/2715099-th.jpg",
    "categories": ["pantry"],
    "tags": ["sauces", "recipe-meal-bases"],
    "locations": {
      "vic": {
        "price": 1.5,
        "promoText": "Any 2 $2.70",
        "packageSize": "43g",
        "packagePrice": "$3.49 per 100G"
      }
    }
  },
  {
    "id": "maggi-veg-sensational-cheesy-cauliflower",
    "brand": "Maggi",
    "name": "Veg Sensations Cheesy Cauliflower",
    "imageUrl": "https://shop.coles.com.au/wcsstore/Coles-CAS/images/2/9/7/2978961-th.jpg",
    "categories": ["pantry"],
    "tags": ["sauces", "recipe-meal-bases"],
    "locations": {
      "vic": {
        "price": 1.5,
        "promoText": "Any 2 $2.70",
        "packageSize": "30g",
        "packagePrice": "$5.00 per 100G"
      }
    }
  },
  {
    "id": "kantong-sauce-stir-fry-black-bean",
    "brand": "Kan Tong",
    "name": "Black Bean Stir Fry Cooking Sauce",
    "imageUrl": "https://shop.coles.com.au/wcsstore/Coles-CAS/images/1/2/7/1279876-th.jpg",
    "categories": ["pantry"],
    "tags": ["sauces", "recipe-meal-bases"],
    "locations": {
      "vic": {
        "price": 3.3,
        "promoText": "Any 2 $6",
        "packageSize": "510g",
        "packagePrice": "$0.65 per 100G"
      }
    }
  },
  {
    "id": "kantong-sauce-stir-fry-peanut-satay",
    "brand": "Kan Tong",
    "name": "Peanut Satay Chicken Stir Fry Cooking Sauce",
    "imageUrl": "https://shop.coles.com.au/wcsstore/Coles-CAS/images/1/2/7/1279774-th.jpg",
    "categories": ["pantry"],
    "tags": ["sauces", "recipe-meal-bases"],
    "locations": {
      "vic": {
        "price": 3.3,
        "promoText": "Any 2 $6",
        "packageSize": "505g",
        "packagePrice": "$0.65 per 100G"
      }
    }
  },
  {
    "id": "maggi-beef-goulash-dry-recipe-base",
    "brand": "Maggi",
    "name": "Dry Recipe Base Beef Goulash",
    "imageUrl": "https://shop.coles.com.au/wcsstore/Coles-CAS/images/2/7/1/2715102-th.jpg",
    "categories": ["pantry"],
    "tags": ["sauces", "recipe-meal-bases"],
    "locations": {
      "vic": {
        "price": 1.5,
        "promoText": "Any 2 $2.70",
        "packageSize": "33g",
        "packagePrice": "$4.55 per 100G"
      }
    }
  },
  {
    "id": "maggi-dry-recipe-base-apricot-chicken",
    "brand": "Maggi",
    "name": "Apricot Chicken Real Herbs & Spices Dry Recipe Base",
    "imageUrl": "https://shop.coles.com.au/wcsstore/Coles-CAS/images/2/7/1/2714926-th.jpg",
    "categories": ["pantry"],
    "tags": ["sauces", "recipe-meal-bases"],
    "locations": {
      "vic": {
        "price": 1.5,
        "promoText": "Any 2 $2.70",
        "packageSize": "35g",
        "packagePrice": "$4.29 per 100G"
      }
    }
  },
  {
    "id": "pataks-simmer-sauce-med-butter-chicken-450g",
    "brand": "Patak's",
    "name": "Butter Chicken Simmer Sauce Medium",
    "imageUrl": "https://shop.coles.com.au/wcsstore/Coles-CAS/images/2/9/1/2917796-th.jpg",
    "categories": ["pantry"],
    "tags": ["sauces", "recipe-meal-bases"],
    "locations": {
      "vic": {
        "price": 4.5,
        "promoText": " ",
        "packageSize": "450g",
        "packagePrice": "$1.00 per 100G"
      }
    }
  },
  {
    "id": "the-spice-tailor-hyderabad-biriyani",
    "brand": "The Spice Tailor",
    "name": "Hyderabad Biriyani",
    "imageUrl": "https://shop.coles.com.au/wcsstore/Coles-CAS/images/3/7/6/3760485-th.jpg",
    "categories": ["pantry"],
    "tags": ["sauces", "recipe-meal-bases"],
    "locations": {
      "vic": {
        "price": 5.5,
        "promoText": " ",
        "packageSize": "360g",
        "packagePrice": "$1.53 per 100G"
      }
    }
  },
  {
    "id": "the-spice-tailor-dehli-biriyani",
    "brand": "The Spice Tailor",
    "name": "Delhi Biriyani",
    "imageUrl": "https://shop.coles.com.au/wcsstore/Coles-CAS/images/3/7/6/3760463-th.jpg",
    "categories": ["pantry"],
    "tags": ["sauces", "recipe-meal-bases"],
    "locations": {
      "vic": {
        "price": 5.5,
        "promoText": " ",
        "packageSize": "360g",
        "packagePrice": "$1.53 per 100G"
      }
    }
  },
  {
    "id": "continental-chicken-tonight-simmer-sauce-golden-honey-mustard",
    "brand": "Chicken Tonight",
    "name": "Golden Honey Mustard with Carrot & Onions Simmer Sauce",
    "imageUrl": "https://shop.coles.com.au/wcsstore/Coles-CAS/images/5/7/1/5717192-th.jpg",
    "categories": ["pantry"],
    "tags": ["sauces", "recipe-meal-bases"],
    "locations": {
      "vic": {
        "price": 2.5,
        "promoText": "Was $3.15 on May 2018 ",
        "packageSize": "485g",
        "packagePrice": "$0.52 per 100G"
      }
    }
  },
  {
    "id": "continental-chicken-tonight-cheese-bacon-simmer-sauce",
    "brand": "Chicken Tonight",
    "name": "Classic Creamy Cheese & Bacon Simmer Sauce",
    "imageUrl": "https://shop.coles.com.au/wcsstore/Coles-CAS/images/1/7/2/1729542-th.jpg",
    "categories": ["pantry"],
    "tags": ["sauces", "recipe-meal-bases"],
    "locations": {
      "vic": {
        "price": 2.5,
        "promoText": "Was $3.15 on May 2018 ",
        "packageSize": "490g",
        "packagePrice": "$0.51 per 100G"
      }
    }
  },
  {
    "id": "coles-honey-mustard-simmer-sauce",
    "brand": "Coles",
    "name": "Honey Mustard Simmer Sauce",
    "imageUrl": "https://shop.coles.com.au/wcsstore/Coles-CAS/images/2/3/9/2395431-th.jpg",
    "categories": ["pantry"],
    "tags": ["sauces", "recipe-meal-bases"],
    "locations": {
      "vic": {
        "price": 2,
        "promoText": " ",
        "packageSize": "485g",
        "packagePrice": "$0.41 per 100G"
      }
    }
  },
  {
    "id": "maggi-world-flavours-herb-potatoes-meal-base",
    "brand": "Maggi",
    "name": "Dry Recipe Base Gluten Free Herb Potatoes",
    "imageUrl": "https://shop.coles.com.au/wcsstore/Coles-CAS/images/1/8/7/1870176-th.jpg",
    "categories": ["pantry"],
    "tags": ["sauces", "recipe-meal-bases"],
    "locations": {
      "vic": {
        "price": 1.5,
        "promoText": "Any 2 $2.70",
        "packageSize": "43g",
        "packagePrice": "$3.49 per 100G"
      }
    }
  },
  {
    "id": "maggi--chicken-chasseur-dry-recipe-base",
    "brand": "Maggi",
    "name": "Dry Recipe Base Gluten Free Chicken Chasseur",
    "imageUrl": "https://shop.coles.com.au/wcsstore/Coles-CAS/images/2/7/1/2715077-th.jpg",
    "categories": ["pantry"],
    "tags": ["sauces", "recipe-meal-bases"],
    "locations": {
      "vic": {
        "price": 1.5,
        "promoText": "Any 2 $2.70",
        "packageSize": "35g",
        "packagePrice": "$4.29 per 100G"
      }
    }
  },
  {
    "id": "masterfoods-recipe-base-country-beef-casserole",
    "brand": "MasterFoods",
    "name": "Country Beef Casserole Recipe Base",
    "imageUrl": "https://shop.coles.com.au/wcsstore/Coles-CAS/images/4/9/6/4961970-th.jpg",
    "categories": ["pantry"],
    "tags": ["sauces", "recipe-meal-bases"],
    "locations": {
      "vic": {
        "price": 2.2,
        "promoText": "Any 3 $6",
        "packageSize": "175g",
        "packagePrice": "$1.26 per 100G"
      }
    }
  },
  {
    "id": "masterfoods-sweet-sour-recipe-base",
    "brand": "MasterFoods",
    "name": "Sweet & Sour Recipe Base",
    "imageUrl": "https://shop.coles.com.au/wcsstore/Coles-CAS/images/2/7/4/2744097-th.jpg",
    "categories": ["pantry"],
    "tags": ["sauces", "recipe-meal-bases"],
    "locations": {
      "vic": {
        "price": 2.2,
        "promoText": "Any 3 $6",
        "packageSize": "175g",
        "packagePrice": "$1.26 per 100G"
      }
    }
  },
  {
    "id": "passage-to-india-sauce-vindaloo-simmer",
    "brand": "Passage Foods",
    "name": "Passage to India Vindaloo Simmer Sauce Pouch",
    "imageUrl": "https://shop.coles.com.au/wcsstore/Coles-CAS/images/6/2/9/6293943-th.jpg",
    "categories": ["pantry"],
    "tags": ["sauces", "recipe-meal-bases"],
    "locations": {
      "vic": {
        "price": 3.25,
        "promoText": "$1.45 ",
        "packageSize": "375g",
        "packagePrice": "$0.87 per 100G"
      }
    }
  },
  {
    "id": "passage-to-india-sauce-korma-curry-simmer",
    "brand": "Passage Foods",
    "name": "Passage To India Korma Curry Simmer Sauce Pouch",
    "imageUrl": "https://shop.coles.com.au/wcsstore/Coles-CAS/images/9/7/8/9781580-th.jpg",
    "categories": ["pantry"],
    "tags": ["sauces", "recipe-meal-bases"],
    "locations": {
      "vic": {
        "price": 3.25,
        "promoText": "$1.45 ",
        "packageSize": "375g",
        "packagePrice": "$0.87 per 100G"
      }
    }
  },
  {
    "id": "pataks-simmer-sauce-korma-450g",
    "brand": "Patak's",
    "name": "Korma Simmer Sauce Mild",
    "imageUrl": "https://shop.coles.com.au/wcsstore/Coles-CAS/images/2/9/1/2917720-th.jpg",
    "categories": ["pantry"],
    "tags": ["sauces", "recipe-meal-bases"],
    "locations": {
      "vic": {
        "price": 4.5,
        "promoText": " ",
        "packageSize": "450g",
        "packagePrice": "$1.00 per 100G"
      }
    }
  },
  {
    "id": "sharwoods-sauce-simmer-korma",
    "brand": "Sharwood's",
    "name": "Korma Simmer Sauce",
    "imageUrl": "https://shop.coles.com.au/wcsstore/Coles-CAS/images/4/6/9/4699368-th.jpg",
    "categories": ["pantry"],
    "tags": ["sauces", "recipe-meal-bases"],
    "locations": {
      "vic": {
        "price": 3,
        "promoText": "Was $4.00 on Nov 2018 ",
        "packageSize": "420g",
        "packagePrice": "$0.71 per 100G"
      }
    }
  },
  {
    "id": "the-spice-tailor-sauce-curry-original-tikka-masala",
    "brand": "The Spice Tailor",
    "name": "Original Tikka Masala Curry Pouch Mild",
    "imageUrl": "https://shop.coles.com.au/wcsstore/Coles-CAS/images/1/3/3/1330204-th.jpg",
    "categories": ["pantry"],
    "tags": ["sauces", "recipe-meal-bases"],
    "locations": {
      "vic": {
        "price": 5.5,
        "promoText": " ",
        "packageSize": "300g",
        "packagePrice": "$1.83 per 100G"
      }
    }
  },
  {
    "id": "continental-indian-chicken-tonight-simmer-sauce-butter-chicken",
    "brand": "Chicken Tonight",
    "name": "Indian Mild Butter Chicken Simmer Sauce",
    "imageUrl": "https://shop.coles.com.au/wcsstore/Coles-CAS/images/9/8/0/9804379-th.jpg",
    "categories": ["pantry"],
    "tags": ["sauces", "recipe-meal-bases"],
    "locations": {
      "vic": {
        "price": 2.5,
        "promoText": "Was $3.15 on May 2018 ",
        "packageSize": "495g",
        "packagePrice": "$0.51 per 100G"
      }
    }
  },
  {
    "id": "chicken-tonight-pub-favourites-chicken-tacos",
    "brand": "Chicken Tonight Pub",
    "name": "Favourites Chicken Tacos",
    "imageUrl": "https://shop.coles.com.au/wcsstore/Coles-CAS/images/3/7/6/3764577-th.jpg",
    "categories": ["pantry"],
    "tags": ["sauces", "recipe-meal-bases"],
    "locations": {
      "vic": {
        "price": 2.5,
        "promoText": "Was $3.15 on May 2020 ",
        "packageSize": "500g",
        "packagePrice": "$0.50 per 100G"
      }
    }
  },
  {
    "id": "coles-butter-chicken-simmer-sauce",
    "brand": "Coles",
    "name": "Butter Chicken Simmer Sauce",
    "imageUrl": "https://shop.coles.com.au/wcsstore/Coles-CAS/images/2/3/6/2360288-th.jpg",
    "categories": ["pantry"],
    "tags": ["sauces", "recipe-meal-bases"],
    "locations": {
      "vic": {
        "price": 2.4,
        "promoText": " ",
        "packageSize": "485g",
        "packagePrice": "$0.49 per 100G"
      }
    }
  },
  {
    "id": "continental-hot-pot-casserole-curry",
    "brand": "Continental",
    "name": "Hot Plate Casserole Base Curry",
    "imageUrl": "https://shop.coles.com.au/wcsstore/Coles-CAS/images/1/2/5/125866-th.jpg",
    "categories": ["pantry"],
    "tags": ["sauces", "recipe-meal-bases"],
    "locations": {
      "vic": {
        "price": 3,
        "promoText": " ",
        "packageSize": "100g",
        "packagePrice": "$3.00 per 100G"
      }
    }
  },
  {
    "id": "continental-recipe-mix-creamy-tuna-mornay",
    "brand": "Continental",
    "name": "Creamy Tuna Mornay Recipe Base Serves 4",
    "imageUrl": "https://shop.coles.com.au/wcsstore/Coles-CAS/images/9/4/7/9475040-th.jpg",
    "categories": ["pantry"],
    "tags": ["sauces", "recipe-meal-bases"],
    "locations": {
      "vic": {
        "price": 1.6,
        "promoText": "Any 2 $2.90",
        "packageSize": "30g",
        "packagePrice": "$5.33 per 100G"
      }
    }
  },
  {
    "id": "continental-creamy-chicken-stroganoff-recipe-base",
    "brand": "Continental",
    "name": "Creamy Chicken Stroganoff Recipe Base Serves 4",
    "imageUrl": "https://shop.coles.com.au/wcsstore/Coles-CAS/images/2/3/8/2385391-th.jpg",
    "categories": ["pantry"],
    "tags": ["sauces", "recipe-meal-bases"],
    "locations": {
      "vic": {
        "price": 1.6,
        "promoText": "Any 2 $2.90",
        "packageSize": "40g",
        "packagePrice": "$4.00 per 100G"
      }
    }
  },
  {
    "id": "kantong-sauce-stir-fry-honey-soy-sesame-garlic",
    "brand": "KanTong",
    "name": "Honey Sesame & Garlic Cooking Sauce",
    "imageUrl": "https://shop.coles.com.au/wcsstore/Coles-CAS/images/1/2/7/1279843-th.jpg",
    "categories": ["pantry"],
    "tags": ["sauces", "recipe-meal-bases"],
    "locations": {
      "vic": {
        "price": 3.3,
        "promoText": "Any 2 $6",
        "packageSize": "520g",
        "packagePrice": "$0.63 per 100G"
      }
    }
  },
  {
    "id": "kantong-honey-soy-garlic-cooking-sauce",
    "brand": "KanTong",
    "name": "Honey Soy & Garlic Cooking Sauce",
    "imageUrl": "https://shop.coles.com.au/wcsstore/Coles-CAS/images/2/8/4/2847318-th.jpg",
    "categories": ["pantry"],
    "tags": ["sauces", "recipe-meal-bases"],
    "locations": {
      "vic": {
        "price": 3.3,
        "promoText": "Any 2 $6",
        "packageSize": "510g",
        "packagePrice": "$0.65 per 100G"
      }
    }
  },
  {
    "id": "maggi-stirfry-creations-five-spice",
    "brand": "Maggi",
    "name": "Stir Fry Creations Chinese Five Spice & Soy Beef",
    "imageUrl": "https://shop.coles.com.au/wcsstore/Coles-CAS/images/1/1/5/1155192-th.jpg",
    "categories": ["pantry"],
    "tags": ["sauces", "recipe-meal-bases"],
    "locations": {
      "vic": {
        "price": 3,
        "promoText": " ",
        "packageSize": "150g",
        "packagePrice": "$2.00 per 100G"
      }
    }
  },
  {
    "id": "maggi-so-crispy-classic-chicken",
    "brand": "Maggi",
    "name": "So Crispy Dry Recipe Base Classic Chicken Schnitzel",
    "imageUrl": "https://shop.coles.com.au/wcsstore/Coles-CAS/images/9/1/8/9184693-th.jpg",
    "categories": ["pantry"],
    "tags": ["sauces", "recipe-meal-bases"],
    "locations": {
      "vic": {
        "price": 1.75,
        "promoText": " ",
        "packageSize": "85g",
        "packagePrice": "$2.06 per 100G"
      }
    }
  },
  {
    "id": "maggi-veg-sensation-three-cheese-potato-bake",
    "brand": "Maggi",
    "name": "Veg Sensations Three Cheese Potato Bake",
    "imageUrl": "https://shop.coles.com.au/wcsstore/Coles-CAS/images/2/9/7/2978972-th.jpg",
    "categories": ["pantry"],
    "tags": ["sauces", "recipe-meal-bases"],
    "locations": {
      "vic": {
        "price": 1.5,
        "promoText": "Any 2 $2.70",
        "packageSize": "21g",
        "packagePrice": "$7.14 per 100G"
      }
    }
  },
  {
    "id": "maggi-stir-fry-creations-pad-thai",
    "brand": "Maggi",
    "name": "Stir Fry Creations Pad Thai",
    "imageUrl": "https://shop.coles.com.au/wcsstore/Coles-CAS/images/3/7/6/3768534-th.jpg",
    "categories": ["pantry"],
    "tags": ["sauces", "recipe-meal-bases"],
    "locations": {
      "vic": {
        "price": 3,
        "promoText": " ",
        "packageSize": "150g",
        "packagePrice": "$2.00 per 100G"
      }
    }
  },
  {
    "id": "masterfoods-recipe-base-thai-chicken-stir-fry",
    "brand": "MasterFoods",
    "name": "Stir Fry Creamy Thai Chicken Recipe Base",
    "imageUrl": "https://shop.coles.com.au/wcsstore/Coles-CAS/images/9/2/6/9269854-th.jpg",
    "categories": ["pantry"],
    "tags": ["sauces", "recipe-meal-bases"],
    "locations": {
      "vic": {
        "price": 2.2,
        "promoText": "Any 3 $6",
        "packageSize": "175g",
        "packagePrice": "$1.26 per 100G"
      }
    }
  },
  {
    "id": "masterfoods-recipe-base-thai-green-curry",
    "brand": "MasterFoods",
    "name": "Thai Green Curry Recipe Base",
    "imageUrl": "https://shop.coles.com.au/wcsstore/Coles-CAS/images/8/1/5/8152545-th.jpg",
    "categories": ["pantry"],
    "tags": ["sauces", "recipe-meal-bases"],
    "locations": {
      "vic": {
        "price": 2.2,
        "promoText": "Any 3 $6",
        "packageSize": "175g",
        "packagePrice": "$1.26 per 100G"
      }
    }
  },
  {
    "id": "masterfoods-recipe-base-garlic-herb-lamb-shank",
    "brand": "MasterFoods",
    "name": "Slow Cooker Garlic & Herb Lamb Shanks Recipe Base",
    "imageUrl": "https://shop.coles.com.au/wcsstore/Coles-CAS/images/7/4/6/7468500-th.jpg",
    "categories": ["pantry"],
    "tags": ["sauces", "recipe-meal-bases"],
    "locations": {
      "vic": {
        "price": 2.2,
        "promoText": "Any 3 $6",
        "packageSize": "175g",
        "packagePrice": "$1.26 per 100G"
      }
    }
  },
  {
    "id": "masterfoods-recipe-base-teriyaki-chicken-stir-fry",
    "brand": "MasterFoods",
    "name": "Stir Fry Teriyaki Chicken Recipe Base",
    "imageUrl": "https://shop.coles.com.au/wcsstore/Coles-CAS/images/9/4/4/9442631-th.jpg",
    "categories": ["pantry"],
    "tags": ["sauces", "recipe-meal-bases"],
    "locations": {
      "vic": {
        "price": 2.2,
        "promoText": "Any 3 $6",
        "packageSize": "175g",
        "packagePrice": "$1.26 per 100G"
      }
    }
  },
  {
    "id": "masterfoods-recipe-base-chinese-beef-stir-fry",
    "brand": "MasterFoods",
    "name": "Stir Fry Chinese Beef Recipe Base",
    "imageUrl": "https://shop.coles.com.au/wcsstore/Coles-CAS/images/9/2/7/9271062-th.jpg",
    "categories": ["pantry"],
    "tags": ["sauces", "recipe-meal-bases"],
    "locations": {
      "vic": {
        "price": 2.2,
        "promoText": "Any 3 $6",
        "packageSize": "175g",
        "packagePrice": "$1.26 per 100G"
      }
    }
  },
  {
    "id": "masterfoods-chilli-con-carne",
    "brand": "MasterFoods",
    "name": "Master Mix Chilli Con Carne Recipe Base",
    "imageUrl": "https://shop.coles.com.au/wcsstore/Coles-CAS/images/9/1/8/9182075-th.jpg",
    "categories": ["pantry"],
    "tags": ["sauces", "recipe-meal-bases"],
    "locations": {
      "vic": {
        "price": 2.2,
        "promoText": "Any 3 $6",
        "packageSize": "40g",
        "packagePrice": "$5.50 per 100G"
      }
    }
  },
  {
    "id": "masterfoods-beef-stroganoff-simmer-sauce",
    "brand": "MasterFoods",
    "name": "Beef Stroganoff Simmer Sauce",
    "imageUrl": "https://shop.coles.com.au/wcsstore/Coles-CAS/images/1/7/2/1727525-th.jpg",
    "categories": ["pantry"],
    "tags": ["sauces", "recipe-meal-bases"],
    "locations": {
      "vic": {
        "price": 3.7,
        "promoText": " ",
        "packageSize": "495g",
        "packagePrice": "$0.75 per 100G"
      }
    }
  },
  {
    "id": "masterfoods-creamy-chicken-mushroom-simmer-sauce",
    "brand": "MasterFoods",
    "name": "Creamy Chicken & Mushroom Simmer Sauce",
    "imageUrl": "https://shop.coles.com.au/wcsstore/Coles-CAS/images/1/7/3/1731089-th.jpg",
    "categories": ["pantry"],
    "tags": ["sauces", "recipe-meal-bases"],
    "locations": {
      "vic": {
        "price": 3.7,
        "promoText": " ",
        "packageSize": "490g",
        "packagePrice": "$0.76 per 100G"
      }
    }
  },
  {
    "id": "masterfoods-mild-chicken-curry-simmer-sauce",
    "brand": "MasterFoods",
    "name": "Mild Chicken Curry Slow Cook Simmer Sauce",
    "imageUrl": "https://shop.coles.com.au/wcsstore/Coles-CAS/images/1/7/2/1727490-th.jpg",
    "categories": ["pantry"],
    "tags": ["sauces", "recipe-meal-bases"],
    "locations": {
      "vic": {
        "price": 3.7,
        "promoText": " ",
        "packageSize": "490g",
        "packagePrice": "$0.76 per 100G"
      }
    }
  },
  {
    "id": "masterfoods-butter-chicken-cooking-sauce",
    "brand": "MasterFoods",
    "name": "Butter Chicken Cooking Sauce",
    "imageUrl": "https://shop.coles.com.au/wcsstore/Coles-CAS/images/2/3/9/2395329-th.jpg",
    "categories": ["pantry"],
    "tags": ["sauces", "recipe-meal-bases"],
    "locations": {
      "vic": {
        "price": 3.7,
        "promoText": " ",
        "packageSize": "485g",
        "packagePrice": "$0.76 per 100G"
      }
    }
  },
  {
    "id": "masterfoods-curried-sausages-cooking-sauce",
    "brand": "MasterFoods",
    "name": "Curried Sausages Cooking Sauce",
    "imageUrl": "https://shop.coles.com.au/wcsstore/Coles-CAS/images/2/3/9/2395351-th.jpg",
    "categories": ["pantry"],
    "tags": ["sauces", "recipe-meal-bases"],
    "locations": {
      "vic": {
        "price": 3.7,
        "promoText": " ",
        "packageSize": "500g",
        "packagePrice": "$0.74 per 100G"
      }
    }
  },
  {
    "id": "on-the-menu-beef-bacon-pasta",
    "brand": "On The Menu",
    "name": "Beef & Bacon Pasta",
    "imageUrl": "https://shop.coles.com.au/wcsstore/Coles-CAS/images/3/5/1/3512745-th.jpg",
    "categories": ["pantry"],
    "tags": ["sauces", "recipe-meal-bases"],
    "locations": {
      "vic": {
        "price": 4.5,
        "promoText": "Was $5.00 on Aug 2019 ",
        "packageSize": "400g",
        "packagePrice": "$1.13 per 100G"
      }
    }
  },
  {
    "id": "on-the-menu-cottage-pie",
    "brand": "On The Menu",
    "name": "Cottage Pie",
    "imageUrl": "https://shop.coles.com.au/wcsstore/Coles-CAS/images/3/5/1/3512687-th.jpg",
    "categories": ["pantry"],
    "tags": ["sauces", "recipe-meal-bases"],
    "locations": {
      "vic": {
        "price": 4.5,
        "promoText": "Was $5.00 on Aug 2019 ",
        "packageSize": "400g",
        "packagePrice": "$1.13 per 100G"
      }
    }
  },
  {
    "id": "on-the-menu-tuna-mornay",
    "brand": "On The Menu",
    "name": "Tuna Mornay Pasta",
    "imageUrl": "https://shop.coles.com.au/wcsstore/Coles-CAS/images/3/5/1/3512698-th.jpg",
    "categories": ["pantry"],
    "tags": ["sauces", "recipe-meal-bases"],
    "locations": {
      "vic": {
        "price": 4.5,
        "promoText": "Was $5.00 on Aug 2019 ",
        "packageSize": "400g",
        "packagePrice": "$1.13 per 100G"
      }
    }
  },
  {
    "id": "passage-to-india-sauce-rogan-josh-simmer",
    "brand": "Passage Foods",
    "name": "Passage To India Rogan Josh Simmer Sauce Pouch",
    "imageUrl": "https://shop.coles.com.au/wcsstore/Coles-CAS/images/4/6/9/4699040-th.jpg",
    "categories": ["pantry"],
    "tags": ["sauces", "recipe-meal-bases"],
    "locations": {
      "vic": {
        "price": 3.25,
        "promoText": "$1.45 ",
        "packageSize": "375g",
        "packagePrice": "$0.87 per 100G"
      }
    }
  },
  {
    "id": "passage-to-india-sauce-simmer-saag",
    "brand": "Passage Foods",
    "name": "Passage To India Saag Curry Simmer Sauce",
    "imageUrl": "https://shop.coles.com.au/wcsstore/Coles-CAS/images/3/3/1/3314468-th.jpg",
    "categories": ["pantry"],
    "tags": ["sauces", "recipe-meal-bases"],
    "locations": {
      "vic": {
        "price": 3.25,
        "promoText": "$1.45 ",
        "packageSize": "375g",
        "packagePrice": "$0.87 per 100G"
      }
    }
  },
  {
    "id": "pataks-simmer-sauce-tikka-masala-450g",
    "brand": "Patak's",
    "name": "Tikka Masala Simmer Sauce Medium",
    "imageUrl": "https://shop.coles.com.au/wcsstore/Coles-CAS/images/2/9/1/2917785-th.jpg",
    "categories": ["pantry"],
    "tags": ["sauces", "recipe-meal-bases"],
    "locations": {
      "vic": {
        "price": 4.5,
        "promoText": " ",
        "packageSize": "450g",
        "packagePrice": "$1.00 per 100G"
      }
    }
  },
  {
    "id": "sharwoods-sauce-simmer-madras",
    "brand": "Sharwood's",
    "name": "Madras Simmer Sauce",
    "imageUrl": "https://shop.coles.com.au/wcsstore/Coles-CAS/images/4/6/9/4699379-th.jpg",
    "categories": ["pantry"],
    "tags": ["sauces", "recipe-meal-bases"],
    "locations": {
      "vic": {
        "price": 3,
        "promoText": "Was $4.00 on Nov 2018 ",
        "packageSize": "420g",
        "packagePrice": "$0.71 per 100G"
      }
    }
  },
  {
    "id": "the-spice-tailor-sauce-curry-delicate-korma",
    "brand": "The Spice Tailor",
    "name": "Delicate Korma Curry Pouch Mild",
    "imageUrl": "https://shop.coles.com.au/wcsstore/Coles-CAS/images/1/3/3/1330168-th.jpg",
    "categories": ["pantry"],
    "tags": ["sauces", "recipe-meal-bases"],
    "locations": {
      "vic": {
        "price": 5.5,
        "promoText": " ",
        "packageSize": "300g",
        "packagePrice": "$1.83 per 100G"
      }
    }
  },
  {
    "id": "the-spice-tailor-malabar-biriyani",
    "brand": "The Spice Tailor",
    "name": "Malabar Biriyani",
    "imageUrl": "https://shop.coles.com.au/wcsstore/Coles-CAS/images/3/7/6/3760496-th.jpg",
    "categories": ["pantry"],
    "tags": ["sauces", "recipe-meal-bases"],
    "locations": {
      "vic": {
        "price": 5.5,
        "promoText": " ",
        "packageSize": "360g",
        "packagePrice": "$1.53 per 100G"
      }
    }
  },
  {
    "id": "continental-chicken-tonight-simmer-sauce-creamy-chicken-with-mushroom",
    "brand": "Chicken Tonight",
    "name": "Creamy Chicken with Mushroom Simmer Sauce",
    "imageUrl": "https://shop.coles.com.au/wcsstore/Coles-CAS/images/5/2/2/5229439-th.jpg",
    "categories": ["pantry"],
    "tags": ["sauces", "recipe-meal-bases"],
    "locations": {
      "vic": {
        "price": 2.5,
        "promoText": "Was $3.15 on May 2018 ",
        "packageSize": "475g",
        "packagePrice": "$0.53 per 100G"
      }
    }
  },
  {
    "id": "chicken-tonight-pub-favour-bbq-chicken-wings",
    "brand": "Chicken Tonight Pub",
    "name": "Favour BBQ Chicken Wings",
    "imageUrl": "https://shop.coles.com.au/wcsstore/Coles-CAS/images/3/7/6/3764566-th.jpg",
    "categories": ["pantry"],
    "tags": ["sauces", "recipe-meal-bases"],
    "locations": {
      "vic": {
        "price": 2.5,
        "promoText": "Was $3.15 on May 2020 ",
        "packageSize": "500g",
        "packagePrice": "$0.50 per 100G"
      }
    }
  },
  {
    "id": "chicken-tonight-pub-favourites-chicken-kiev",
    "brand": "Chicken Tonight Pub",
    "name": "Favourites Chicken Kiev",
    "imageUrl": "https://shop.coles.com.au/wcsstore/Coles-CAS/images/3/7/6/3764555-th.jpg",
    "categories": ["pantry"],
    "tags": ["sauces", "recipe-meal-bases"],
    "locations": {
      "vic": {
        "price": 2.5,
        "promoText": "Was $3.15 on May 2020 ",
        "packageSize": "500g",
        "packagePrice": "$0.50 per 100G"
      }
    }
  },
  {
    "id": "chicken-tonight-pub-favour-chicken-pot-pie",
    "brand": "Chicken Tonight Pub",
    "name": "Favour Chicken Pot Pie",
    "imageUrl": "https://shop.coles.com.au/wcsstore/Coles-CAS/images/3/7/6/3764544-th.jpg",
    "categories": ["pantry"],
    "tags": ["sauces", "recipe-meal-bases"],
    "locations": {
      "vic": {
        "price": 2.5,
        "promoText": "Was $3.15 on May 2020 ",
        "packageSize": "490g",
        "packagePrice": "$0.51 per 100G"
      }
    }
  },
  {
    "id": "coles-creamy-mushroom-simmer-sauce",
    "brand": "Coles",
    "name": "Creamy Mushroom Simmer Sauce",
    "imageUrl": "https://shop.coles.com.au/wcsstore/Coles-CAS/images/2/3/9/2395410-th.jpg",
    "categories": ["pantry"],
    "tags": ["sauces", "recipe-meal-bases"],
    "locations": {
      "vic": {
        "price": 2,
        "promoText": " ",
        "packageSize": "475g",
        "packagePrice": "$0.42 per 100G"
      }
    }
  },
  {
    "id": "coles-satay-simmer-sauce",
    "brand": "Coles",
    "name": "Satay Simmer Sauce",
    "imageUrl": "https://shop.coles.com.au/wcsstore/Coles-CAS/images/2/3/9/2395384-th.jpg",
    "categories": ["pantry"],
    "tags": ["sauces", "recipe-meal-bases"],
    "locations": {
      "vic": {
        "price": 2,
        "promoText": " ",
        "packageSize": "500g",
        "packagePrice": "$0.40 per 100G"
      }
    }
  },
  {
    "id": "continental-cook-in-bag-honey-bbq-chicken",
    "brand": "Continental",
    "name": "Cook-In-Bag Recipe Base Honey Bbq Chicken",
    "imageUrl": "https://shop.coles.com.au/wcsstore/Coles-CAS/images/7/5/7/7571134-th.jpg",
    "categories": ["pantry"],
    "tags": ["sauces", "recipe-meal-bases"],
    "locations": {
      "vic": {
        "price": 2.3,
        "promoText": "Was $2.45 on May 2018 ",
        "packageSize": "45g",
        "packagePrice": "$5.11 per 100G"
      }
    }
  },
  {
    "id": "continental-recipe-mix-casserole-beef",
    "brand": "Continental",
    "name": "Rich Beef Casserole Recipe Base Serves 4",
    "imageUrl": "https://shop.coles.com.au/wcsstore/Coles-CAS/images/5/5/6/5564659-th.jpg",
    "categories": ["pantry"],
    "tags": ["sauces", "recipe-meal-bases"],
    "locations": {
      "vic": {
        "price": 1.6,
        "promoText": "Any 2 $2.90",
        "packageSize": "50g",
        "packagePrice": "$3.20 per 100G"
      }
    }
  },
  {
    "id": "continental-recipe-mix-mild-mince-curry",
    "brand": "Continental",
    "name": "Mild Mince Curry Recipe Base Serves 4",
    "imageUrl": "https://shop.coles.com.au/wcsstore/Coles-CAS/images/9/4/7/9475980-th.jpg",
    "categories": ["pantry"],
    "tags": ["sauces", "recipe-meal-bases"],
    "locations": {
      "vic": {
        "price": 1.6,
        "promoText": "Any 2 $2.90",
        "packageSize": "40g",
        "packagePrice": "$4.00 per 100G"
      }
    }
  },
  {
    "id": "continental-recipe-mix-rich-beefy-mince",
    "brand": "Continental",
    "name": "Rich Beefy Mince Recipe Base",
    "imageUrl": "https://shop.coles.com.au/wcsstore/Coles-CAS/images/9/4/7/9475131-th.jpg",
    "categories": ["pantry"],
    "tags": ["sauces", "recipe-meal-bases"],
    "locations": {
      "vic": {
        "price": 1.6,
        "promoText": "Any 2 $2.90",
        "packageSize": "50g",
        "packagePrice": "$3.20 per 100G"
      }
    }
  },
  {
    "id": "continental-recipe-mix-beef-stroganoff",
    "brand": "Continental",
    "name": "Beef Stroganoff Recipe Base Serves 4",
    "imageUrl": "https://shop.coles.com.au/wcsstore/Coles-CAS/images/9/4/7/9475969-th.jpg",
    "categories": ["pantry"],
    "tags": ["sauces", "recipe-meal-bases"],
    "locations": {
      "vic": {
        "price": 1.6,
        "promoText": "Any 2 $2.90",
        "packageSize": "40g",
        "packagePrice": "$4.00 per 100G"
      }
    }
  },
  {
    "id": "continental-recipe-mix-spaghetti-bolognaise",
    "brand": "Continental",
    "name": "Spaghetti Bolognaise Recipe Base Serves 4",
    "imageUrl": "https://shop.coles.com.au/wcsstore/Coles-CAS/images/9/4/7/9475186-th.jpg",
    "categories": ["pantry"],
    "tags": ["sauces", "recipe-meal-bases"],
    "locations": {
      "vic": {
        "price": 1.6,
        "promoText": "Any 2 $2.90",
        "packageSize": "50g",
        "packagePrice": "$3.20 per 100G"
      }
    }
  },
  {
    "id": "continental-recipe-mix-curried-sausages",
    "brand": "Continental",
    "name": "Curried Sausages Recipe Base Serves 4",
    "imageUrl": "https://shop.coles.com.au/wcsstore/Coles-CAS/images/9/4/7/9475845-th.jpg",
    "categories": ["pantry"],
    "tags": ["sauces", "recipe-meal-bases"],
    "locations": {
      "vic": {
        "price": 1.6,
        "promoText": "Any 2 $2.90",
        "packageSize": "35g",
        "packagePrice": "$4.57 per 100G"
      }
    }
  },
  {
    "id": "continental-recipe-mix-devilled-sausages",
    "brand": "Continental",
    "name": "Devilled Sausages Recipe Base Serves 4",
    "imageUrl": "https://shop.coles.com.au/wcsstore/Coles-CAS/images/9/4/7/9475991-th.jpg",
    "categories": ["pantry"],
    "tags": ["sauces", "recipe-meal-bases"],
    "locations": {
      "vic": {
        "price": 1.6,
        "promoText": "Any 2 $2.90",
        "packageSize": "40g",
        "packagePrice": "$4.00 per 100G"
      }
    }
  },
  {
    "id": "continental-recipe-mix-creamy-chicken-curry",
    "brand": "Continental",
    "name": "Creamy Chicken Curry Recipe Base",
    "imageUrl": "https://shop.coles.com.au/wcsstore/Coles-CAS/images/9/4/7/9475073-th.jpg",
    "categories": ["pantry"],
    "tags": ["sauces", "recipe-meal-bases"],
    "locations": {
      "vic": {
        "price": 1.6,
        "promoText": "Any 2 $2.90",
        "packageSize": "30g",
        "packagePrice": "$5.33 per 100G"
      }
    }
  },
  {
    "id": "continental-naturally-tasty-recipe-mix-chicken-curry",
    "brand": "Continental",
    "name": "Naturally Tasty Recipe Mix Chicken Curry",
    "imageUrl": "https://shop.coles.com.au/wcsstore/Coles-CAS/images/2/9/1/2919500-th.jpg",
    "categories": ["pantry"],
    "tags": ["sauces", "recipe-meal-bases"],
    "locations": {
      "vic": {
        "price": 2.4,
        "promoText": "Any 2 $4",
        "packageSize": "47g",
        "packagePrice": "$5.11 per 100G"
      }
    }
  },
  {
    "id": "continental-naturally-tasty-spaghetti-bolognese",
    "brand": "Continental",
    "name": "Naturally Tasty Spaghetti Bolognese",
    "imageUrl": "https://shop.coles.com.au/wcsstore/Coles-CAS/images/2/9/3/2930852-th.jpg",
    "categories": ["pantry"],
    "tags": ["sauces", "recipe-meal-bases"],
    "locations": {
      "vic": {
        "price": 2.4,
        "promoText": "Any 2 $4",
        "packageSize": "43g",
        "packagePrice": "$5.58 per 100G"
      }
    }
  },
  {
    "id": "kantong-sauce-stir-fry-chinese-barbeque",
    "brand": "KanTong",
    "name": "Chinese Barbeque Cooking Sauce",
    "imageUrl": "https://shop.coles.com.au/wcsstore/Coles-CAS/images/1/2/7/1279854-th.jpg",
    "categories": ["pantry"],
    "tags": ["sauces", "recipe-meal-bases"],
    "locations": {
      "vic": {
        "price": 3.3,
        "promoText": "Any 2 $6",
        "packageSize": "520g",
        "packagePrice": "$0.63 per 100G"
      }
    }
  },
  {
    "id": "kantong-sauce-stir-fry-sweet-sour-soy-garlic",
    "brand": "KanTong",
    "name": "Sweet Soy & Garlic Cooking Sauce",
    "imageUrl": "https://shop.coles.com.au/wcsstore/Coles-CAS/images/1/2/7/1279821-th.jpg",
    "categories": ["pantry"],
    "tags": ["sauces", "recipe-meal-bases"],
    "locations": {
      "vic": {
        "price": 3.3,
        "promoText": "Any 2 $6",
        "packageSize": "515g",
        "packagePrice": "$0.64 per 100G"
      }
    }
  },
  {
    "id": "kantong-honey-teriyaki-stir-fry-sauce",
    "brand": "KanTong",
    "name": "Honey Teriyaki Chicken Cooking Sauce",
    "imageUrl": "https://shop.coles.com.au/wcsstore/Coles-CAS/images/1/7/2/1723138-th.jpg",
    "categories": ["pantry"],
    "tags": ["sauces", "recipe-meal-bases"],
    "locations": {
      "vic": {
        "price": 3.3,
        "promoText": "Any 2 $6",
        "packageSize": "510g",
        "packagePrice": "$0.65 per 100G"
      }
    }
  },
  {
    "id": "kantong-meal-base-pouch-chicken-cashew",
    "brand": "Kantong Meal Base",
    "name": "Pouch Chicken & Cashew Nut Stir Fry",
    "imageUrl": "https://shop.coles.com.au/wcsstore/ColesResponsiveStorefrontAssetStore/dist/ccfc54aed6e361b650bcf0582f7b576b/img/img_product-placeholder.png",
    "categories": ["pantry"],
    "tags": ["sauces", "recipe-meal-bases"],
    "locations": {
      "vic": {
        "price": 2.9,
        "promoText": " ",
        "packageSize": "175g",
        "packagePrice": "$1.66 per 100G"
      }
    }
  },
  {
    "id": "kantong-meal-base-pouch-honey-soy-garlic",
    "brand": "Kantong Meal Base",
    "name": "Honey Soy & Garlic Stir Fry",
    "imageUrl": "https://shop.coles.com.au/wcsstore/Coles-CAS/images/3/1/8/3189504-th.jpg",
    "categories": ["pantry"],
    "tags": ["sauces", "recipe-meal-bases"],
    "locations": {
      "vic": {
        "price": 2.9,
        "promoText": " ",
        "packageSize": "175g",
        "packagePrice": "$1.66 per 100G"
      }
    }
  },
  {
    "id": "kantong-meal-base-pouch-teriyaki-chicken",
    "brand": "Kantong Meal Base",
    "name": "Pouch Teriyaki Stir Fry",
    "imageUrl": "https://shop.coles.com.au/wcsstore/Coles-CAS/images/3/1/8/3189548-th.jpg",
    "categories": ["pantry"],
    "tags": ["sauces", "recipe-meal-bases"],
    "locations": {
      "vic": {
        "price": 2.9,
        "promoText": " ",
        "packageSize": "175g",
        "packagePrice": "$1.66 per 100G"
      }
    }
  },
  {
    "id": "maggi-stirfry-creations-sweet-chilli-ginger-lemongrass-chicken",
    "brand": "Maggi",
    "name": "Stir Fry Creations Sweet Chilli Ginger & Lemongrass Chicken",
    "imageUrl": "https://shop.coles.com.au/wcsstore/Coles-CAS/images/1/1/5/1155160-th.jpg",
    "categories": ["pantry"],
    "tags": ["sauces", "recipe-meal-bases"],
    "locations": {
      "vic": {
        "price": 3,
        "promoText": " ",
        "packageSize": "150g",
        "packagePrice": "$2.00 per 100G"
      }
    }
  },
  {
    "id": "maggi-recipe-mix-vegetable-sensations-cheese-bacon-potato-bake",
    "brand": "Maggi",
    "name": "Dry Recipe Base Cheese & Bacon Potato Bake",
    "imageUrl": "https://shop.coles.com.au/wcsstore/Coles-CAS/images/5/5/4/5548153-th.jpg",
    "categories": ["pantry"],
    "tags": ["sauces", "recipe-meal-bases"],
    "locations": {
      "vic": {
        "price": 1.5,
        "promoText": "Any 2 $2.70",
        "packageSize": "21g",
        "packagePrice": "$7.14 per 100G"
      }
    }
  },
  {
    "id": "maggi-stir-fry-creations-chinese-barbeque-pork",
    "brand": "Maggi",
    "name": "Stir Fry Creations Chinese BBQ Pork",
    "imageUrl": "https://shop.coles.com.au/wcsstore/Coles-CAS/images/1/7/1/1719185-th.jpg",
    "categories": ["pantry"],
    "tags": ["sauces", "recipe-meal-bases"],
    "locations": {
      "vic": {
        "price": 3,
        "promoText": " ",
        "packageSize": "150g",
        "packagePrice": "$2.00 per 100G"
      }
    }
  },
  {
    "id": "maggi-world-flavours-best-ever-beef-burgers-meal-base",
    "brand": "Maggi",
    "name": "Dry Recipe Base Best Ever Beef Burgers",
    "imageUrl": "https://shop.coles.com.au/wcsstore/Coles-CAS/images/1/8/7/1870187-th.jpg",
    "categories": ["pantry"],
    "tags": ["sauces", "recipe-meal-bases"],
    "locations": {
      "vic": {
        "price": 1.5,
        "promoText": "Any 2 $2.70",
        "packageSize": "30g",
        "packagePrice": "$5.00 per 100G"
      }
    }
  },
  {
    "id": "maggi-dry-recipe-base-lamb-casserole",
    "brand": "Maggi",
    "name": "Dry Recipe Base Lamb Casserole",
    "imageUrl": "https://shop.coles.com.au/wcsstore/Coles-CAS/images/2/7/1/2715113-th.jpg",
    "categories": ["pantry"],
    "tags": ["sauces", "recipe-meal-bases"],
    "locations": {
      "vic": {
        "price": 1.5,
        "promoText": "Any 2 $2.70",
        "packageSize": "31g",
        "packagePrice": "$4.84 per 100G"
      }
    }
  },
  {
    "id": "maggi-butter-chicken-dry-recipe-mix",
    "brand": "Maggi",
    "name": "Dry Recipe Base Butter Chicken",
    "imageUrl": "https://shop.coles.com.au/wcsstore/Coles-CAS/images/2/7/1/2714937-th.jpg",
    "categories": ["pantry"],
    "tags": ["sauces", "recipe-meal-bases"],
    "locations": {
      "vic": {
        "price": 1.5,
        "promoText": "Any 2 $2.70",
        "packageSize": "29g",
        "packagePrice": "$5.17 per 100G"
      }
    }
  },
  {
    "id": "masterfoods-recipe-base-satay-chicken",
    "brand": "MasterFoods",
    "name": "Stir Fry Satay Chicken Recipe Base",
    "imageUrl": "https://shop.coles.com.au/wcsstore/Coles-CAS/images/7/4/6/7468510-th.jpg",
    "categories": ["pantry"],
    "tags": ["sauces", "recipe-meal-bases"],
    "locations": {
      "vic": {
        "price": 2.2,
        "promoText": "Any 3 $6",
        "packageSize": "175g",
        "packagePrice": "$1.26 per 100G"
      }
    }
  },
  {
    "id": "masterfoods-recipe-base-dev-illed-sausages",
    "brand": "MasterFoods",
    "name": "Devilled Sausages Recipe Base",
    "imageUrl": "https://shop.coles.com.au/wcsstore/Coles-CAS/images/7/4/6/7468496-th.jpg",
    "categories": ["pantry"],
    "tags": ["sauces", "recipe-meal-bases"],
    "locations": {
      "vic": {
        "price": 2.2,
        "promoText": "Any 3 $6",
        "packageSize": "175g",
        "packagePrice": "$1.26 per 100G"
      }
    }
  },
  {
    "id": "masterfoods-recipe-base-chow-mein",
    "brand": "MasterFoods",
    "name": "Chow Mein Recipe Base",
    "imageUrl": "https://shop.coles.com.au/wcsstore/Coles-CAS/images/7/4/6/7468430-th.jpg",
    "categories": ["pantry"],
    "tags": ["sauces", "recipe-meal-bases"],
    "locations": {
      "vic": {
        "price": 2.2,
        "promoText": "Any 3 $6",
        "packageSize": "175g",
        "packagePrice": "$1.26 per 100G"
      }
    }
  },
  {
    "id": "masterfoods-recipe-base-apricot-chicken",
    "brand": "MasterFoods",
    "name": "Apricot Chicken Recipe Base",
    "imageUrl": "https://shop.coles.com.au/wcsstore/Coles-CAS/images/6/8/5/6855941-th.jpg",
    "categories": ["pantry"],
    "tags": ["sauces", "recipe-meal-bases"],
    "locations": {
      "vic": {
        "price": 2.2,
        "promoText": "Any 3 $6",
        "packageSize": "175g",
        "packagePrice": "$1.26 per 100G"
      }
    }
  },
  {
    "id": "masterfoods-recipe-base-lamb-casserole",
    "brand": "MasterFoods",
    "name": "Slow Cooker Lamb Casserole Recipe Base",
    "imageUrl": "https://shop.coles.com.au/wcsstore/Coles-CAS/images/6/8/5/6856070-th.jpg",
    "categories": ["pantry"],
    "tags": ["sauces", "recipe-meal-bases"],
    "locations": {
      "vic": {
        "price": 2.2,
        "promoText": "Any 3 $6",
        "packageSize": "175g",
        "packagePrice": "$1.26 per 100G"
      }
    }
  },
  {
    "id": "masterfoods-recipe-base-farmhouse-chicken",
    "brand": "MasterFoods",
    "name": "Slow Cooker Farmhouse Chicken Casserole Recipe Base",
    "imageUrl": "https://shop.coles.com.au/wcsstore/Coles-CAS/images/6/8/5/6856106-th.jpg",
    "categories": ["pantry"],
    "tags": ["sauces", "recipe-meal-bases"],
    "locations": {
      "vic": {
        "price": 2.2,
        "promoText": "Any 3 $6",
        "packageSize": "175g",
        "packagePrice": "$1.26 per 100G"
      }
    }
  },
  {
    "id": "masterfoods-recipe-base-cheese-potato-bake",
    "brand": "MasterFoods",
    "name": "Side Dish Creamy Cheesy Potato Bake Recipe Base",
    "imageUrl": "https://shop.coles.com.au/wcsstore/Coles-CAS/images/6/8/5/6855985-th.jpg",
    "categories": ["pantry"],
    "tags": ["sauces", "recipe-meal-bases"],
    "locations": {
      "vic": {
        "price": 2.2,
        "promoText": "Any 3 $6",
        "packageSize": "175g",
        "packagePrice": "$1.26 per 100G"
      }
    }
  },
  {
    "id": "masterfoods-recipe-base-creamy-herb-garlic-potato-bake",
    "brand": "MasterFoods",
    "name": "Side Dish Creamy Herb & Garlic Potato Bake Recipe Base",
    "imageUrl": "https://shop.coles.com.au/wcsstore/Coles-CAS/images/6/2/7/6275806-th.jpg",
    "categories": ["pantry"],
    "tags": ["sauces", "recipe-meal-bases"],
    "locations": {
      "vic": {
        "price": 2.2,
        "promoText": "Any 3 $6",
        "packageSize": "175g",
        "packagePrice": "$1.26 per 100G"
      }
    }
  },
  {
    "id": "masterfoods-recipe-base-tuscan-meatballs",
    "brand": "MasterFoods",
    "name": "Tuscan Meatballs Recipe Base",
    "imageUrl": "https://shop.coles.com.au/wcsstore/Coles-CAS/images/4/3/7/4370544-th.jpg",
    "categories": ["pantry"],
    "tags": ["sauces", "recipe-meal-bases"],
    "locations": {
      "vic": {
        "price": 2.2,
        "promoText": "Any 3 $6",
        "packageSize": "175g",
        "packagePrice": "$1.26 per 100G"
      }
    }
  },
  {
    "id": "masterfoods-recipe-base-honey-mustard-chicken",
    "brand": "MasterFoods",
    "name": "Honey Mustard Chicken Recipe Base",
    "imageUrl": "https://shop.coles.com.au/wcsstore/Coles-CAS/images/9/4/8/9481713-th.jpg",
    "categories": ["pantry"],
    "tags": ["sauces", "recipe-meal-bases"],
    "locations": {
      "vic": {
        "price": 2.2,
        "promoText": "Any 3 $6",
        "packageSize": "175g",
        "packagePrice": "$1.26 per 100G"
      }
    }
  },
  {
    "id": "masterfoods-honey-mustard-chicken-simmer-sauce",
    "brand": "MasterFoods",
    "name": "Honey Mustard Chicken Simmer Sauce",
    "imageUrl": "https://shop.coles.com.au/wcsstore/Coles-CAS/images/1/7/2/1727489-th.jpg",
    "categories": ["pantry"],
    "tags": ["sauces", "recipe-meal-bases"],
    "locations": {
      "vic": {
        "price": 3.7,
        "promoText": " ",
        "packageSize": "505g",
        "packagePrice": "$0.73 per 100G"
      }
    }
  },
  {
    "id": "masterfoods-moroccan-chicken-simmer-sauce",
    "brand": "MasterFoods",
    "name": "Moroccan Chicken Simmer Sauce",
    "imageUrl": "https://shop.coles.com.au/wcsstore/Coles-CAS/images/1/7/2/1727536-th.jpg",
    "categories": ["pantry"],
    "tags": ["sauces", "recipe-meal-bases"],
    "locations": {
      "vic": {
        "price": 3.7,
        "promoText": " ",
        "packageSize": "510g",
        "packagePrice": "$0.73 per 100G"
      }
    }
  },
  {
    "id": "mastefoods-butter-chicken-recipe-base",
    "brand": "MasterFoods",
    "name": "Butter Chicken Recipe Base",
    "imageUrl": "https://shop.coles.com.au/wcsstore/Coles-CAS/images/1/8/6/1868185-th.jpg",
    "categories": ["pantry"],
    "tags": ["sauces", "recipe-meal-bases"],
    "locations": {
      "vic": {
        "price": 2.2,
        "promoText": "Any 3 $6",
        "packageSize": "175g",
        "packagePrice": "$1.26 per 100G"
      }
    }
  },
  {
    "id": "masterfoods-spicy-chilli-con-carne-recipe-base",
    "brand": "MasterFoods",
    "name": "Spicy Chilli Con Carne Recipe Base",
    "imageUrl": "https://shop.coles.com.au/wcsstore/Coles-CAS/images/2/3/8/2386237-th.jpg",
    "categories": ["pantry"],
    "tags": ["sauces", "recipe-meal-bases"],
    "locations": {
      "vic": {
        "price": 2.2,
        "promoText": "Any 3 $6",
        "packageSize": "160g",
        "packagePrice": "$1.38 per 100G"
      }
    }
  },
  {
    "id": "masterfoods-chicken-alfredo-recipe-base",
    "brand": "MasterFoods",
    "name": "Chicken Alfredo Recipe Base",
    "imageUrl": "https://shop.coles.com.au/wcsstore/Coles-CAS/images/2/3/8/2386248-th.jpg",
    "categories": ["pantry"],
    "tags": ["sauces", "recipe-meal-bases"],
    "locations": {
      "vic": {
        "price": 2.2,
        "promoText": "Any 3 $6",
        "packageSize": "170g",
        "packagePrice": "$1.29 per 100G"
      }
    }
  },
  {
    "id": "masterfoods-carbonara-recipe-base",
    "brand": "MasterFoods",
    "name": "Carbonara Recipe Base",
    "imageUrl": "https://shop.coles.com.au/wcsstore/Coles-CAS/images/2/3/8/2386226-th.jpg",
    "categories": ["pantry"],
    "tags": ["sauces", "recipe-meal-bases"],
    "locations": {
      "vic": {
        "price": 2.2,
        "promoText": "Any 3 $6",
        "packageSize": "170g",
        "packagePrice": "$1.29 per 100G"
      }
    }
  },
  {
    "id": "masterfoods-cooking-sauce-honey-bbq-chicken",
    "brand": "MasterFoods",
    "name": "Honey BBQ Chicken Cooking Sauce",
    "imageUrl": "https://shop.coles.com.au/wcsstore/Coles-CAS/images/2/8/4/2847362-th.jpg",
    "categories": ["pantry"],
    "tags": ["sauces", "recipe-meal-bases"],
    "locations": {
      "vic": {
        "price": 3.7,
        "promoText": " ",
        "packageSize": "520g",
        "packagePrice": "$0.71 per 100G"
      }
    }
  },
  {
    "id": "masterfoods-cooking-sauce-pulled-pork",
    "brand": "Masterfoods",
    "name": "Pulled Pork Cooking Sauce",
    "imageUrl": "https://shop.coles.com.au/wcsstore/Coles-CAS/images/3/4/7/3476313-th.jpg",
    "categories": ["pantry"],
    "tags": ["sauces", "recipe-meal-bases"],
    "locations": {
      "vic": {
        "price": 3.7,
        "promoText": " ",
        "packageSize": "520g",
        "packagePrice": "$0.71 per 100G"
      }
    }
  },
  {
    "id": "masterfoods-cooking-sauce-sicilian-style-chicken",
    "brand": "Masterfoods",
    "name": "Sicilian Style Chicken Cooking Sauce",
    "imageUrl": "https://shop.coles.com.au/wcsstore/Coles-CAS/images/3/4/7/3476299-th.jpg",
    "categories": ["pantry"],
    "tags": ["sauces", "recipe-meal-bases"],
    "locations": {
      "vic": {
        "price": 3.7,
        "promoText": " ",
        "packageSize": "500g",
        "packagePrice": "$0.74 per 100G"
      }
    }
  },
  {
    "id": "masterfoods-cooking-sauce-chicken-and-chorizo",
    "brand": "Masterfoods",
    "name": "Spanish Style Chicken & Chorizo Cooking Sauce",
    "imageUrl": "https://shop.coles.com.au/wcsstore/Coles-CAS/images/3/4/7/3476302-th.jpg",
    "categories": ["pantry"],
    "tags": ["sauces", "recipe-meal-bases"],
    "locations": {
      "vic": {
        "price": 3.7,
        "promoText": " ",
        "packageSize": "500g",
        "packagePrice": "$0.74 per 100G"
      }
    }
  },
  {
    "id": "masterfoods-cooking-sauce-cauliflower-mac-cheese",
    "brand": "Masterfoods",
    "name": "Cauliflower Mac & Cheese Cooking Sauce",
    "imageUrl": "https://shop.coles.com.au/wcsstore/Coles-CAS/images/3/4/7/3476288-th.jpg",
    "categories": ["pantry"],
    "tags": ["sauces", "recipe-meal-bases"],
    "locations": {
      "vic": {
        "price": 3.7,
        "promoText": " ",
        "packageSize": "490g",
        "packagePrice": "$0.76 per 100G"
      }
    }
  },
  {
    "id": "masterfods-coking-sauce-tikka-masala",
    "brand": "Masterfoods",
    "name": "Tikka Masala Cooking Sauce",
    "imageUrl": "https://shop.coles.com.au/wcsstore/Coles-CAS/images/3/7/6/3760849-th.jpg",
    "categories": ["pantry"],
    "tags": ["sauces", "recipe-meal-bases"],
    "locations": {
      "vic": {
        "price": 4.5,
        "promoText": " ",
        "packageSize": "375g",
        "packagePrice": "$1.20 per 100G"
      }
    }
  },
  {
    "id": "masterfods-recipe-base-garlic-kebab",
    "brand": "Masterfoods",
    "name": "Recipe Base Garlic Kebab",
    "imageUrl": "https://shop.coles.com.au/wcsstore/Coles-CAS/images/3/8/2/3827087-th.jpg",
    "categories": ["pantry"],
    "tags": ["sauces", "recipe-meal-bases"],
    "locations": {
      "vic": {
        "price": 2.2,
        "promoText": " ",
        "packageSize": "175g",
        "packagePrice": "$1.26 per 100G"
      }
    }
  },
  {
    "id": "masterfods-recipe-base-san-choy-bow",
    "brand": "Masterfoods",
    "name": "Recipe Base San Choy Bow",
    "imageUrl": "https://shop.coles.com.au/wcsstore/Coles-CAS/images/3/8/2/3827101-th.jpg",
    "categories": ["pantry"],
    "tags": ["sauces", "recipe-meal-bases"],
    "locations": {
      "vic": {
        "price": 2.2,
        "promoText": " ",
        "packageSize": "175g",
        "packagePrice": "$1.26 per 100G"
      }
    }
  },
  {
    "id": "masterfods-recipe-base-smokey-tacos",
    "brand": "Masterfoods",
    "name": "Recipe Base Smokey Tacos",
    "imageUrl": "https://shop.coles.com.au/wcsstore/Coles-CAS/images/3/8/2/3827098-th.jpg",
    "categories": ["pantry"],
    "tags": ["sauces", "recipe-meal-bases"],
    "locations": {
      "vic": {
        "price": 2.2,
        "promoText": " ",
        "packageSize": "175g",
        "packagePrice": "$1.26 per 100G"
      }
    }
  },
  {
    "id": "on-the-menu-beef-lasagne-3512870p",
    "brand": "On The Menu",
    "name": "Beef Lasagne",
    "imageUrl": "https://shop.coles.com.au/wcsstore/Coles-CAS/images/3/5/1/3512870-th.jpg",
    "categories": ["pantry"],
    "tags": ["sauces", "recipe-meal-bases"],
    "locations": {
      "vic": {
        "price": 4.5,
        "promoText": "Was $5.00 on Aug 2019 ",
        "packageSize": "400g",
        "packagePrice": "$1.13 per 100G"
      }
    }
  },
  {
    "id": "on-the-menu-penne-arrabiata",
    "brand": "On The Menu",
    "name": "Penne Arrabbiata Pasta",
    "imageUrl": "https://shop.coles.com.au/wcsstore/Coles-CAS/images/3/5/1/3512734-th.jpg",
    "categories": ["pantry"],
    "tags": ["sauces", "recipe-meal-bases"],
    "locations": {
      "vic": {
        "price": 4.5,
        "promoText": "Was $5.00 on Aug 2019 ",
        "packageSize": "400g",
        "packagePrice": "$1.13 per 100G"
      }
    }
  },
  {
    "id": "on-the-menu-spaghetti-meatballs-3512676p",
    "brand": "On The Menu",
    "name": "Spaghetti & Meatballs",
    "imageUrl": "https://shop.coles.com.au/wcsstore/Coles-CAS/images/3/5/1/3512676-th.jpg",
    "categories": ["pantry"],
    "tags": ["sauces", "recipe-meal-bases"],
    "locations": {
      "vic": {
        "price": 4.5,
        "promoText": "Was $5.00 on Aug 2019 ",
        "packageSize": "400g",
        "packagePrice": "$1.13 per 100G"
      }
    }
  },
  {
    "id": "on-the-menu-spaghetti-bolognese",
    "brand": "On The Menu",
    "name": "Spaghetti Bolognese",
    "imageUrl": "https://shop.coles.com.au/wcsstore/Coles-CAS/images/3/5/1/3512665-th.jpg",
    "categories": ["pantry"],
    "tags": ["sauces", "recipe-meal-bases"],
    "locations": {
      "vic": {
        "price": 4.5,
        "promoText": "Was $5.00 on Aug 2019 ",
        "packageSize": "400g",
        "packagePrice": "$1.13 per 100G"
      }
    }
  },
  {
    "id": "on-the-menu-3-cheese-macaroni",
    "brand": "On The Menu",
    "name": "3 Cheese Macaroni",
    "imageUrl": "https://shop.coles.com.au/wcsstore/Coles-CAS/images/3/5/1/3512643-th.jpg",
    "categories": ["pantry"],
    "tags": ["sauces", "recipe-meal-bases"],
    "locations": {
      "vic": {
        "price": 4.5,
        "promoText": "Was $5.00 on Aug 2019 ",
        "packageSize": "400g",
        "packagePrice": "$1.13 per 100G"
      }
    }
  },
  {
    "id": "on-the-menu-fettucine-carbonara",
    "brand": "On The Menu",
    "name": "Fettuccine Carbonara",
    "imageUrl": "https://shop.coles.com.au/wcsstore/Coles-CAS/images/3/5/1/3512701-th.jpg",
    "categories": ["pantry"],
    "tags": ["sauces", "recipe-meal-bases"],
    "locations": {
      "vic": {
        "price": 4.5,
        "promoText": "Was $5.00 on Aug 2019 ",
        "packageSize": "400g",
        "packagePrice": "$1.13 per 100G"
      }
    }
  },
  {
    "id": "on-the-menu-beef-ragu-pappardelle",
    "brand": "On The Menu",
    "name": "Beef Ragu Pappardelle",
    "imageUrl": "https://shop.coles.com.au/wcsstore/Coles-CAS/images/3/5/1/3512723-th.jpg",
    "categories": ["pantry"],
    "tags": ["sauces", "recipe-meal-bases"],
    "locations": {
      "vic": {
        "price": 4.5,
        "promoText": "Was $5.00 on Aug 2019 ",
        "packageSize": "400g",
        "packagePrice": "$1.13 per 100G"
      }
    }
  },
  {
    "id": "passage-to-india-sauce-balti-curry-simmer",
    "brand": "Passage Foods",
    "name": "Passage To India Balti Curry Simmer Sauce Pouch",
    "imageUrl": "https://shop.coles.com.au/wcsstore/Coles-CAS/images/6/8/3/6836197-th.jpg",
    "categories": ["pantry"],
    "tags": ["sauces", "recipe-meal-bases"],
    "locations": {
      "vic": {
        "price": 3.25,
        "promoText": "$1.45 ",
        "packageSize": "375g",
        "packagePrice": "$0.87 per 100G"
      }
    }
  },
  {
    "id": "passage-to-india-simmer-sauce-curry-coconut-cashew",
    "brand": "Passage Foods",
    "name": "Passage to India Sri Lankan Coconut & Cashew Chicken Simmer Sauce Pouch",
    "imageUrl": "https://shop.coles.com.au/wcsstore/Coles-CAS/images/1/3/2/1329180-th.jpg",
    "categories": ["pantry"],
    "tags": ["sauces", "recipe-meal-bases"],
    "locations": {
      "vic": {
        "price": 3.25,
        "promoText": "$1.45 ",
        "packageSize": "375g",
        "packagePrice": "$0.87 per 100G"
      }
    }
  },
  {
    "id": "passage-to-india-extra-mild-butter-chicken-simmer-sauce",
    "brand": "Passage Foods",
    "name": "Passage To India Butter Chicken Simmer Sauce Pouch Extra Mild",
    "imageUrl": "https://shop.coles.com.au/wcsstore/Coles-CAS/images/2/3/6/2360991-th.jpg",
    "categories": ["pantry"],
    "tags": ["sauces", "recipe-meal-bases"],
    "locations": {
      "vic": {
        "price": 3.25,
        "promoText": "$1.45 ",
        "packageSize": "375g",
        "packagePrice": "$0.87 per 100G"
      }
    }
  },
  {
    "id": "pataks-simmer-sauce-madras-450g",
    "brand": "Patak's",
    "name": "Madras Simmer Sauce Hot",
    "imageUrl": "https://shop.coles.com.au/wcsstore/Coles-CAS/images/2/9/1/2917821-th.jpg",
    "categories": ["pantry"],
    "tags": ["sauces", "recipe-meal-bases"],
    "locations": {
      "vic": {
        "price": 4.5,
        "promoText": " ",
        "packageSize": "450g",
        "packagePrice": "$1.00 per 100G"
      }
    }
  },
  {
    "id": "pataks-simmer-sauce-coconut-cashew-450g",
    "brand": "Patak's",
    "name": "Cashew & Coconut Simmer Sauce Mild",
    "imageUrl": "https://shop.coles.com.au/wcsstore/Coles-CAS/images/2/9/1/2917810-th.jpg",
    "categories": ["pantry"],
    "tags": ["sauces", "recipe-meal-bases"],
    "locations": {
      "vic": {
        "price": 4.5,
        "promoText": " ",
        "packageSize": "450g",
        "packagePrice": "$1.00 per 100G"
      }
    }
  },
  {
    "id": "pataks-simmer-sauce-rogan-josh-450g",
    "brand": "Patak's",
    "name": "Rogan Josh Simmer Sauce Medium",
    "imageUrl": "https://shop.coles.com.au/wcsstore/Coles-CAS/images/2/9/1/2917752-th.jpg",
    "categories": ["pantry"],
    "tags": ["sauces", "recipe-meal-bases"],
    "locations": {
      "vic": {
        "price": 4.5,
        "promoText": " ",
        "packageSize": "450g",
        "packagePrice": "$1.00 per 100G"
      }
    }
  },
  {
    "id": "patak-s-tandori-simmer-sauce",
    "brand": "Patak's",
    "name": "Tandoori Simmer Sauce",
    "imageUrl": "https://shop.coles.com.au/wcsstore/Coles-CAS/images/3/7/5/3754020-th.jpg",
    "categories": ["pantry"],
    "tags": ["sauces", "recipe-meal-bases"],
    "locations": {
      "vic": {
        "price": 4.5,
        "promoText": " ",
        "packageSize": "450g",
        "packagePrice": "$1.00 per 100G"
      }
    }
  },
  {
    "id": "pete-evans-simmer-sauce-moroccan",
    "brand": "Pete",
    "name": "Evans Moroccan Simmer Sauce",
    "imageUrl": "https://shop.coles.com.au/wcsstore/Coles-CAS/images/3/2/2/3225426-th.jpg",
    "categories": ["pantry"],
    "tags": ["sauces", "recipe-meal-bases"],
    "locations": {
      "vic": {
        "price": 5,
        "promoText": " ",
        "packageSize": "330g",
        "packagePrice": "$1.52 per 100G"
      }
    }
  },
  {
    "id": "pete-evans-simmer-sauce-jamaican",
    "brand": "Pete Evans",
    "name": "Jamaican Simmer Sauce",
    "imageUrl": "https://shop.coles.com.au/wcsstore/Coles-CAS/images/3/2/2/3225437-th.jpg",
    "categories": ["pantry"],
    "tags": ["sauces", "recipe-meal-bases"],
    "locations": {
      "vic": {
        "price": 5,
        "promoText": " ",
        "packageSize": "330g",
        "packagePrice": "$1.52 per 100G"
      }
    }
  },
  {
    "id": "pete-evans-simmer-sauce-butter-chicken",
    "brand": "Pete Evans",
    "name": "Butter Chicken Simmer Sauce",
    "imageUrl": "https://shop.coles.com.au/wcsstore/Coles-CAS/images/3/2/2/3225415-th.jpg",
    "categories": ["pantry"],
    "tags": ["sauces", "recipe-meal-bases"],
    "locations": {
      "vic": {
        "price": 5,
        "promoText": " ",
        "packageSize": "330g",
        "packagePrice": "$1.52 per 100G"
      }
    }
  },
  {
    "id": "sharwoods-sauce-simmer-butter-chicken",
    "brand": "Sharwood's",
    "name": "Butter Chicken Simmer Sauce",
    "imageUrl": "https://shop.coles.com.au/wcsstore/Coles-CAS/images/4/5/0/4505337-th.jpg",
    "categories": ["pantry"],
    "tags": ["sauces", "recipe-meal-bases"],
    "locations": {
      "vic": {
        "price": 3,
        "promoText": "Was $4.00 on Nov 2018 ",
        "packageSize": "420g",
        "packagePrice": "$0.71 per 100G"
      }
    }
  },
  {
    "id": "sharwoods-sauce-simmer-rogan-josh",
    "brand": "Sharwood's",
    "name": "Rogan Josh Simmer Sauce",
    "imageUrl": "https://shop.coles.com.au/wcsstore/Coles-CAS/images/4/5/6/4565805-th.jpg",
    "categories": ["pantry"],
    "tags": ["sauces", "recipe-meal-bases"],
    "locations": {
      "vic": {
        "price": 3,
        "promoText": "Was $4.00 on Nov 2018 ",
        "packageSize": "420g",
        "packagePrice": "$0.71 per 100G"
      }
    }
  },
  {
    "id": "sharwoods-sauce-simmer-tikka-masala",
    "brand": "Sharwood's",
    "name": "Tikka Masala Simmer Sauce",
    "imageUrl": "https://shop.coles.com.au/wcsstore/Coles-CAS/images/4/6/9/4699357-th.jpg",
    "categories": ["pantry"],
    "tags": ["sauces", "recipe-meal-bases"],
    "locations": {
      "vic": {
        "price": 3,
        "promoText": "Was $4.00 on Nov 2018 ",
        "packageSize": "420g",
        "packagePrice": "$0.71 per 100G"
      }
    }
  },
  {
    "id": "sharwoods-simmer-sauce-creamy-butter-chicken",
    "brand": "Sharwood's",
    "name": "Extra Creamy Butter Chicken Simmer Sauce",
    "imageUrl": "https://shop.coles.com.au/wcsstore/Coles-CAS/images/3/4/7/3474362-th.jpg",
    "categories": ["pantry"],
    "tags": ["sauces", "recipe-meal-bases"],
    "locations": {
      "vic": {
        "price": 3,
        "promoText": "Was $4.00 on Nov 2018 ",
        "packageSize": "420g",
        "packagePrice": "$0.71 per 100G"
      }
    }
  },
  {
    "id": "sharwod-s-tangy-butter-chicken-coking-sauce",
    "brand": "Sharwood's",
    "name": "Tangy Butter Chicken Cooking Sauce Pouch",
    "imageUrl": "https://shop.coles.com.au/wcsstore/Coles-CAS/images/3/7/5/3759748-th.jpg",
    "categories": ["pantry"],
    "tags": ["sauces", "recipe-meal-bases"],
    "locations": {
      "vic": {
        "price": 3.5,
        "promoText": " ",
        "packageSize": "250g",
        "packagePrice": "$1.40 per 100G"
      }
    }
  },
  {
    "id": "sharwod-s-spicy-tikka-coking-sauce",
    "brand": "Sharwood's",
    "name": "Spicy Tikka Cooking Sauce Pouch",
    "imageUrl": "https://shop.coles.com.au/wcsstore/Coles-CAS/images/3/7/5/3759726-th.jpg",
    "categories": ["pantry"],
    "tags": ["sauces", "recipe-meal-bases"],
    "locations": {
      "vic": {
        "price": 3.5,
        "promoText": " ",
        "packageSize": "250g",
        "packagePrice": "$1.40 per 100G"
      }
    }
  },
  {
    "id": "sharwod-s-creamy-coconut-korma-coking-sauce",
    "brand": "Sharwood's",
    "name": "Creamy Coconut Korma Cooking Sauce Pouch",
    "imageUrl": "https://shop.coles.com.au/wcsstore/Coles-CAS/images/3/7/5/3759715-th.jpg",
    "categories": ["pantry"],
    "tags": ["sauces", "recipe-meal-bases"],
    "locations": {
      "vic": {
        "price": 3.5,
        "promoText": " ",
        "packageSize": "250g",
        "packagePrice": "$1.40 per 100G"
      }
    }
  },
  {
    "id": "the-spice-tailor-sauce-curry-rustic-rogan-josh",
    "brand": "The Spice Tailor",
    "name": "Rustic Rogan Josh Curry Pouch Mild",
    "imageUrl": "https://shop.coles.com.au/wcsstore/Coles-CAS/images/1/3/3/1330180-th.jpg",
    "categories": ["pantry"],
    "tags": ["sauces", "recipe-meal-bases"],
    "locations": {
      "vic": {
        "price": 5.5,
        "promoText": " ",
        "packageSize": "300g",
        "packagePrice": "$1.83 per 100G"
      }
    }
  },
  {
    "id": "the-spice-tailor-sauce-curry-keralan-coconut",
    "brand": "The Spice Tailor",
    "name": "Keralan Coconut Curry",
    "imageUrl": "https://shop.coles.com.au/wcsstore/Coles-CAS/images/1/3/1/1311345-th.jpg",
    "categories": ["pantry"],
    "tags": ["sauces", "recipe-meal-bases"],
    "locations": {
      "vic": {
        "price": 5.5,
        "promoText": " ",
        "packageSize": "225g",
        "packagePrice": "$2.44 per 100G"
      }
    }
  },
  {
    "id": "the-spice-tailor-fiery-goan-curry-sauce",
    "brand": "The Spice Tailor",
    "name": "Fiery Goan Curry",
    "imageUrl": "https://shop.coles.com.au/wcsstore/Coles-CAS/images/2/3/6/2361203-th.jpg",
    "categories": ["pantry"],
    "tags": ["sauces", "recipe-meal-bases"],
    "locations": {
      "vic": {
        "price": 5.5,
        "promoText": " ",
        "packageSize": "300g",
        "packagePrice": "$1.83 per 100G"
      }
    }
  },
  {
    "id": "the-spice-tailor-hyderabad-red-korma",
    "brand": "The Spice Tailor",
    "name": "Hyderabad Red Korma",
    "imageUrl": "https://shop.coles.com.au/wcsstore/Coles-CAS/images/3/2/9/3299150-th.jpg",
    "categories": ["pantry"],
    "tags": ["sauces", "recipe-meal-bases"],
    "locations": {
      "vic": {
        "price": 5.5,
        "promoText": " ",
        "packageSize": "300g",
        "packagePrice": "$1.83 per 100G"
      }
    }
  },
  {
    "id": "the-spice-tailor-lentil-tarka-dal",
    "brand": "The Spice Tailor",
    "name": "Lentil Tarka Daal",
    "imageUrl": "https://shop.coles.com.au/wcsstore/Coles-CAS/images/3/7/6/3760474-th.jpg",
    "categories": ["pantry"],
    "tags": ["sauces", "recipe-meal-bases"],
    "locations": {
      "vic": {
        "price": 5.5,
        "promoText": " ",
        "packageSize": "500g",
        "packagePrice": "$1.10 per 100G"
      }
    }
  },
  {
    "id": "the-spice-tailor-mangalore-roasted-coconut",
    "brand": "The Spice Tailor",
    "name": "Mangalore Roasted Coconut",
    "imageUrl": "https://shop.coles.com.au/wcsstore/Coles-CAS/images/3/7/6/3760441-th.jpg",
    "categories": ["pantry"],
    "tags": ["sauces", "recipe-meal-bases"],
    "locations": {
      "vic": {
        "price": 5.5,
        "promoText": " ",
        "packageSize": "300g",
        "packagePrice": "$1.83 per 100G"
      }
    }
  },
  {
    "id": "maggi-oyster-sauce",
    "brand": "Maggi",
    "name": "Oyster Sauce",
    "imageUrl": "https://shop.coles.com.au/wcsstore/Coles-CAS/images/5/1/9/5196996-th.jpg",
    "categories": ["pantry"],
    "tags": ["sauces", "soy-asian"],
    "locations": {
      "vic": {
        "price": 3,
        "promoText": " ",
        "packageSize": "275mL",
        "packagePrice": "$1.09 per 100mL"
      }
    }
  },
  {
    "id": "fountain-soy-sauce",
    "brand": "Fountain",
    "name": "Soy Sauce",
    "imageUrl": "https://shop.coles.com.au/wcsstore/Coles-CAS/images/5/3/7/5377390-th.jpg",
    "categories": ["pantry"],
    "tags": ["sauces", "soy-asian"],
    "locations": {
      "vic": {
        "price": 2.7,
        "promoText": " ",
        "packageSize": "250mL",
        "packagePrice": "$1.08 per 100mL"
      }
    }
  },
  {
    "id": "fountain-hoisin-sauce",
    "brand": "Fountain",
    "name": "Hoi Sin Sauce",
    "imageUrl": "https://shop.coles.com.au/wcsstore/Coles-CAS/images/4/8/3/4838920-th.jpg",
    "categories": ["pantry"],
    "tags": ["sauces", "soy-asian"],
    "locations": {
      "vic": {
        "price": 2.7,
        "promoText": " ",
        "packageSize": "250mL",
        "packagePrice": "$1.08 per 100mL"
      }
    }
  },
  {
    "id": "kewpie-mayonnaise-4604984p",
    "brand": "Kewpie",
    "name": "Mayonnaise",
    "imageUrl": "https://shop.coles.com.au/wcsstore/Coles-CAS/images/4/6/0/4604984-th.jpg",
    "categories": ["pantry"],
    "tags": ["sauces", "soy-asian"],
    "locations": {
      "vic": {
        "price": 4.7,
        "promoText": " ",
        "packageSize": "300g",
        "packagePrice": "$1.57 per 100G"
      }
    }
  },
  {
    "id": "obento-panko-breadcrumbs",
    "brand": "Obento",
    "name": "Panko Bread Crumbs",
    "imageUrl": "https://shop.coles.com.au/wcsstore/Coles-CAS/images/2/0/1/2017230-th.jpg",
    "categories": ["pantry"],
    "tags": ["sauces", "soy-asian"],
    "locations": {
      "vic": {
        "price": 2,
        "promoText": "$0.30 ",
        "packageSize": "200g",
        "packagePrice": "$1.00 per 100G"
      }
    }
  },
  {
    "id": "obento-sushi-sheets-seaweed-yaki-nori",
    "brand": "Obento",
    "name": "Yaki Nori Seaweed Sushi Sheets",
    "imageUrl": "https://shop.coles.com.au/wcsstore/Coles-CAS/images/9/4/3/9435068-th.jpg",
    "categories": ["pantry"],
    "tags": ["sauces", "soy-asian"],
    "locations": {
      "vic": {
        "price": 2.46,
        "promoText": "$0.64 ",
        "packageSize": "25g",
        "packagePrice": "$9.84 per 100G"
      }
    }
  },
  {
    "id": "kikkoman-soy-sauce",
    "brand": "Kikkoman",
    "name": "Soy Sauce",
    "imageUrl": "https://shop.coles.com.au/wcsstore/Coles-CAS/images/8/2/8/8280895-th.jpg",
    "categories": ["pantry"],
    "tags": ["sauces", "soy-asian"],
    "locations": {
      "vic": {
        "price": 5.55,
        "promoText": "$0.70 ",
        "packageSize": "600mL",
        "packagePrice": "$0.93 per 100mL"
      }
    }
  },
  {
    "id": "dragon-phoenix-shallots-fried",
    "brand": "Dragon & Phoenix",
    "name": "Fried Shallots",
    "imageUrl": "https://shop.coles.com.au/wcsstore/Coles-CAS/images/5/4/6/5462954-th.jpg",
    "categories": ["pantry"],
    "tags": ["sauces", "soy-asian"],
    "locations": {
      "vic": {
        "price": 2.8,
        "promoText": " ",
        "packageSize": "100g",
        "packagePrice": "$2.80 per 100G"
      }
    }
  },
  {
    "id": "kikkoman-soy-sauce-salt-reduced-52897p",
    "brand": "Kikkoman",
    "name": "Salt Reduced Soy Sauce",
    "imageUrl": "https://shop.coles.com.au/wcsstore/Coles-CAS/images/5/2/8/52897-th.jpg",
    "categories": ["pantry"],
    "tags": ["sauces", "soy-asian"],
    "locations": {
      "vic": {
        "price": 5.5,
        "promoText": " ",
        "packageSize": "250mL",
        "packagePrice": "$2.20 per 100mL"
      }
    }
  },
  {
    "id": "kikkoman-soy-sauce-459125p",
    "brand": "Kikkoman",
    "name": "Soy Sauce",
    "imageUrl": "https://shop.coles.com.au/wcsstore/Coles-CAS/images/4/5/9/459125-th.jpg",
    "categories": ["pantry"],
    "tags": ["sauces", "soy-asian"],
    "locations": {
      "vic": {
        "price": 8,
        "promoText": "Was $9.50 on May 2020 ",
        "packageSize": "1L",
        "packagePrice": "$8.00 per 1L"
      }
    }
  },
  {
    "id": "coles-soy-sauce-2579434p",
    "brand": "Coles",
    "name": "Soy Sauce",
    "imageUrl": "https://shop.coles.com.au/wcsstore/Coles-CAS/images/2/5/7/2579434-th.jpg",
    "categories": ["pantry"],
    "tags": ["sauces", "soy-asian"],
    "locations": {
      "vic": {
        "price": 1.9,
        "promoText": " ",
        "packageSize": "500mL",
        "packagePrice": "$0.38 per 100mL"
      }
    }
  },
  {
    "id": "kikkoman-soy-sauce-gluten-free",
    "brand": "Kikkoman",
    "name": "Gluten Free Soy Sauce",
    "imageUrl": "https://shop.coles.com.au/wcsstore/Coles-CAS/images/7/8/3/7834131-th.jpg",
    "categories": ["pantry"],
    "tags": ["sauces", "soy-asian"],
    "locations": {
      "vic": {
        "price": 5,
        "promoText": " ",
        "packageSize": "250mL",
        "packagePrice": "$2.00 per 100mL"
      }
    }
  },
  {
    "id": "kikkoman-soy-sauce-128183p",
    "brand": "Kikkoman",
    "name": "Soy Sauce",
    "imageUrl": "https://shop.coles.com.au/wcsstore/Coles-CAS/images/1/2/8/128183-th.jpg",
    "categories": ["pantry"],
    "tags": ["sauces", "soy-asian"],
    "locations": {
      "vic": {
        "price": 4,
        "promoText": " ",
        "packageSize": "150mL",
        "packagePrice": "$2.67 per 100mL"
      }
    }
  },
  {
    "id": "pearl-river-bridge-light-soy-sauce",
    "brand": "Pearl River Bridge",
    "name": "Light Soy Sauce",
    "imageUrl": "https://shop.coles.com.au/wcsstore/Coles-CAS/images/4/0/4/404542-th.jpg",
    "categories": ["pantry"],
    "tags": ["sauces", "soy-asian"],
    "locations": {
      "vic": {
        "price": 2.85,
        "promoText": " ",
        "packageSize": "500mL",
        "packagePrice": "$0.57 per 100mL"
      }
    }
  },
  {
    "id": "conimex-ketjap-bentang-manis",
    "brand": "Conimex",
    "name": "Ketjap Manis Sweet Soy Sauce",
    "imageUrl": "https://shop.coles.com.au/wcsstore/Coles-CAS/images/2/0/2/202843-th.jpg",
    "categories": ["pantry"],
    "tags": ["sauces", "soy-asian"],
    "locations": {
      "vic": {
        "price": 5,
        "promoText": " ",
        "packageSize": "240mL",
        "packagePrice": "$2.08 per 100mL"
      }
    }
  },
  {
    "id": "kikkoman-tamari-soy-sauce",
    "brand": "Kikkoman",
    "name": "Tamari Soy Sauce",
    "imageUrl": "https://shop.coles.com.au/wcsstore/Coles-CAS/images/3/4/9/3498702-th.jpg",
    "categories": ["pantry"],
    "tags": ["sauces", "soy-asian"],
    "locations": {
      "vic": {
        "price": 4.65,
        "promoText": "$0.55 ",
        "packageSize": "250mL",
        "packagePrice": "$1.86 per 100mL"
      }
    }
  },
  {
    "id": "obento-cooking-sake",
    "brand": "Obento",
    "name": "Cooking Sake",
    "imageUrl": "https://shop.coles.com.au/wcsstore/Coles-CAS/images/2/0/1/2017616-th.jpg",
    "categories": ["pantry"],
    "tags": ["sauces", "soy-asian"],
    "locations": {
      "vic": {
        "price": 2.64,
        "promoText": "$0.66 ",
        "packageSize": "250mL",
        "packagePrice": "$1.06 per 100mL"
      }
    }
  },
  {
    "id": "ayam-vegetarian-oyster-sauce",
    "brand": "Ayam",
    "name": "Vegetarian Oyster Sauce",
    "imageUrl": "https://shop.coles.com.au/wcsstore/Coles-CAS/images/3/7/5/3755260-th.jpg",
    "categories": ["pantry"],
    "tags": ["sauces", "soy-asian"],
    "locations": {
      "vic": {
        "price": 3.2,
        "promoText": " ",
        "packageSize": "210mL",
        "packagePrice": "$1.52 per 100mL"
      }
    }
  },
  {
    "id": "valcom-rice-paper-22cm",
    "brand": "Valcom",
    "name": "Rice Paper",
    "imageUrl": "https://shop.coles.com.au/wcsstore/Coles-CAS/images/9/9/1/9919905-th.jpg",
    "categories": ["pantry"],
    "tags": ["sauces", "soy-asian"],
    "locations": {
      "vic": {
        "price": 2.45,
        "promoText": " ",
        "packageSize": "250g",
        "packagePrice": "$0.98 per 100G"
      }
    }
  },
  {
    "id": "wing-hong-sausage-pork",
    "brand": "Wing Hong",
    "name": "Pork Sausage",
    "imageUrl": "https://shop.coles.com.au/wcsstore/Coles-CAS/images/9/7/4/9743784-th.jpg",
    "categories": ["pantry"],
    "tags": ["sauces", "soy-asian"],
    "locations": {
      "vic": {
        "price": 8,
        "promoText": " ",
        "packageSize": "175g",
        "packagePrice": "$45.72 per 1Kg"
      }
    }
  },
  {
    "id": "coles-sauce-oyster",
    "brand": "Coles",
    "name": "Oyster Sauce",
    "imageUrl": "https://shop.coles.com.au/wcsstore/Coles-CAS/images/5/3/3/5332234-th.jpg",
    "categories": ["pantry"],
    "tags": ["sauces", "soy-asian"],
    "locations": {
      "vic": {
        "price": 2.1,
        "promoText": " ",
        "packageSize": "300mL",
        "packagePrice": "$0.70 per 100mL"
      }
    }
  },
  {
    "id": "coles-brand-panko-crumbs",
    "brand": "Coles",
    "name": "Asia Panko Crumbs",
    "imageUrl": "https://shop.coles.com.au/wcsstore/Coles-CAS/images/3/7/3/3735670-th.jpg",
    "categories": ["pantry"],
    "tags": ["sauces", "soy-asian"],
    "locations": {
      "vic": {
        "price": 2,
        "promoText": " ",
        "packageSize": "250g",
        "packagePrice": "$0.80 per 100G"
      }
    }
  },
  {
    "id": "double-phoenix-crackers-red-prawn",
    "brand": "Double Phoenix",
    "name": "Red Prawn Crackers",
    "imageUrl": "https://shop.coles.com.au/wcsstore/Coles-CAS/images/5/4/8/5487467-th.jpg",
    "categories": ["pantry"],
    "tags": ["sauces", "soy-asian"],
    "locations": {
      "vic": {
        "price": 1.65,
        "promoText": " ",
        "packageSize": "200g",
        "packagePrice": "$0.83 per 100G"
      }
    }
  },
  {
    "id": "jennys-tamarind-seedless",
    "brand": "Jeeny's",
    "name": "Tamarind Puree",
    "imageUrl": "https://shop.coles.com.au/wcsstore/Coles-CAS/images/9/4/3/9434622-th.jpg",
    "categories": ["pantry"],
    "tags": ["sauces", "soy-asian"],
    "locations": {
      "vic": {
        "price": 5.2,
        "promoText": " ",
        "packageSize": "220g",
        "packagePrice": "$2.36 per 100G"
      }
    }
  },
  {
    "id": "pandaroo-wine-chinese-cooking",
    "brand": "Pandaroo",
    "name": "Chinese Cooking Wine",
    "imageUrl": "https://shop.coles.com.au/wcsstore/Coles-CAS/images/6/7/9/6799829-th.jpg",
    "categories": ["pantry"],
    "tags": ["sauces", "soy-asian"],
    "locations": {
      "vic": {
        "price": 3.3,
        "promoText": " ",
        "packageSize": "375mL",
        "packagePrice": "$0.88 per 100mL"
      }
    }
  },
  {
    "id": "jeenys-sugar-palm",
    "brand": "Jeeny's Palm",
    "name": "Flavoured Sugar",
    "imageUrl": "https://shop.coles.com.au/wcsstore/Coles-CAS/images/4/8/3/4839977-th.jpg",
    "categories": ["pantry"],
    "tags": ["sauces", "soy-asian"],
    "locations": {
      "vic": {
        "price": 2.6,
        "promoText": " ",
        "packageSize": "260g",
        "packagePrice": "$1.00 per 100G"
      }
    }
  },
  {
    "id": "erawan-tapioca-starch",
    "brand": "Erawan",
    "name": "Tapioca Starch",
    "imageUrl": "https://shop.coles.com.au/wcsstore/Coles-CAS/images/5/2/5/5252452-th.jpg",
    "categories": ["pantry"],
    "tags": ["sauces", "soy-asian"],
    "locations": {
      "vic": {
        "price": 1,
        "promoText": " ",
        "packageSize": "500g",
        "packagePrice": "$0.20 per 100G"
      }
    }
  },
  {
    "id": "fountain-satay-sauce",
    "brand": "Fountain",
    "name": "Satay Sauce",
    "imageUrl": "https://shop.coles.com.au/wcsstore/Coles-CAS/images/5/3/7/5377356-th.jpg",
    "categories": ["pantry"],
    "tags": ["sauces", "soy-asian"],
    "locations": {
      "vic": {
        "price": 2.7,
        "promoText": " ",
        "packageSize": "250mL",
        "packagePrice": "$1.08 per 100mL"
      }
    }
  },
  {
    "id": "obento-panko-breadcrumb",
    "brand": "Obento",
    "name": "Panko Bread Crumbs",
    "imageUrl": "https://shop.coles.com.au/wcsstore/Coles-CAS/images/3/5/1/3511345-th.jpg",
    "categories": ["pantry"],
    "tags": ["sauces", "soy-asian"],
    "locations": {
      "vic": {
        "price": 0,
        "promoText": " ",
        "packageSize": "1kg",
        "packagePrice": ""
      }
    }
  },
  {
    "id": "valcom-paste-paste-green-curry",
    "brand": "Valcom",
    "name": "Green Curry Paste",
    "imageUrl": "https://shop.coles.com.au/wcsstore/Coles-CAS/images/6/8/2/6823413-th.jpg",
    "categories": ["pantry"],
    "tags": ["sauces", "stir-fry-and-curries"],
    "locations": {
      "vic": {
        "price": 4,
        "promoText": " ",
        "packageSize": "210g",
        "packagePrice": "$1.90 per 100G"
      }
    }
  },
  {
    "id": "hikari-paste-miso-white",
    "brand": "Hikari",
    "name": "White Miso Paste",
    "imageUrl": "https://shop.coles.com.au/wcsstore/Coles-CAS/images/6/0/6/6068980-th.jpg",
    "categories": ["pantry"],
    "tags": ["sauces", "stir-fry-and-curries"],
    "locations": {
      "vic": {
        "price": 3.2,
        "promoText": "$0.80 ",
        "packageSize": "400g",
        "packagePrice": "$0.80 per 100G"
      }
    }
  },
  {
    "id": "obento-vinegar-rice-wine",
    "brand": "Obento",
    "name": "Rice Wine Vinegar",
    "imageUrl": "https://shop.coles.com.au/wcsstore/Coles-CAS/images/4/6/0/4605070-th.jpg",
    "categories": ["pantry"],
    "tags": ["sauces", "stir-fry-and-curries"],
    "locations": {
      "vic": {
        "price": 1.82,
        "promoText": "$0.48 ",
        "packageSize": "250mL",
        "packagePrice": "$0.73 per 100mL"
      }
    }
  },
  {
    "id": "lee-kum-kee-sauce-soy-premium",
    "brand": "Lee Kum Kee",
    "name": "Soy Sauce",
    "imageUrl": "https://shop.coles.com.au/wcsstore/Coles-CAS/images/9/4/3/9434699-th.jpg",
    "categories": ["pantry"],
    "tags": ["sauces", "stir-fry-and-curries"],
    "locations": {
      "vic": {
        "price": 3.8,
        "promoText": " ",
        "packageSize": "500mL",
        "packagePrice": "$0.76 per 100mL"
      }
    }
  },
  {
    "id": "five-tastes-paste-thai-green-curry",
    "brand": "Five Tastes",
    "name": "Thai Green Curry Paste",
    "imageUrl": "https://shop.coles.com.au/wcsstore/Coles-CAS/images/1/3/3/1334533-th.jpg",
    "categories": ["pantry"],
    "tags": ["sauces", "stir-fry-and-curries"],
    "locations": {
      "vic": {
        "price": 3,
        "promoText": "Was $3.80 on Oct 2018 ",
        "packageSize": "210g",
        "packagePrice": "$1.43 per 100G"
      }
    }
  },
  {
    "id": "ongs-sauce-hoisin",
    "brand": "Ong's",
    "name": "Hoisin Sauce",
    "imageUrl": "https://shop.coles.com.au/wcsstore/Coles-CAS/images/8/9/3/8931938-th.jpg",
    "categories": ["pantry"],
    "tags": ["sauces", "stir-fry-and-curries"],
    "locations": {
      "vic": {
        "price": 2.2,
        "promoText": "$0.55 ",
        "packageSize": "227g",
        "packagePrice": "$0.97 per 100G"
      }
    }
  },
  {
    "id": "five-tastes-massaman-paste",
    "brand": "Five Tastes",
    "name": "Massaman Curry Paste",
    "imageUrl": "https://shop.coles.com.au/wcsstore/Coles-CAS/images/2/7/3/2733341-th.jpg",
    "categories": ["pantry"],
    "tags": ["sauces", "stir-fry-and-curries"],
    "locations": {
      "vic": {
        "price": 3,
        "promoText": "Was $3.80 on Oct 2018 ",
        "packageSize": "210g",
        "packagePrice": "$1.43 per 100G"
      }
    }
  },
  {
    "id": "lee-kum-kee-sauce-hoisin-5252962p",
    "brand": "Lee Kum Kee",
    "name": "Hoisin Sauce",
    "imageUrl": "https://shop.coles.com.au/wcsstore/Coles-CAS/images/5/2/5/5252962-th.jpg",
    "categories": ["pantry"],
    "tags": ["sauces", "stir-fry-and-curries"],
    "locations": {
      "vic": {
        "price": 2,
        "promoText": "$1.60 ",
        "packageSize": "240g",
        "packagePrice": "$0.83 per 100G"
      }
    }
  },
  {
    "id": "ayam-sauce-oyster",
    "brand": "Ayam",
    "name": "Oyster Sauce",
    "imageUrl": "https://shop.coles.com.au/wcsstore/Coles-CAS/images/6/1/6/6165772-th.jpg",
    "categories": ["pantry"],
    "tags": ["sauces", "stir-fry-and-curries"],
    "locations": {
      "vic": {
        "price": 4.25,
        "promoText": " ",
        "packageSize": "420mL",
        "packagePrice": "$1.01 per 100mL"
      }
    }
  },
  {
    "id": "ayam-sauce-black-bean",
    "brand": "Ayam",
    "name": "Black Bean Sauce",
    "imageUrl": "https://shop.coles.com.au/wcsstore/Coles-CAS/images/6/0/6/60614-th.jpg",
    "categories": ["pantry"],
    "tags": ["sauces", "stir-fry-and-curries"],
    "locations": {
      "vic": {
        "price": 3.2,
        "promoText": " ",
        "packageSize": "210mL",
        "packagePrice": "$1.52 per 100mL"
      }
    }
  },
  {
    "id": "ongs-sauce-oyster",
    "brand": "Ong's",
    "name": "Oyster Sauce",
    "imageUrl": "https://shop.coles.com.au/wcsstore/Coles-CAS/images/6/6/7/6671188-th.jpg",
    "categories": ["pantry"],
    "tags": ["sauces", "stir-fry-and-curries"],
    "locations": {
      "vic": {
        "price": 1.83,
        "promoText": "$0.47 ",
        "packageSize": "255g",
        "packagePrice": "$0.72 per 100G"
      }
    }
  },
  {
    "id": "abc-sauce-soy-sweet-9756108p",
    "brand": "ABC",
    "name": "Sweet Soy Sauce",
    "imageUrl": "https://shop.coles.com.au/wcsstore/Coles-CAS/images/9/7/5/9756108-th.jpg",
    "categories": ["pantry"],
    "tags": ["sauces", "stir-fry-and-curries"],
    "locations": {
      "vic": {
        "price": 2,
        "promoText": " ",
        "packageSize": "275mL",
        "packagePrice": "$0.73 per 100mL"
      }
    }
  },
  {
    "id": "ayam-paste-thai-green-curry",
    "brand": "Ayam",
    "name": "Thai Green Curry Paste",
    "imageUrl": "https://shop.coles.com.au/wcsstore/Coles-CAS/images/6/8/0/6801068-th.jpg",
    "categories": ["pantry"],
    "tags": ["sauces", "stir-fry-and-curries"],
    "locations": {
      "vic": {
        "price": 3.3,
        "promoText": " ",
        "packageSize": "195g",
        "packagePrice": "$1.69 per 100G"
      }
    }
  },
  {
    "id": "ayam-sauce-fish",
    "brand": "Ayam",
    "name": "Fish Sauce",
    "imageUrl": "https://shop.coles.com.au/wcsstore/Coles-CAS/images/6/0/8/6082824-th.jpg",
    "categories": ["pantry"],
    "tags": ["sauces", "stir-fry-and-curries"],
    "locations": {
      "vic": {
        "price": 3.2,
        "promoText": " ",
        "packageSize": "210mL",
        "packagePrice": "$1.52 per 100mL"
      }
    }
  },
  {
    "id": "lee-kum-kee-sauce-cantonese-chicken",
    "brand": "Lee Kum Kee",
    "name": "Cantonese Chicken Stir Fry Sauce Pouch",
    "imageUrl": "https://shop.coles.com.au/wcsstore/Coles-CAS/images/8/1/0/8104473-th.jpg",
    "categories": ["pantry"],
    "tags": ["sauces", "stir-fry-and-curries"],
    "locations": {
      "vic": {
        "price": 2.2,
        "promoText": " ",
        "packageSize": "120g",
        "packagePrice": "$1.83 per 100G"
      }
    }
  },
  {
    "id": "lee-kum-kee-sauce-teriyaki-beef-ready",
    "brand": "Lee Kum Kee",
    "name": "Teriyaki Beef Sauce Pouch",
    "imageUrl": "https://shop.coles.com.au/wcsstore/Coles-CAS/images/6/0/6/6069837-th.jpg",
    "categories": ["pantry"],
    "tags": ["sauces", "stir-fry-and-curries"],
    "locations": {
      "vic": {
        "price": 2.2,
        "promoText": " ",
        "packageSize": "100g",
        "packagePrice": "$2.20 per 100G"
      }
    }
  },
  {
    "id": "s-b-curry-golden-medium-hot",
    "brand": "S & B",
    "name": "Golden Curry Medium Hot Sauce Mix",
    "imageUrl": "https://shop.coles.com.au/wcsstore/Coles-CAS/images/9/4/5/9456374-th.jpg",
    "categories": ["pantry"],
    "tags": ["sauces", "stir-fry-and-curries"],
    "locations": {
      "vic": {
        "price": 3.6,
        "promoText": "$0.90 ",
        "packageSize": "92g",
        "packagePrice": "$3.91 per 100G"
      }
    }
  },
  {
    "id": "five-tastes-paste-thai-red-curry",
    "brand": "Five Tastes",
    "name": "Thai Red Curry Paste",
    "imageUrl": "https://shop.coles.com.au/wcsstore/Coles-CAS/images/1/3/3/1335117-th.jpg",
    "categories": ["pantry"],
    "tags": ["sauces", "stir-fry-and-curries"],
    "locations": {
      "vic": {
        "price": 3,
        "promoText": "Was $3.80 on Oct 2018 ",
        "packageSize": "210g",
        "packagePrice": "$1.43 per 100G"
      }
    }
  },
  {
    "id": "kewpie-japanese-roasted-sesame-dressing",
    "brand": "Kewpie Japanese Dressing",
    "name": "Roasted Sesame",
    "imageUrl": "https://shop.coles.com.au/wcsstore/Coles-CAS/images/2/0/0/2000544-th.jpg",
    "categories": ["pantry"],
    "tags": ["sauces", "stir-fry-and-curries"],
    "locations": {
      "vic": {
        "price": 4.6,
        "promoText": " ",
        "packageSize": "210mL",
        "packagePrice": "$2.19 per 100mL"
      }
    }
  },
  {
    "id": "kewpie-sesame-soy-sauce-japanese-dressing",
    "brand": "Kewpie Japanese Dressing",
    "name": "Sesame Soy Sauce",
    "imageUrl": "https://shop.coles.com.au/wcsstore/Coles-CAS/images/2/0/0/2000555-th.jpg",
    "categories": ["pantry"],
    "tags": ["sauces", "stir-fry-and-curries"],
    "locations": {
      "vic": {
        "price": 4.6,
        "promoText": " ",
        "packageSize": "210mL",
        "packagePrice": "$2.19 per 100mL"
      }
    }
  },
  {
    "id": "lee-kum-kee-sauce-sweet-sour",
    "brand": "Lee Kum Kee",
    "name": "Sweet & Sour Sauce",
    "imageUrl": "https://shop.coles.com.au/wcsstore/Coles-CAS/images/5/8/5/5856010-th.jpg",
    "categories": ["pantry"],
    "tags": ["sauces", "stir-fry-and-curries"],
    "locations": {
      "vic": {
        "price": 3.4,
        "promoText": " ",
        "packageSize": "240g",
        "packagePrice": "$1.42 per 100G"
      }
    }
  },
  {
    "id": "obento-mirin-seasoning-3743759p",
    "brand": "Obento",
    "name": "Mirin Seasoning",
    "imageUrl": "https://shop.coles.com.au/wcsstore/Coles-CAS/images/3/7/4/3743759-th.jpg",
    "categories": ["pantry"],
    "tags": ["sauces", "stir-fry-and-curries"],
    "locations": {
      "vic": {
        "price": 3.8,
        "promoText": " ",
        "packageSize": "250mL",
        "packagePrice": "$1.52 per 100mL"
      }
    }
  },
  {
    "id": "ottogi-korean-bbq-bulgogi-sauce",
    "brand": "Ottogi",
    "name": "Korean BBQ Bulgogi Sauce",
    "imageUrl": "https://shop.coles.com.au/wcsstore/Coles-CAS/images/3/7/3/3737268-th.jpg",
    "categories": ["pantry"],
    "tags": ["sauces", "stir-fry-and-curries"],
    "locations": {
      "vic": {
        "price": 3.5,
        "promoText": " ",
        "packageSize": "240g",
        "packagePrice": "$1.46 per 100G"
      }
    }
  },
  {
    "id": "sharwod-s-japanese-katsu-curry-pouch",
    "brand": "Sharwood's",
    "name": "Japanese Katsu Curry Pouch",
    "imageUrl": "https://shop.coles.com.au/wcsstore/Coles-CAS/images/3/7/3/3730203-th.jpg",
    "categories": ["pantry"],
    "tags": ["sauces", "stir-fry-and-curries"],
    "locations": {
      "vic": {
        "price": 3.5,
        "promoText": " ",
        "packageSize": "250g",
        "packagePrice": "$1.40 per 100G"
      }
    }
  },
  {
    "id": "valcom-paste-red-curry",
    "brand": "Valcom",
    "name": "Red Curry Paste",
    "imageUrl": "https://shop.coles.com.au/wcsstore/Coles-CAS/images/6/8/2/6823151-th.jpg",
    "categories": ["pantry"],
    "tags": ["sauces", "stir-fry-and-curries"],
    "locations": {
      "vic": {
        "price": 4,
        "promoText": " ",
        "packageSize": "210g",
        "packagePrice": "$1.90 per 100G"
      }
    }
  },
  {
    "id": "yeos-oil-sesame-5077283p",
    "brand": "Yeo's",
    "name": "Oil Sesame",
    "imageUrl": "https://shop.coles.com.au/wcsstore/Coles-CAS/images/5/0/7/5077283-th.jpg",
    "categories": ["pantry"],
    "tags": ["sauces", "stir-fry-and-curries"],
    "locations": {
      "vic": {
        "price": 3.15,
        "promoText": " ",
        "packageSize": "150mL",
        "packagePrice": "$2.10 per 100mL"
      }
    }
  },
  {
    "id": "abc-sauce-chilli-sambal-asli",
    "brand": "ABC",
    "name": "Original Chilli Sauce",
    "imageUrl": "https://shop.coles.com.au/wcsstore/Coles-CAS/images/5/4/2/5422202-th.jpg",
    "categories": ["pantry"],
    "tags": ["sauces", "stir-fry-and-curries"],
    "locations": {
      "vic": {
        "price": 2,
        "promoText": "$0.75 ",
        "packageSize": "335mL",
        "packagePrice": "$0.60 per 100mL"
      }
    }
  },
  {
    "id": "ayam-malaysian-nyonya-curry-paste-6801104p",
    "brand": "Ayam",
    "name": "Malaysian Nyonya Curry Paste",
    "imageUrl": "https://shop.coles.com.au/wcsstore/Coles-CAS/images/6/8/0/6801104-th.jpg",
    "categories": ["pantry"],
    "tags": ["sauces", "stir-fry-and-curries"],
    "locations": {
      "vic": {
        "price": 3.3,
        "promoText": " ",
        "packageSize": "185g",
        "packagePrice": "$1.78 per 100G"
      }
    }
  },
  {
    "id": "changs-dressing-oriental-noodle-salad",
    "brand": "Chang's",
    "name": "Crispy Noodle Salad Dressing",
    "imageUrl": "https://shop.coles.com.au/wcsstore/Coles-CAS/images/6/8/0/6803642-th.jpg",
    "categories": ["pantry"],
    "tags": ["sauces", "stir-fry-and-curries"],
    "locations": {
      "vic": {
        "price": 2.8,
        "promoText": " ",
        "packageSize": "280mL",
        "packagePrice": "$1.00 per 100mL"
      }
    }
  },
  {
    "id": "coles-asia-sesame-oil",
    "brand": "Coles",
    "name": "Asia Sesame Oil",
    "imageUrl": "https://shop.coles.com.au/wcsstore/Coles-CAS/images/3/7/3/3735615-th.jpg",
    "categories": ["pantry"],
    "tags": ["sauces", "stir-fry-and-curries"],
    "locations": {
      "vic": {
        "price": 6,
        "promoText": " ",
        "packageSize": "370mL",
        "packagePrice": "$1.62 per 100mL"
      }
    }
  },
  {
    "id": "kewpie-mayonnaise",
    "brand": "Kewpie",
    "name": "Mayonnaise",
    "imageUrl": "https://shop.coles.com.au/wcsstore/Coles-CAS/images/7/6/5/7651539-th.jpg",
    "categories": ["pantry"],
    "tags": ["sauces", "stir-fry-and-curries"],
    "locations": {
      "vic": {
        "price": 7,
        "promoText": " ",
        "packageSize": "500g",
        "packagePrice": "$1.40 per 100G"
      }
    }
  },
  {
    "id": "lee-kum-kee-ready-sauce-honey-soy-chicken",
    "brand": "Lee Kum Kee",
    "name": "Honey & Soy Chicken Stir Fry Sauce",
    "imageUrl": "https://shop.coles.com.au/wcsstore/Coles-CAS/images/8/7/7/8774319-th.jpg",
    "categories": ["pantry"],
    "tags": ["sauces", "stir-fry-and-curries"],
    "locations": {
      "vic": {
        "price": 2.2,
        "promoText": " ",
        "packageSize": "120g",
        "packagePrice": "$1.83 per 100G"
      }
    }
  },
  {
    "id": "mae-ploy-sauce-chilli-sweet",
    "brand": "Mae Ploy",
    "name": "Sweet Chilli Sauce",
    "imageUrl": "https://shop.coles.com.au/wcsstore/Coles-CAS/images/5/3/0/5305093-th.jpg",
    "categories": ["pantry"],
    "tags": ["sauces", "stir-fry-and-curries"],
    "locations": {
      "vic": {
        "price": 2.3,
        "promoText": "$0.60 ",
        "packageSize": "280mL",
        "packagePrice": "$0.82 per 100mL"
      }
    }
  },
  {
    "id": "squid-sauce-fish",
    "brand": "Squid",
    "name": "Fish Sauce",
    "imageUrl": "https://shop.coles.com.au/wcsstore/Coles-CAS/images/5/4/2/5420998-th.jpg",
    "categories": ["pantry"],
    "tags": ["sauces", "stir-fry-and-curries"],
    "locations": {
      "vic": {
        "price": 2,
        "promoText": " ",
        "packageSize": "300mL",
        "packagePrice": "$0.67 per 100mL"
      }
    }
  },
  {
    "id": "valcom-lemon-grass",
    "brand": "Valcom",
    "name": "Lemongrass",
    "imageUrl": "https://shop.coles.com.au/wcsstore/Coles-CAS/images/6/8/2/6823322-th.jpg",
    "categories": ["pantry"],
    "tags": ["sauces", "stir-fry-and-curries"],
    "locations": {
      "vic": {
        "price": 2.85,
        "promoText": " ",
        "packageSize": "100g",
        "packagePrice": "$0.29 per 10G"
      }
    }
  },
  {
    "id": "valcom-paste-yellow-curry",
    "brand": "Valcom",
    "name": "Yellow Curry Paste",
    "imageUrl": "https://shop.coles.com.au/wcsstore/Coles-CAS/images/6/8/0/6803020-th.jpg",
    "categories": ["pantry"],
    "tags": ["sauces", "stir-fry-and-curries"],
    "locations": {
      "vic": {
        "price": 4,
        "promoText": " ",
        "packageSize": "230g",
        "packagePrice": "$1.74 per 100G"
      }
    }
  },
  {
    "id": "valcom-lime-leaves-kaffir",
    "brand": "Valcom",
    "name": "Kaffir Lime Leaves",
    "imageUrl": "https://shop.coles.com.au/wcsstore/Coles-CAS/images/9/4/3/9435079-th.jpg",
    "categories": ["pantry"],
    "tags": ["sauces", "stir-fry-and-curries"],
    "locations": {
      "vic": {
        "price": 2.85,
        "promoText": " ",
        "packageSize": "100g",
        "packagePrice": "$28.50 per 1Kg"
      }
    }
  },
  {
    "id": "abc-sauce-chilli-hot",
    "brand": "ABC",
    "name": "Extra Hot Chilli Sauce",
    "imageUrl": "https://shop.coles.com.au/wcsstore/Coles-CAS/images/5/4/2/5422199-th.jpg",
    "categories": ["pantry"],
    "tags": ["sauces", "stir-fry-and-curries"],
    "locations": {
      "vic": {
        "price": 2,
        "promoText": "$0.75 ",
        "packageSize": "335mL",
        "packagePrice": "$0.60 per 100mL"
      }
    }
  },
  {
    "id": "ayam-sauce-teriyaki",
    "brand": "Ayam",
    "name": "Teriyaki Sauce",
    "imageUrl": "https://shop.coles.com.au/wcsstore/Coles-CAS/images/6/0/8/6082835-th.jpg",
    "categories": ["pantry"],
    "tags": ["sauces", "stir-fry-and-curries"],
    "locations": {
      "vic": {
        "price": 3.2,
        "promoText": " ",
        "packageSize": "210mL",
        "packagePrice": "$1.52 per 100mL"
      }
    }
  },
  {
    "id": "ayam-thai-yellow-curry-paste",
    "brand": "Ayam",
    "name": "Thai Yellow Curry Paste Mild",
    "imageUrl": "https://shop.coles.com.au/wcsstore/Coles-CAS/images/2/0/0/2001423-th.jpg",
    "categories": ["pantry"],
    "tags": ["sauces", "stir-fry-and-curries"],
    "locations": {
      "vic": {
        "price": 3.3,
        "promoText": " ",
        "packageSize": "185g",
        "packagePrice": "$1.78 per 100G"
      }
    }
  },
  {
    "id": "kantong--thai-green-curry-paste",
    "brand": "Kan Tong Thai",
    "name": "Green Curry Paste",
    "imageUrl": "https://shop.coles.com.au/wcsstore/Coles-CAS/images/2/3/5/2352428-th.jpg",
    "categories": ["pantry"],
    "tags": ["sauces", "stir-fry-and-curries"],
    "locations": {
      "vic": {
        "price": 4,
        "promoText": "Any 2 $6",
        "packageSize": "250g",
        "packagePrice": "$1.60 per 100G"
      }
    }
  },
  {
    "id": "laoganma-chilli-oil-black-bean",
    "brand": "Laoganma",
    "name": "Chilli Oil Black Bean",
    "imageUrl": "https://shop.coles.com.au/wcsstore/Coles-CAS/images/3/7/3/3739729-th.jpg",
    "categories": ["pantry"],
    "tags": ["sauces", "stir-fry-and-curries"],
    "locations": {
      "vic": {
        "price": 3,
        "promoText": " ",
        "packageSize": "210g",
        "packagePrice": "$1.43 per 100G"
      }
    }
  },
  {
    "id": "lee-kum-kee-sauce-soy-9434688p",
    "brand": "Lee Kum Kee",
    "name": "Soy Sauce",
    "imageUrl": "https://shop.coles.com.au/wcsstore/Coles-CAS/images/9/4/3/9434688-th.jpg",
    "categories": ["pantry"],
    "tags": ["sauces", "stir-fry-and-curries"],
    "locations": {
      "vic": {
        "price": 2,
        "promoText": "$0.60 ",
        "packageSize": "150mL",
        "packagePrice": "$1.33 per 100mL"
      }
    }
  },
  {
    "id": "s-b-curry-golden-mild",
    "brand": "S & B",
    "name": "Golden Curry Mild Curry Sauce Mix",
    "imageUrl": "https://shop.coles.com.au/wcsstore/Coles-CAS/images/5/8/0/5800026-th.jpg",
    "categories": ["pantry"],
    "tags": ["sauces", "stir-fry-and-curries"],
    "locations": {
      "vic": {
        "price": 3.6,
        "promoText": "$0.90 ",
        "packageSize": "92g",
        "packagePrice": "$3.91 per 100G"
      }
    }
  },
  {
    "id": "s-b-paste-wasabi-horseradish",
    "brand": "S & B",
    "name": "Wasabi Paste",
    "imageUrl": "https://shop.coles.com.au/wcsstore/Coles-CAS/images/5/7/4/57460-th.jpg",
    "categories": ["pantry"],
    "tags": ["sauces", "stir-fry-and-curries"],
    "locations": {
      "vic": {
        "price": 2.34,
        "promoText": "$0.66 ",
        "packageSize": "43g",
        "packagePrice": "$5.44 per 100G"
      }
    }
  },
  {
    "id": "ayam-paste-thai-red-curry",
    "brand": "Ayam",
    "name": "Thai Red Curry Paste",
    "imageUrl": "https://shop.coles.com.au/wcsstore/Coles-CAS/images/6/8/0/6801057-th.jpg",
    "categories": ["pantry"],
    "tags": ["sauces", "stir-fry-and-curries"],
    "locations": {
      "vic": {
        "price": 3.3,
        "promoText": " ",
        "packageSize": "195g",
        "packagePrice": "$1.69 per 100G"
      }
    }
  },
  {
    "id": "ayam-sauce-mild-satay",
    "brand": "Ayam",
    "name": "Satay Sauce Canned Mild",
    "imageUrl": "https://shop.coles.com.au/wcsstore/Coles-CAS/images/6/0/8/6084499-th.jpg",
    "categories": ["pantry"],
    "tags": ["sauces", "stir-fry-and-curries"],
    "locations": {
      "vic": {
        "price": 3.3,
        "promoText": " ",
        "packageSize": "250mL",
        "packagePrice": "$1.32 per 100mL"
      }
    }
  },
  {
    "id": "ayam-sauce-hoi-sin",
    "brand": "Ayam",
    "name": "Hoi Sin Sauce",
    "imageUrl": "https://shop.coles.com.au/wcsstore/Coles-CAS/images/4/8/0/480530-th.jpg",
    "categories": ["pantry"],
    "tags": ["sauces", "stir-fry-and-curries"],
    "locations": {
      "vic": {
        "price": 3.2,
        "promoText": " ",
        "packageSize": "210mL",
        "packagePrice": "$1.52 per 100mL"
      }
    }
  },
  {
    "id": "kantong-satay-chicken-meal-base",
    "brand": "Kan Tong Satay",
    "name": "Chicken Paste",
    "imageUrl": "https://shop.coles.com.au/wcsstore/Coles-CAS/images/2/3/5/2352461-th.jpg",
    "categories": ["pantry"],
    "tags": ["sauces", "stir-fry-and-curries"],
    "locations": {
      "vic": {
        "price": 2.9,
        "promoText": "Any 2 $5",
        "packageSize": "180g",
        "packagePrice": "$1.61 per 100G"
      }
    }
  },
  {
    "id": "kantong--sticky-chicken-honey-soy-garlic-sauce",
    "brand": "Kan Tong Sticky Chicken",
    "name": "Soy Honey & Garlic Sauce",
    "imageUrl": "https://shop.coles.com.au/wcsstore/Coles-CAS/images/2/3/5/2352541-th.jpg",
    "categories": ["pantry"],
    "tags": ["sauces", "stir-fry-and-curries"],
    "locations": {
      "vic": {
        "price": 2.9,
        "promoText": " ",
        "packageSize": "175g",
        "packagePrice": "$1.66 per 100G"
      }
    }
  },
  {
    "id": "laoganma-chilli-sauce-chicken",
    "brand": "Laoganma",
    "name": "Chilli Sauce With Diced Chicken",
    "imageUrl": "https://shop.coles.com.au/wcsstore/Coles-CAS/images/3/7/3/3739718-th.jpg",
    "categories": ["pantry"],
    "tags": ["sauces", "stir-fry-and-curries"],
    "locations": {
      "vic": {
        "price": 4,
        "promoText": " ",
        "packageSize": "210g",
        "packagePrice": "$1.90 per 100G"
      }
    }
  },
  {
    "id": "lee-kum-kee-sauce-coconut-curry-vegetable-ready",
    "brand": "Lee Kum Kee",
    "name": "Coconut Curry Vegetable Stir Fry Sauce Pouch",
    "imageUrl": "https://shop.coles.com.au/wcsstore/Coles-CAS/images/6/8/0/6803799-th.jpg",
    "categories": ["pantry"],
    "tags": ["sauces", "stir-fry-and-curries"],
    "locations": {
      "vic": {
        "price": 2.2,
        "promoText": " ",
        "packageSize": "110g",
        "packagePrice": "$2.00 per 100G"
      }
    }
  },
  {
    "id": "lee-kum-kee-sauce-oyster-panda",
    "brand": "Lee Kum Kee",
    "name": "Panda Brand Oyster Sauce",
    "imageUrl": "https://shop.coles.com.au/wcsstore/Coles-CAS/images/5/9/9/5991015-th.jpg",
    "categories": ["pantry"],
    "tags": ["sauces", "stir-fry-and-curries"],
    "locations": {
      "vic": {
        "price": 4.75,
        "promoText": " ",
        "packageSize": "510g",
        "packagePrice": "$0.93 per 100G"
      }
    }
  },
  {
    "id": "lee-kum-kee-sauce-oyster-panda-5873664p",
    "brand": "Lee Kum Kee",
    "name": "Panda Brand Oyster Sauce",
    "imageUrl": "https://shop.coles.com.au/wcsstore/Coles-CAS/images/5/8/7/5873664-th.jpg",
    "categories": ["pantry"],
    "tags": ["sauces", "stir-fry-and-curries"],
    "locations": {
      "vic": {
        "price": 2,
        "promoText": "$1.30 ",
        "packageSize": "255g",
        "packagePrice": "$0.78 per 100G"
      }
    }
  },
  {
    "id": "lee-kum-kee-oil-sesame",
    "brand": "Lee Kum Kee",
    "name": "Pure Sesame Oil",
    "imageUrl": "https://shop.coles.com.au/wcsstore/Coles-CAS/images/5/2/5/5253116-th.jpg",
    "categories": ["pantry"],
    "tags": ["sauces", "stir-fry-and-curries"],
    "locations": {
      "vic": {
        "price": 5.3,
        "promoText": " ",
        "packageSize": "207mL",
        "packagePrice": "$2.56 per 100mL"
      }
    }
  },
  {
    "id": "le-kum-ke-premium-dark-soy-sauce",
    "brand": "Lee Kum Kee",
    "name": "Premium Dark Soy Sauce",
    "imageUrl": "https://shop.coles.com.au/wcsstore/Coles-CAS/images/3/7/3/3737020-th.jpg",
    "categories": ["pantry"],
    "tags": ["sauces", "stir-fry-and-curries"],
    "locations": {
      "vic": {
        "price": 3.5,
        "promoText": " ",
        "packageSize": "250mL",
        "packagePrice": "$1.40 per 100mL"
      }
    }
  },
  {
    "id": "le-kum-ke-stir-fry-teriyaki-sauce-3737075p",
    "brand": "Lee Kum Kee",
    "name": "Teriyaki Stir Fry Sauce",
    "imageUrl": "https://shop.coles.com.au/wcsstore/Coles-CAS/images/3/7/3/3737075-th.jpg",
    "categories": ["pantry"],
    "tags": ["sauces", "stir-fry-and-curries"],
    "locations": {
      "vic": {
        "price": 3.8,
        "promoText": " ",
        "packageSize": "250g",
        "packagePrice": "$1.52 per 100G"
      }
    }
  },
  {
    "id": "marions-kitchen-kit-thai-green-curry",
    "brand": "Marion's Kitchen",
    "name": "Thai Green Curry Cooking Kit",
    "imageUrl": "https://shop.coles.com.au/wcsstore/Coles-CAS/images/8/6/4/8643300-th.jpg",
    "categories": ["pantry"],
    "tags": ["sauces", "stir-fry-and-curries"],
    "locations": {
      "vic": {
        "price": 7.45,
        "promoText": " ",
        "packageSize": "475g",
        "packagePrice": "$1.78 per 100G"
      }
    }
  },
  {
    "id": "passage-to-thailand-sauce-pad-thai",
    "brand": "Passage Foods",
    "name": "Passage to Asia Pad Thai Stir Fry Sauce Pouch",
    "imageUrl": "https://shop.coles.com.au/wcsstore/Coles-CAS/images/6/7/9/6799942-th.jpg",
    "categories": ["pantry"],
    "tags": ["sauces", "stir-fry-and-curries"],
    "locations": {
      "vic": {
        "price": 2.5,
        "promoText": " ",
        "packageSize": "200g",
        "packagePrice": "$1.25 per 100G"
      }
    }
  },
  {
    "id": "passage-to-japan-sauce-teriyaki-chicken",
    "brand": "Passage Foods",
    "name": "Passage to Japan Chicken Teriyaki Sauce",
    "imageUrl": "https://shop.coles.com.au/wcsstore/Coles-CAS/images/8/7/6/8766220-th.jpg",
    "categories": ["pantry"],
    "tags": ["sauces", "stir-fry-and-curries"],
    "locations": {
      "vic": {
        "price": 2.5,
        "promoText": " ",
        "packageSize": "200g",
        "packagePrice": "$1.25 per 100G"
      }
    }
  },
  {
    "id": "passage-to-asia-hoisin-garlic-stir-fry-sauce",
    "brand": "Passage To Asia",
    "name": "Hoisin & Garlic Stir Fry Sauce",
    "imageUrl": "https://shop.coles.com.au/wcsstore/Coles-CAS/images/3/7/4/3746316-th.jpg",
    "categories": ["pantry"],
    "tags": ["sauces", "stir-fry-and-curries"],
    "locations": {
      "vic": {
        "price": 2.5,
        "promoText": " ",
        "packageSize": "200g",
        "packagePrice": "$1.25 per 100G"
      }
    }
  },
  {
    "id": "valcom-paste-massaman-curry",
    "brand": "Valcom",
    "name": "Massaman Curry Paste",
    "imageUrl": "https://shop.coles.com.au/wcsstore/Coles-CAS/images/6/8/2/6823377-th.jpg",
    "categories": ["pantry"],
    "tags": ["sauces", "stir-fry-and-curries"],
    "locations": {
      "vic": {
        "price": 4,
        "promoText": " ",
        "packageSize": "210g",
        "packagePrice": "$1.90 per 100G"
      }
    }
  },
  {
    "id": "valcom-tom-yum-paste",
    "brand": "Valcom",
    "name": "Tom Yum Paste",
    "imageUrl": "https://shop.coles.com.au/wcsstore/Coles-CAS/images/6/8/2/6823344-th.jpg",
    "categories": ["pantry"],
    "tags": ["sauces", "stir-fry-and-curries"],
    "locations": {
      "vic": {
        "price": 4,
        "promoText": " ",
        "packageSize": "210g",
        "packagePrice": "$1.90 per 100G"
      }
    }
  },
  {
    "id": "ayam-malaysian-paste-laksa-curry",
    "brand": "Ayam",
    "name": "Malaysian Laksa Soup Paste",
    "imageUrl": "https://shop.coles.com.au/wcsstore/Coles-CAS/images/6/8/0/6801115-th.jpg",
    "categories": ["pantry"],
    "tags": ["sauces", "stir-fry-and-curries"],
    "locations": {
      "vic": {
        "price": 3.3,
        "promoText": " ",
        "packageSize": "185g",
        "packagePrice": "$1.78 per 100G"
      }
    }
  },
  {
    "id": "ayam-sauce-honey-soy",
    "brand": "Ayam",
    "name": "Honey & Soy Sauce",
    "imageUrl": "https://shop.coles.com.au/wcsstore/Coles-CAS/images/6/8/0/6801035-th.jpg",
    "categories": ["pantry"],
    "tags": ["sauces", "stir-fry-and-curries"],
    "locations": {
      "vic": {
        "price": 3.2,
        "promoText": " ",
        "packageSize": "210mL",
        "packagePrice": "$1.52 per 100mL"
      }
    }
  },
  {
    "id": "ayam-sauce-oyster-480960p",
    "brand": "Ayam",
    "name": "Oyster Sauce",
    "imageUrl": "https://shop.coles.com.au/wcsstore/Coles-CAS/images/4/8/0/480960-th.jpg",
    "categories": ["pantry"],
    "tags": ["sauces", "stir-fry-and-curries"],
    "locations": {
      "vic": {
        "price": 3.2,
        "promoText": " ",
        "packageSize": "210mL",
        "packagePrice": "$1.52 per 100mL"
      }
    }
  },
  {
    "id": "ayam-pure-black-sesame-oil",
    "brand": "Ayam",
    "name": "Pure Black Sesame Oil",
    "imageUrl": "https://shop.coles.com.au/wcsstore/Coles-CAS/images/3/7/5/3753661-th.jpg",
    "categories": ["pantry"],
    "tags": ["sauces", "stir-fry-and-curries"],
    "locations": {
      "vic": {
        "price": 5.5,
        "promoText": " ",
        "packageSize": "210mL",
        "packagePrice": "$2.62 per 100mL"
      }
    }
  },
  {
    "id": "ayam-japanese-curry-paste",
    "brand": "Ayam",
    "name": "Japanese Curry Paste",
    "imageUrl": "https://shop.coles.com.au/wcsstore/Coles-CAS/images/3/7/5/3753650-th.jpg",
    "categories": ["pantry"],
    "tags": ["sauces", "stir-fry-and-curries"],
    "locations": {
      "vic": {
        "price": 3.45,
        "promoText": " ",
        "packageSize": "185g",
        "packagePrice": "$1.86 per 100G"
      }
    }
  },
  {
    "id": "ayam-swet-sour-sauce-6801782p",
    "brand": "Ayam",
    "name": "Sweet & Sour Sauce",
    "imageUrl": "https://shop.coles.com.au/wcsstore/Coles-CAS/images/6/8/0/6801782-th.jpg",
    "categories": ["pantry"],
    "tags": ["sauces", "stir-fry-and-curries"],
    "locations": {
      "vic": {
        "price": 3.2,
        "promoText": " ",
        "packageSize": "210mL",
        "packagePrice": "$1.52 per 100mL"
      }
    }
  },
  {
    "id": "five-tastes-paste-laksa",
    "brand": "Five Tastes",
    "name": "Laksa Paste Mild",
    "imageUrl": "https://shop.coles.com.au/wcsstore/Coles-CAS/images/1/3/3/1335128-th.jpg",
    "categories": ["pantry"],
    "tags": ["sauces", "stir-fry-and-curries"],
    "locations": {
      "vic": {
        "price": 3,
        "promoText": "Was $3.80 on Oct 2018 ",
        "packageSize": "220g",
        "packagePrice": "$1.36 per 100G"
      }
    }
  },
  {
    "id": "kantong--thai-red-curry-paste",
    "brand": "Kan Tong Thai",
    "name": "Red Curry Paste",
    "imageUrl": "https://shop.coles.com.au/wcsstore/Coles-CAS/images/2/3/5/2352439-th.jpg",
    "categories": ["pantry"],
    "tags": ["sauces", "stir-fry-and-curries"],
    "locations": {
      "vic": {
        "price": 4,
        "promoText": "Any 2 $6",
        "packageSize": "250g",
        "packagePrice": "$1.60 per 100G"
      }
    }
  },
  {
    "id": "kantong-thai-green-cury-meal-base",
    "brand": "Kan Tong Thai",
    "name": "Green Curry Paste",
    "imageUrl": "https://shop.coles.com.au/wcsstore/Coles-CAS/images/2/3/5/2352472-th.jpg",
    "categories": ["pantry"],
    "tags": ["sauces", "stir-fry-and-curries"],
    "locations": {
      "vic": {
        "price": 2.9,
        "promoText": "Any 2 $5",
        "packageSize": "125g",
        "packagePrice": "$2.32 per 100G"
      }
    }
  },
  {
    "id": "kewpie-mayonnaise-sriracha",
    "brand": "Kewpie",
    "name": "Mayonnaise Sriracha",
    "imageUrl": "https://shop.coles.com.au/wcsstore/Coles-CAS/images/3/7/1/3716009-th.jpg",
    "categories": ["pantry"],
    "tags": ["sauces", "stir-fry-and-curries"],
    "locations": {
      "vic": {
        "price": 4.7,
        "promoText": " ",
        "packageSize": "300g",
        "packagePrice": "$1.57 per 100G"
      }
    }
  },
  {
    "id": "kewpie-mayonnaise-50-reduced-fat-3736957p",
    "brand": "Kewpie",
    "name": "Mayonnaise 50% Reduced Fat",
    "imageUrl": "https://shop.coles.com.au/wcsstore/Coles-CAS/images/3/7/3/3736957-th.jpg",
    "categories": ["pantry"],
    "tags": ["sauces", "stir-fry-and-curries"],
    "locations": {
      "vic": {
        "price": 4.7,
        "promoText": " ",
        "packageSize": "300g",
        "packagePrice": "$1.57 per 100G"
      }
    }
  },
  {
    "id": "lee-kum-kee-sauce-ready-cantonese-beef",
    "brand": "Lee Kum Kee",
    "name": "Cantonese Beef Stir Fry Sauce Pouch",
    "imageUrl": "https://shop.coles.com.au/wcsstore/Coles-CAS/images/8/7/7/8774363-th.jpg",
    "categories": ["pantry"],
    "tags": ["sauces", "stir-fry-and-curries"],
    "locations": {
      "vic": {
        "price": 2.2,
        "promoText": " ",
        "packageSize": "100g",
        "packagePrice": "$2.20 per 100G"
      }
    }
  },
  {
    "id": "le-kum-ke-stir-fry-oyster-sauce-3737064p",
    "brand": "Lee Kum Kee",
    "name": "Oyster Stir Fry Sauce",
    "imageUrl": "https://shop.coles.com.au/wcsstore/Coles-CAS/images/3/7/3/3737064-th.jpg",
    "categories": ["pantry"],
    "tags": ["sauces", "stir-fry-and-curries"],
    "locations": {
      "vic": {
        "price": 3.8,
        "promoText": " ",
        "packageSize": "255g",
        "packagePrice": "$1.49 per 100G"
      }
    }
  },
  {
    "id": "le-kum-ke-ready-sauce-san-choy-bao-3737042p",
    "brand": "Lee Kum Kee",
    "name": "Ready Sauce San Choy Bao",
    "imageUrl": "https://shop.coles.com.au/wcsstore/Coles-CAS/images/3/7/3/3737042-th.jpg",
    "categories": ["pantry"],
    "tags": ["sauces", "stir-fry-and-curries"],
    "locations": {
      "vic": {
        "price": 2.2,
        "promoText": " ",
        "packageSize": "100g",
        "packagePrice": "$2.20 per 100G"
      }
    }
  },
  {
    "id": "marions-kitchen-kit-thai-red-curry",
    "brand": "Marion's Kitchen",
    "name": "Thai Red Curry Cooking Kit",
    "imageUrl": "https://shop.coles.com.au/wcsstore/Coles-CAS/images/8/6/4/8643365-th.jpg",
    "categories": ["pantry"],
    "tags": ["sauces", "stir-fry-and-curries"],
    "locations": {
      "vic": {
        "price": 7.45,
        "promoText": " ",
        "packageSize": "450g",
        "packagePrice": "$1.89 per 100G"
      }
    }
  },
  {
    "id": "mr-chen-s-malaysian-curry-laksa-kit",
    "brand": "Mr Chen's",
    "name": "Malaysian Curry Laksa Kit",
    "imageUrl": "https://shop.coles.com.au/wcsstore/Coles-CAS/images/3/7/4/3740580-th.jpg",
    "categories": ["pantry"],
    "tags": ["sauces", "stir-fry-and-curries"],
    "locations": {
      "vic": {
        "price": 7.5,
        "promoText": " ",
        "packageSize": "605g",
        "packagePrice": "$1.24 per 100G"
      }
    }
  },
  {
    "id": "mr-chen-s-japanese-ramen-kit",
    "brand": "Mr Chen's",
    "name": "Japanese Ramen Kit",
    "imageUrl": "https://shop.coles.com.au/wcsstore/Coles-CAS/images/3/7/4/3740568-th.jpg",
    "categories": ["pantry"],
    "tags": ["sauces", "stir-fry-and-curries"],
    "locations": {
      "vic": {
        "price": 7.5,
        "promoText": " ",
        "packageSize": "640g",
        "packagePrice": "$1.17 per 100G"
      }
    }
  },
  {
    "id": "noodle-partners-char-kway-teow-stir-fry-sauce",
    "brand": "Passage Foods",
    "name": "Passage To Asia Satay Chicken Stir Fry Sauce",
    "imageUrl": "https://shop.coles.com.au/wcsstore/Coles-CAS/images/2/0/2/2020610-th.jpg",
    "categories": ["pantry"],
    "tags": ["sauces", "stir-fry-and-curries"],
    "locations": {
      "vic": {
        "price": 2.5,
        "promoText": " ",
        "packageSize": "200g",
        "packagePrice": "$1.25 per 100G"
      }
    }
  },
  {
    "id": "s-b-curry-golden-hot",
    "brand": "S&B",
    "name": "Golden Curry Hot Sauce Mix",
    "imageUrl": "https://shop.coles.com.au/wcsstore/Coles-CAS/images/5/7/9/5799991-th.jpg",
    "categories": ["pantry"],
    "tags": ["sauces", "stir-fry-and-curries"],
    "locations": {
      "vic": {
        "price": 3.95,
        "promoText": "$0.90 ",
        "packageSize": "92g",
        "packagePrice": "$4.29 per 100G"
      }
    }
  },
  {
    "id": "sharwod-s-malaysian-coconut-curry-asian-pouch",
    "brand": "Sharwood's",
    "name": "Malaysian Coconut Curry Asian Pouch",
    "imageUrl": "https://shop.coles.com.au/wcsstore/Coles-CAS/images/3/7/3/3730190-th.jpg",
    "categories": ["pantry"],
    "tags": ["sauces", "stir-fry-and-curries"],
    "locations": {
      "vic": {
        "price": 3.5,
        "promoText": " ",
        "packageSize": "250g",
        "packagePrice": "$1.40 per 100G"
      }
    }
  },
  {
    "id": "sharwod-s-korean-bbq-asian-pouch",
    "brand": "Sharwood's",
    "name": "Korean BBQ Asian Pouch",
    "imageUrl": "https://shop.coles.com.au/wcsstore/Coles-CAS/images/3/7/3/3730189-th.jpg",
    "categories": ["pantry"],
    "tags": ["sauces", "stir-fry-and-curries"],
    "locations": {
      "vic": {
        "price": 3.5,
        "promoText": " ",
        "packageSize": "250g",
        "packagePrice": "$1.40 per 100G"
      }
    }
  },
  {
    "id": "the-spice-tailor-thai-gren-curry-3735852p",
    "brand": "The Spice Tailor",
    "name": "Thai Green Curry",
    "imageUrl": "https://shop.coles.com.au/wcsstore/Coles-CAS/images/3/7/3/3735852-th.jpg",
    "categories": ["pantry"],
    "tags": ["sauces", "stir-fry-and-curries"],
    "locations": {
      "vic": {
        "price": 6,
        "promoText": " ",
        "packageSize": "275g",
        "packagePrice": "$2.18 per 100G"
      }
    }
  },
  {
    "id": "valcom-paste-panang-curry",
    "brand": "Valcom",
    "name": "Panaeng Curry Paste",
    "imageUrl": "https://shop.coles.com.au/wcsstore/Coles-CAS/images/6/8/2/6823683-th.jpg",
    "categories": ["pantry"],
    "tags": ["sauces", "stir-fry-and-curries"],
    "locations": {
      "vic": {
        "price": 4,
        "promoText": " ",
        "packageSize": "210g",
        "packagePrice": "$1.90 per 100G"
      }
    }
  },
  {
    "id": "valcom-paste-laska-curry",
    "brand": "Valcom",
    "name": "Laksa Curry Paste",
    "imageUrl": "https://shop.coles.com.au/wcsstore/Coles-CAS/images/9/4/3/9434531-th.jpg",
    "categories": ["pantry"],
    "tags": ["sauces", "stir-fry-and-curries"],
    "locations": {
      "vic": {
        "price": 4,
        "promoText": " ",
        "packageSize": "230g",
        "packagePrice": "$1.74 per 100G"
      }
    }
  },
  {
    "id": "valcom-paste-pad-thai",
    "brand": "Valcom",
    "name": "Pad Thai Paste",
    "imageUrl": "https://shop.coles.com.au/wcsstore/Coles-CAS/images/9/4/3/9434520-th.jpg",
    "categories": ["pantry"],
    "tags": ["sauces", "stir-fry-and-curries"],
    "locations": {
      "vic": {
        "price": 4,
        "promoText": " ",
        "packageSize": "240g",
        "packagePrice": "$1.67 per 100G"
      }
    }
  },
  {
    "id": "abc-sauce-soy-sweet-5252565p",
    "brand": "ABC",
    "name": "Sweet Soy Sauce",
    "imageUrl": "https://shop.coles.com.au/wcsstore/Coles-CAS/images/5/2/5/5252565-th.jpg",
    "categories": ["pantry"],
    "tags": ["sauces", "stir-fry-and-curries"],
    "locations": {
      "vic": {
        "price": 4.9,
        "promoText": " ",
        "packageSize": "620mL",
        "packagePrice": "$0.79 per 100mL"
      }
    }
  },
  {
    "id": "amoy-light-soy-sauce-3739048p",
    "brand": "Amoy",
    "name": "Light Soy Sauce",
    "imageUrl": "https://shop.coles.com.au/wcsstore/Coles-CAS/images/3/7/3/3739048-th.jpg",
    "categories": ["pantry"],
    "tags": ["sauces", "stir-fry-and-curries"],
    "locations": {
      "vic": {
        "price": 3.85,
        "promoText": " ",
        "packageSize": "500mL",
        "packagePrice": "$0.77 per 100mL"
      }
    }
  },
  {
    "id": "amoy-dark-soy-sauce-3736855p",
    "brand": "Amoy",
    "name": "Dark Soy Sauce",
    "imageUrl": "https://shop.coles.com.au/wcsstore/Coles-CAS/images/3/7/3/3736855-th.jpg",
    "categories": ["pantry"],
    "tags": ["sauces", "stir-fry-and-curries"],
    "locations": {
      "vic": {
        "price": 5.9,
        "promoText": " ",
        "packageSize": "500mL",
        "packagePrice": "$1.18 per 100mL"
      }
    }
  },
  {
    "id": "ayam-sauce-soya-light",
    "brand": "Ayam",
    "name": "Light Soy Sauce",
    "imageUrl": "https://shop.coles.com.au/wcsstore/Coles-CAS/images/6/0/8/6086520-th.jpg",
    "categories": ["pantry"],
    "tags": ["sauces", "stir-fry-and-curries"],
    "locations": {
      "vic": {
        "price": 3.2,
        "promoText": " ",
        "packageSize": "210mL",
        "packagePrice": "$1.52 per 100mL"
      }
    }
  },
  {
    "id": "ayam-sauce-sweet-chilli",
    "brand": "Ayam",
    "name": "Sweet Chilli Sauce",
    "imageUrl": "https://shop.coles.com.au/wcsstore/Coles-CAS/images/4/7/7/4777111-th.jpg",
    "categories": ["pantry"],
    "tags": ["sauces", "stir-fry-and-curries"],
    "locations": {
      "vic": {
        "price": 3.3,
        "promoText": " ",
        "packageSize": "435mL",
        "packagePrice": "$0.76 per 100mL"
      }
    }
  },
  {
    "id": "ayam-sauce-plum",
    "brand": "Ayam",
    "name": "Plum Sauce",
    "imageUrl": "https://shop.coles.com.au/wcsstore/Coles-CAS/images/1/4/6/14639-th.jpg",
    "categories": ["pantry"],
    "tags": ["sauces", "stir-fry-and-curries"],
    "locations": {
      "vic": {
        "price": 3.2,
        "promoText": " ",
        "packageSize": "210mL",
        "packagePrice": "$1.52 per 100mL"
      }
    }
  },
  {
    "id": "ayam-malaysian-rendang-curry-paste",
    "brand": "Ayam",
    "name": "Malaysian Rendang Curry Paste",
    "imageUrl": "https://shop.coles.com.au/wcsstore/Coles-CAS/images/2/0/0/2001398-th.jpg",
    "categories": ["pantry"],
    "tags": ["sauces", "stir-fry-and-curries"],
    "locations": {
      "vic": {
        "price": 3.3,
        "promoText": " ",
        "packageSize": "185g",
        "packagePrice": "$1.78 per 100G"
      }
    }
  },
  {
    "id": "ayam-light-sweet-chilli-sauce",
    "brand": "Ayam",
    "name": "Thai Sweet Chilli Sauce Light",
    "imageUrl": "https://shop.coles.com.au/wcsstore/Coles-CAS/images/2/1/0/2107480-th.jpg",
    "categories": ["pantry"],
    "tags": ["sauces", "stir-fry-and-curries"],
    "locations": {
      "vic": {
        "price": 2.3,
        "promoText": " ",
        "packageSize": "285mL",
        "packagePrice": "$0.81 per 100mL"
      }
    }
  },
  {
    "id": "ayam-thai-fried-rice-paste",
    "brand": "Ayam",
    "name": "Thai Fried Rice Paste",
    "imageUrl": "https://shop.coles.com.au/wcsstore/Coles-CAS/images/3/7/5/3753683-th.jpg",
    "categories": ["pantry"],
    "tags": ["sauces", "stir-fry-and-curries"],
    "locations": {
      "vic": {
        "price": 3.3,
        "promoText": " ",
        "packageSize": "185g",
        "packagePrice": "$1.78 per 100G"
      }
    }
  },
  {
    "id": "ayam-gado-gado-peanut-sauce",
    "brand": "Ayam",
    "name": "Gado Gado Peanut Sauce",
    "imageUrl": "https://shop.coles.com.au/wcsstore/Coles-CAS/images/3/7/5/3753672-th.jpg",
    "categories": ["pantry"],
    "tags": ["sauces", "stir-fry-and-curries"],
    "locations": {
      "vic": {
        "price": 3.3,
        "promoText": " ",
        "packageSize": "250mL",
        "packagePrice": "$1.32 per 100mL"
      }
    }
  },
  {
    "id": "ayam-mongolian-lamb-sauce",
    "brand": "Ayam",
    "name": "Mongolian Lamb Sauce",
    "imageUrl": "https://shop.coles.com.au/wcsstore/Coles-CAS/images/2/0/0/2001693-th.jpg",
    "categories": ["pantry"],
    "tags": ["sauces", "stir-fry-and-curries"],
    "locations": {
      "vic": {
        "price": 3.2,
        "promoText": " ",
        "packageSize": "210mL",
        "packagePrice": "$1.52 per 100mL"
      }
    }
  },
  {
    "id": "ayam-lemon-chicken-sauce",
    "brand": "Ayam",
    "name": "Lemon Chicken Sauce",
    "imageUrl": "https://shop.coles.com.au/wcsstore/Coles-CAS/images/2/0/0/2001682-th.jpg",
    "categories": ["pantry"],
    "tags": ["sauces", "stir-fry-and-curries"],
    "locations": {
      "vic": {
        "price": 3.2,
        "promoText": " ",
        "packageSize": "210mL",
        "packagePrice": "$1.52 per 100mL"
      }
    }
  },
  {
    "id": "ayam-hainanese-chicken-rice-paste",
    "brand": "Ayam",
    "name": "Hainanese Chicken Rice Paste",
    "imageUrl": "https://shop.coles.com.au/wcsstore/Coles-CAS/images/2/0/0/2001412-th.jpg",
    "categories": ["pantry"],
    "tags": ["sauces", "stir-fry-and-curries"],
    "locations": {
      "vic": {
        "price": 3.3,
        "promoText": " ",
        "packageSize": "185g",
        "packagePrice": "$1.78 per 100G"
      }
    }
  },
  {
    "id": "ayam-san-choy-bao-sauce",
    "brand": "Ayam",
    "name": "San Choy Bao Sauce",
    "imageUrl": "https://shop.coles.com.au/wcsstore/Coles-CAS/images/2/0/0/2001707-th.jpg",
    "categories": ["pantry"],
    "tags": ["sauces", "stir-fry-and-curries"],
    "locations": {
      "vic": {
        "price": 3.2,
        "promoText": " ",
        "packageSize": "210mL",
        "packagePrice": "$1.52 per 100mL"
      }
    }
  },
  {
    "id": "ayam-hawker-market-char-kway-teow-sauce",
    "brand": "Ayam",
    "name": "Hawker Market Malaysian Char Kway Teow Sauce",
    "imageUrl": "https://shop.coles.com.au/wcsstore/Coles-CAS/images/3/7/5/3753640-th.jpg",
    "categories": ["pantry"],
    "tags": ["sauces", "stir-fry-and-curries"],
    "locations": {
      "vic": {
        "price": 3.5,
        "promoText": " ",
        "packageSize": "205g",
        "packagePrice": "$1.71 per 100G"
      }
    }
  },
  {
    "id": "ayam-hawker-market-thai-pad-se-ew-sauce",
    "brand": "Ayam",
    "name": "Hawker Market Thai Pad See Ew Sauce",
    "imageUrl": "https://shop.coles.com.au/wcsstore/Coles-CAS/images/3/7/5/3753628-th.jpg",
    "categories": ["pantry"],
    "tags": ["sauces", "stir-fry-and-curries"],
    "locations": {
      "vic": {
        "price": 3.5,
        "promoText": " ",
        "packageSize": "205g",
        "packagePrice": "$1.71 per 100G"
      }
    }
  },
  {
    "id": "ayam-hawker-market-me-goreng-sauce",
    "brand": "Ayam",
    "name": "Hawker Market Indonesian Mee Goreng Sauce",
    "imageUrl": "https://shop.coles.com.au/wcsstore/Coles-CAS/images/3/7/5/3753639-th.jpg",
    "categories": ["pantry"],
    "tags": ["sauces", "stir-fry-and-curries"],
    "locations": {
      "vic": {
        "price": 3.5,
        "promoText": " ",
        "packageSize": "205g",
        "packagePrice": "$1.71 per 100G"
      }
    }
  },
  {
    "id": "ayam-hawker-market-pad-thai-sauce",
    "brand": "Ayam",
    "name": "Hawker Market Pad Thai Sauce",
    "imageUrl": "https://shop.coles.com.au/wcsstore/Coles-CAS/images/3/7/5/3753570-th.jpg",
    "categories": ["pantry"],
    "tags": ["sauces", "stir-fry-and-curries"],
    "locations": {
      "vic": {
        "price": 3.5,
        "promoText": " ",
        "packageSize": "205g",
        "packagePrice": "$1.71 per 100G"
      }
    }
  },
  {
    "id": "ayam-massaman-curry-paste-2001445p",
    "brand": "Ayam",
    "name": "Massaman Curry Paste",
    "imageUrl": "https://shop.coles.com.au/wcsstore/Coles-CAS/images/2/0/0/2001445-th.jpg",
    "categories": ["pantry"],
    "tags": ["sauces", "stir-fry-and-curries"],
    "locations": {
      "vic": {
        "price": 3.3,
        "promoText": " ",
        "packageSize": "195g",
        "packagePrice": "$1.69 per 100G"
      }
    }
  },
  {
    "id": "coles-asia-soy-sauce",
    "brand": "Coles",
    "name": "Asia Soy Sauce",
    "imageUrl": "https://shop.coles.com.au/wcsstore/Coles-CAS/images/3/7/2/3725203-th.jpg",
    "categories": ["pantry"],
    "tags": ["sauces", "stir-fry-and-curries"],
    "locations": {
      "vic": {
        "price": 6,
        "promoText": " ",
        "packageSize": "1.9L",
        "packagePrice": "$0.32 per 100mL"
      }
    }
  },
  {
    "id": "coles-asia-lite-soy-sauce",
    "brand": "Coles",
    "name": "Asia Lite Soy Sauce",
    "imageUrl": "https://shop.coles.com.au/wcsstore/Coles-CAS/images/3/7/2/3725270-th.jpg",
    "categories": ["pantry"],
    "tags": ["sauces", "stir-fry-and-curries"],
    "locations": {
      "vic": {
        "price": 6,
        "promoText": " ",
        "packageSize": "1.9L",
        "packagePrice": "$0.32 per 100mL"
      }
    }
  },
  {
    "id": "hengshun-chinkiang-vinegar",
    "brand": "Hengshun",
    "name": "Chinkiang Vinegar",
    "imageUrl": "https://shop.coles.com.au/wcsstore/Coles-CAS/images/3/7/4/3746393-th.jpg",
    "categories": ["pantry"],
    "tags": ["sauces", "stir-fry-and-curries"],
    "locations": {
      "vic": {
        "price": 4.4,
        "promoText": " ",
        "packageSize": "180mL",
        "packagePrice": "$2.44 per 100mL"
      }
    }
  },
  {
    "id": "kantong--sticky-chicken-teriyaki-sauce",
    "brand": "Kan Tong Sticky Chicken",
    "name": "Teriyaki Sauce",
    "imageUrl": "https://shop.coles.com.au/wcsstore/Coles-CAS/images/2/3/5/2352519-th.jpg",
    "categories": ["pantry"],
    "tags": ["sauces", "stir-fry-and-curries"],
    "locations": {
      "vic": {
        "price": 2.9,
        "promoText": " ",
        "packageSize": "175g",
        "packagePrice": "$1.66 per 100G"
      }
    }
  },
  {
    "id": "lee-kum-kee-ready-sauce-kung-pao-chicken",
    "brand": "Lee Kum Kee",
    "name": "Kung Pao Chicken Stir Fry Sauce Mild",
    "imageUrl": "https://shop.coles.com.au/wcsstore/Coles-CAS/images/8/7/7/8774352-th.jpg",
    "categories": ["pantry"],
    "tags": ["sauces", "stir-fry-and-curries"],
    "locations": {
      "vic": {
        "price": 2.2,
        "promoText": " ",
        "packageSize": "145g",
        "packagePrice": "$1.52 per 100G"
      }
    }
  },
  {
    "id": "lee-kum-kee-sauce-lemon-chicken",
    "brand": "Lee Kum Kee",
    "name": "Lemon Chicken Sauce Pouch",
    "imageUrl": "https://shop.coles.com.au/wcsstore/Coles-CAS/images/8/1/0/8104564-th.jpg",
    "categories": ["pantry"],
    "tags": ["sauces", "stir-fry-and-curries"],
    "locations": {
      "vic": {
        "price": 2.2,
        "promoText": " ",
        "packageSize": "145g",
        "packagePrice": "$1.52 per 100G"
      }
    }
  },
  {
    "id": "lee-kum-kee-sauce-soy-salt-reduced",
    "brand": "Lee Kum Kee",
    "name": "Salt Reduced Soy Sauce",
    "imageUrl": "https://shop.coles.com.au/wcsstore/Coles-CAS/images/5/4/2/5423125-th.jpg",
    "categories": ["pantry"],
    "tags": ["sauces", "stir-fry-and-curries"],
    "locations": {
      "vic": {
        "price": 2,
        "promoText": "$0.90 ",
        "packageSize": "150mL",
        "packagePrice": "$1.33 per 100mL"
      }
    }
  },
  {
    "id": "lee-kum-kee-sauce-char-siu",
    "brand": "Lee Kum Kee",
    "name": "Char Siu Sauce",
    "imageUrl": "https://shop.coles.com.au/wcsstore/Coles-CAS/images/5/2/5/5253069-th.jpg",
    "categories": ["pantry"],
    "tags": ["sauces", "stir-fry-and-curries"],
    "locations": {
      "vic": {
        "price": 4.2,
        "promoText": " ",
        "packageSize": "240g",
        "packagePrice": "$1.75 per 100G"
      }
    }
  },
  {
    "id": "lee-kum-kee-sauce-singapore-noodle",
    "brand": "Lee Kum Kee",
    "name": "Singapore Noodle Stir Fry Sauce Pouch",
    "imageUrl": "https://shop.coles.com.au/wcsstore/Coles-CAS/images/4/7/7/4777960-th.jpg",
    "categories": ["pantry"],
    "tags": ["sauces", "stir-fry-and-curries"],
    "locations": {
      "vic": {
        "price": 2.2,
        "promoText": " ",
        "packageSize": "90g",
        "packagePrice": "$2.44 per 100G"
      }
    }
  },
  {
    "id": "lee-kum-kee-sauce-sweet-sour-pork-ready",
    "brand": "Lee Kum Kee",
    "name": "Sweet & Sour Pork Stir Fry Sauce",
    "imageUrl": "https://shop.coles.com.au/wcsstore/Coles-CAS/images/9/7/5/9756039-th.jpg",
    "categories": ["pantry"],
    "tags": ["sauces", "stir-fry-and-curries"],
    "locations": {
      "vic": {
        "price": 2.3,
        "promoText": " ",
        "packageSize": "145g",
        "packagePrice": "$1.59 per 100G"
      }
    }
  },
  {
    "id": "lee-kum-kee-sauce-mongolian-lamb",
    "brand": "Lee Kum Kee",
    "name": "Mongolian Lamb Stir Fry Sauce Pouch",
    "imageUrl": "https://shop.coles.com.au/wcsstore/Coles-CAS/images/9/7/5/9756028-th.jpg",
    "categories": ["pantry"],
    "tags": ["sauces", "stir-fry-and-curries"],
    "locations": {
      "vic": {
        "price": 2.2,
        "promoText": " ",
        "packageSize": "120g",
        "packagePrice": "$1.83 per 100G"
      }
    }
  },
  {
    "id": "le-kum-ke-stir-fry-vegetarian-sauce-3737086p",
    "brand": "Lee Kum Kee",
    "name": "Vegetarian Stir Fry Sauce",
    "imageUrl": "https://shop.coles.com.au/wcsstore/Coles-CAS/images/3/7/3/3737086-th.jpg",
    "categories": ["pantry"],
    "tags": ["sauces", "stir-fry-and-curries"],
    "locations": {
      "vic": {
        "price": 3.8,
        "promoText": " ",
        "packageSize": "255g",
        "packagePrice": "$1.49 per 100G"
      }
    }
  },
  {
    "id": "ma-ling-luncheon-meat-pork",
    "brand": "Ma Ling",
    "name": "Po-Ku Pork Luncheon Meat",
    "imageUrl": "https://shop.coles.com.au/wcsstore/ColesResponsiveStorefrontAssetStore/dist/ccfc54aed6e361b650bcf0582f7b576b/img/img_product-placeholder.png",
    "categories": ["pantry"],
    "tags": ["sauces", "stir-fry-and-curries"],
    "locations": {
      "vic": {
        "price": 4.4,
        "promoText": " ",
        "packageSize": "340g",
        "packagePrice": "$12.94 per 1Kg"
      }
    }
  },
  {
    "id": "mae-ploy-dressing-thai-salad",
    "brand": "Mae Ploy",
    "name": "Thai Style Salad Dressing",
    "imageUrl": "https://shop.coles.com.au/wcsstore/Coles-CAS/images/6/0/7/6073460-th.jpg",
    "categories": ["pantry"],
    "tags": ["sauces", "stir-fry-and-curries"],
    "locations": {
      "vic": {
        "price": 1.6,
        "promoText": "$0.60 ",
        "packageSize": "285mL",
        "packagePrice": "$0.56 per 100mL"
      }
    }
  },
  {
    "id": "mae-ploy-paste-green-curry",
    "brand": "Mae Ploy",
    "name": "Green Curry Paste",
    "imageUrl": "https://shop.coles.com.au/wcsstore/Coles-CAS/images/5/2/5/5253568-th.jpg",
    "categories": ["pantry"],
    "tags": ["sauces", "stir-fry-and-curries"],
    "locations": {
      "vic": {
        "price": 1.15,
        "promoText": " ",
        "packageSize": "50g",
        "packagePrice": "$2.30 per 100G"
      }
    }
  },
  {
    "id": "mae-ploy-sauce-sweet-chilli-chicken",
    "brand": "Mae Ploy",
    "name": "Sweet Chilli Sauce",
    "imageUrl": "https://shop.coles.com.au/wcsstore/Coles-CAS/images/5/2/5/5253579-th.jpg",
    "categories": ["pantry"],
    "tags": ["sauces", "stir-fry-and-curries"],
    "locations": {
      "vic": {
        "price": 4,
        "promoText": " ",
        "packageSize": "730mL",
        "packagePrice": "$0.55 per 100mL"
      }
    }
  },
  {
    "id": "marions-kitchen-kit-san-choy-bow",
    "brand": "Marion's Kitchen",
    "name": "San Choy Bow Cooking Kit",
    "imageUrl": "https://shop.coles.com.au/wcsstore/Coles-CAS/images/8/7/3/8736105-th.jpg",
    "categories": ["pantry"],
    "tags": ["sauces", "stir-fry-and-curries"],
    "locations": {
      "vic": {
        "price": 7.45,
        "promoText": " ",
        "packageSize": "375g",
        "packagePrice": "$2.18 per 100G"
      }
    }
  },
  {
    "id": "marions-kitchen-kit-pad-thai",
    "brand": "Marion's Kitchen",
    "name": "Pad Thai Cooking Kit",
    "imageUrl": "https://shop.coles.com.au/wcsstore/Coles-CAS/images/8/7/3/8735791-th.jpg",
    "categories": ["pantry"],
    "tags": ["sauces", "stir-fry-and-curries"],
    "locations": {
      "vic": {
        "price": 7.45,
        "promoText": " ",
        "packageSize": "358g",
        "packagePrice": "$2.08 per 100G"
      }
    }
  },
  {
    "id": "mr-chen-s-vietnamese-bef-pho-kit",
    "brand": "Mr Chen's",
    "name": "Vietnamese Beef Pho Kit",
    "imageUrl": "https://shop.coles.com.au/wcsstore/Coles-CAS/images/3/7/4/3740557-th.jpg",
    "categories": ["pantry"],
    "tags": ["sauces", "stir-fry-and-curries"],
    "locations": {
      "vic": {
        "price": 7.5,
        "promoText": " ",
        "packageSize": "500g",
        "packagePrice": "$1.50 per 100G"
      }
    }
  },
  {
    "id": "mr-chen-s-vietnamese-vegetarian-pho-kit",
    "brand": "Mr Chen's",
    "name": "Vietnamese Vegetarian Pho Kit",
    "imageUrl": "https://shop.coles.com.au/wcsstore/Coles-CAS/images/3/7/4/3740579-th.jpg",
    "categories": ["pantry"],
    "tags": ["sauces", "stir-fry-and-curries"],
    "locations": {
      "vic": {
        "price": 7.5,
        "promoText": " ",
        "packageSize": "500g",
        "packagePrice": "$1.50 per 100G"
      }
    }
  },
  {
    "id": "mr-chen-s-hoisin-rice-paper-roll-kit",
    "brand": "Mr Chen's",
    "name": "Hoisin Rice Paper Roll Kit",
    "imageUrl": "https://shop.coles.com.au/wcsstore/Coles-CAS/images/3/7/4/3740590-th.jpg",
    "categories": ["pantry"],
    "tags": ["sauces", "stir-fry-and-curries"],
    "locations": {
      "vic": {
        "price": 5.5,
        "promoText": " ",
        "packageSize": "143g",
        "packagePrice": "$3.85 per 100G"
      }
    }
  },
  {
    "id": "obento-yakitori-sauce-3737177p",
    "brand": "Obento",
    "name": "Yakitori Sauce",
    "imageUrl": "https://shop.coles.com.au/wcsstore/Coles-CAS/images/3/7/3/3737177-th.jpg",
    "categories": ["pantry"],
    "tags": ["sauces", "stir-fry-and-curries"],
    "locations": {
      "vic": {
        "price": 3,
        "promoText": " ",
        "packageSize": "250mL",
        "packagePrice": "$1.20 per 100mL"
      }
    }
  },
  {
    "id": "pearl-river-bridge-sauce-mushroom-soy",
    "brand": "Pearl River Bridge",
    "name": "Mushroom Flavoured Soy Sauce",
    "imageUrl": "https://shop.coles.com.au/wcsstore/Coles-CAS/images/2/6/7/267496-th.jpg",
    "categories": ["pantry"],
    "tags": ["sauces", "stir-fry-and-curries"],
    "locations": {
      "vic": {
        "price": 2.5,
        "promoText": " ",
        "packageSize": "500mL",
        "packagePrice": "$0.50 per 100mL"
      }
    }
  },
  {
    "id": "stret-kitchen-thai-gren-curry",
    "brand": "Street Kitchen",
    "name": "Thai Green Curry",
    "imageUrl": "https://shop.coles.com.au/wcsstore/Coles-CAS/images/3/7/7/3777874-th.jpg",
    "categories": ["pantry"],
    "tags": ["sauces", "stir-fry-and-curries"],
    "locations": {
      "vic": {
        "price": 5.5,
        "promoText": " ",
        "packageSize": "285 GRAM",
        "packagePrice": ""
      }
    }
  },
  {
    "id": "the-spice-tailor-indonesian-rendang-curry-3735830p",
    "brand": "The Spice Tailor",
    "name": "Indonesian Rendang Curry",
    "imageUrl": "https://shop.coles.com.au/wcsstore/Coles-CAS/images/3/7/3/3735830-th.jpg",
    "categories": ["pantry"],
    "tags": ["sauces", "stir-fry-and-curries"],
    "locations": {
      "vic": {
        "price": 6,
        "promoText": " ",
        "packageSize": "275g",
        "packagePrice": "$2.18 per 100G"
      }
    }
  },
  {
    "id": "the-spice-tailor-thai-red-curry-3735841p",
    "brand": "The Spice Tailor",
    "name": "Thai Red Curry",
    "imageUrl": "https://shop.coles.com.au/wcsstore/Coles-CAS/images/3/7/3/3735841-th.jpg",
    "categories": ["pantry"],
    "tags": ["sauces", "stir-fry-and-curries"],
    "locations": {
      "vic": {
        "price": 6,
        "promoText": " ",
        "packageSize": "275g",
        "packagePrice": "$2.18 per 100G"
      }
    }
  },
  {
    "id": "yeos-sauce-satay-bbq",
    "brand": "Yeo's Satay",
    "name": "BBQ Sauce",
    "imageUrl": "https://shop.coles.com.au/wcsstore/Coles-CAS/images/4/1/9/419492-th.jpg",
    "categories": ["pantry"],
    "tags": ["sauces", "stir-fry-and-curries"],
    "locations": {
      "vic": {
        "price": 3.3,
        "promoText": "$0.70 ",
        "packageSize": "250mL",
        "packagePrice": "$1.32 per 100mL"
      }
    }
  },
  {
    "id": "masterfoods-sweet-chilli-sauce",
    "brand": "MasterFoods",
    "name": "Sweet Chilli Sauce",
    "imageUrl": "https://shop.coles.com.au/wcsstore/Coles-CAS/images/8/5/9/8592264-th.jpg",
    "categories": ["pantry"],
    "tags": ["sauces", "swet-chilli-hot"],
    "locations": {
      "vic": {
        "price": 2.8,
        "promoText": "$0.50 ",
        "packageSize": "500mL",
        "packagePrice": "$0.56 per 100mL"
      }
    }
  },
  {
    "id": "masterfoods-hot-chilli-sauce",
    "brand": "MasterFoods",
    "name": "Hot Chilli Sauce",
    "imageUrl": "https://shop.coles.com.au/wcsstore/Coles-CAS/images/8/8/3/8830657-th.jpg",
    "categories": ["pantry"],
    "tags": ["sauces", "swet-chilli-hot"],
    "locations": {
      "vic": {
        "price": 2.65,
        "promoText": " ",
        "packageSize": "250mL",
        "packagePrice": "$1.06 per 100mL"
      }
    }
  },
  {
    "id": "fountain-sweet-chilli-sauce",
    "brand": "Fountain",
    "name": "Sweet Chilli Sauce",
    "imageUrl": "https://shop.coles.com.au/wcsstore/Coles-CAS/images/6/8/4/6849199-th.jpg",
    "categories": ["pantry"],
    "tags": ["sauces", "swet-chilli-hot"],
    "locations": {
      "vic": {
        "price": 2.7,
        "promoText": " ",
        "packageSize": "250mL",
        "packagePrice": "$1.08 per 100mL"
      }
    }
  },
  {
    "id": "fountain-hot-chilli-sauce",
    "brand": "Fountain",
    "name": "Hot Chilli Sauce",
    "imageUrl": "https://shop.coles.com.au/wcsstore/Coles-CAS/images/5/3/7/5377367-th.jpg",
    "categories": ["pantry"],
    "tags": ["sauces", "swet-chilli-hot"],
    "locations": {
      "vic": {
        "price": 2.7,
        "promoText": " ",
        "packageSize": "250mL",
        "packagePrice": "$1.08 per 100mL"
      }
    }
  },
  {
    "id": "cock-sauce-sriracha-hot-chilli",
    "brand": "Huy Fong Foods",
    "name": "Sriracha Hot Chilli Sauce",
    "imageUrl": "https://shop.coles.com.au/wcsstore/Coles-CAS/images/1/3/1/1315142-th.jpg",
    "categories": ["pantry"],
    "tags": ["sauces", "swet-chilli-hot"],
    "locations": {
      "vic": {
        "price": 5.5,
        "promoText": " ",
        "packageSize": "482g",
        "packagePrice": "$1.14 per 100G"
      }
    }
  },
  {
    "id": "huy-fong-sriracha-sauce",
    "brand": "Huy Fong",
    "name": "Sriracha Sauce",
    "imageUrl": "https://shop.coles.com.au/wcsstore/Coles-CAS/images/3/4/9/3498622-th.jpg",
    "categories": ["pantry"],
    "tags": ["sauces", "swet-chilli-hot"],
    "locations": {
      "vic": {
        "price": 4.2,
        "promoText": " ",
        "packageSize": "266mL",
        "packagePrice": "$1.58 per 100mL"
      }
    }
  },
  {
    "id": "trident-sweet-chilli-sauce",
    "brand": "Trident",
    "name": "Sweet Chilli Sauce",
    "imageUrl": "https://shop.coles.com.au/wcsstore/Coles-CAS/images/4/2/6/426670-th.jpg",
    "categories": ["pantry"],
    "tags": ["sauces", "swet-chilli-hot"],
    "locations": {
      "vic": {
        "price": 3,
        "promoText": " ",
        "packageSize": "285mL",
        "packagePrice": "$1.05 per 100mL"
      }
    }
  },
  {
    "id": "mcilhenny-tabasco-sauce-422599p",
    "brand": "Mc Ilhenny Co.",
    "name": "Tabasco Sauce",
    "imageUrl": "https://shop.coles.com.au/wcsstore/Coles-CAS/images/4/2/2/422599-th.jpg",
    "categories": ["pantry"],
    "tags": ["sauces", "swet-chilli-hot"],
    "locations": {
      "vic": {
        "price": 4.6,
        "promoText": " ",
        "packageSize": "60mL",
        "packagePrice": "$7.67 per 100mL"
      }
    }
  },
  {
    "id": "nandos-sauce-perinaise-original-squeeze",
    "brand": "Nando's",
    "name": "Perinaise Mild Peri-Peri Mayonnaise",
    "imageUrl": "https://shop.coles.com.au/wcsstore/Coles-CAS/images/1/4/1/1412874-th.jpg",
    "categories": ["pantry"],
    "tags": ["sauces", "swet-chilli-hot"],
    "locations": {
      "vic": {
        "price": 3.9,
        "promoText": " ",
        "packageSize": "265g",
        "packagePrice": "$1.47 per 100G"
      }
    }
  },
  {
    "id": "coles-brand-sauce-sweet-chilli",
    "brand": "Coles",
    "name": "Sweet Chilli Sauce",
    "imageUrl": "https://shop.coles.com.au/wcsstore/Coles-CAS/images/5/3/3/5332289-th.jpg",
    "categories": ["pantry"],
    "tags": ["sauces", "swet-chilli-hot"],
    "locations": {
      "vic": {
        "price": 1.79,
        "promoText": " ",
        "packageSize": "500mL",
        "packagePrice": "$0.36 per 100mL"
      }
    }
  },
  {
    "id": "franks-redhot-sauce",
    "brand": "Frank's",
    "name": "Original Redhot Sauce",
    "imageUrl": "https://shop.coles.com.au/wcsstore/Coles-CAS/images/1/9/5/1957139-th.jpg",
    "categories": ["pantry"],
    "tags": ["sauces", "swet-chilli-hot"],
    "locations": {
      "vic": {
        "price": 3,
        "promoText": " ",
        "packageSize": "148mL",
        "packagePrice": "$2.03 per 100mL"
      }
    }
  },
  {
    "id": "nandos-perinaise-hot-sauce",
    "brand": "Nando's",
    "name": "Perinaise Hot Peri-Peri Mayonnaise Sauce",
    "imageUrl": "https://shop.coles.com.au/wcsstore/Coles-CAS/images/1/7/2/1727638-th.jpg",
    "categories": ["pantry"],
    "tags": ["sauces", "swet-chilli-hot"],
    "locations": {
      "vic": {
        "price": 3.9,
        "promoText": " ",
        "packageSize": "265g",
        "packagePrice": "$1.47 per 100G"
      }
    }
  },
  {
    "id": "nandos-peri-peri-sauce-medium",
    "brand": "Nando's",
    "name": "Medium Peri-Peri Sauce",
    "imageUrl": "https://shop.coles.com.au/wcsstore/Coles-CAS/images/2/7/8/2789620-th.jpg",
    "categories": ["pantry"],
    "tags": ["sauces", "swet-chilli-hot"],
    "locations": {
      "vic": {
        "price": 5.75,
        "promoText": " ",
        "packageSize": "250g",
        "packagePrice": "$2.30 per 100G"
      }
    }
  },
  {
    "id": "trident-thai-sweet-chilli-sauce",
    "brand": "Trident",
    "name": "Thai Sweet Chilli Sauce",
    "imageUrl": "https://shop.coles.com.au/wcsstore/Coles-CAS/images/5/5/2/5526955-th.jpg",
    "categories": ["pantry"],
    "tags": ["sauces", "swet-chilli-hot"],
    "locations": {
      "vic": {
        "price": 4.3,
        "promoText": " ",
        "packageSize": "730mL",
        "packagePrice": "$0.59 per 100mL"
      }
    }
  },
  {
    "id": "cholula-hot-sauce",
    "brand": "Cholula",
    "name": "Original Hot Sauce",
    "imageUrl": "https://shop.coles.com.au/wcsstore/Coles-CAS/images/7/2/6/7267847-th.jpg",
    "categories": ["pantry"],
    "tags": ["sauces", "swet-chilli-hot"],
    "locations": {
      "vic": {
        "price": 5,
        "promoText": " ",
        "packageSize": "150mL",
        "packagePrice": "$3.33 per 100mL"
      }
    }
  },
  {
    "id": "marions-kitchen-sauce-coconut-sweet-chilli",
    "brand": "Marion's Kitchen",
    "name": "Coconut Sweet Chilli Sauce",
    "imageUrl": "https://shop.coles.com.au/wcsstore/Coles-CAS/images/3/4/9/3499126-th.jpg",
    "categories": ["pantry"],
    "tags": ["sauces", "swet-chilli-hot"],
    "locations": {
      "vic": {
        "price": 5,
        "promoText": " ",
        "packageSize": "360mL",
        "packagePrice": "$1.39 per 100mL"
      }
    }
  },
  {
    "id": "mcilhenny-tabasco-sauce-green-peppers",
    "brand": "Mc Ilhenny Co.",
    "name": "Tabasco Green Pepper Sauce",
    "imageUrl": "https://shop.coles.com.au/wcsstore/Coles-CAS/images/3/4/9/3499352-th.jpg",
    "categories": ["pantry"],
    "tags": ["sauces", "swet-chilli-hot"],
    "locations": {
      "vic": {
        "price": 4.6,
        "promoText": " ",
        "packageSize": "60mL",
        "packagePrice": "$7.67 per 100mL"
      }
    }
  },
  {
    "id": "nandos-mild-peri-peri-sauce",
    "brand": "Nando's",
    "name": "Mild Peri-Peri Sauce",
    "imageUrl": "https://shop.coles.com.au/wcsstore/Coles-CAS/images/2/4/1/2412360-th.jpg",
    "categories": ["pantry"],
    "tags": ["sauces", "swet-chilli-hot"],
    "locations": {
      "vic": {
        "price": 5.75,
        "promoText": " ",
        "packageSize": "250g",
        "packagePrice": "$2.30 per 100G"
      }
    }
  },
  {
    "id": "mcilhenny-tabasco-sauce",
    "brand": "Mc Ilhenney Co.",
    "name": "Tabasco Pepper Sauce",
    "imageUrl": "https://shop.coles.com.au/wcsstore/Coles-CAS/images/5/9/0/5908576-th.jpg",
    "categories": ["pantry"],
    "tags": ["sauces", "swet-chilli-hot"],
    "locations": {
      "vic": {
        "price": 8.5,
        "promoText": " ",
        "packageSize": "150mL",
        "packagePrice": "$5.67 per 100mL"
      }
    }
  },
  {
    "id": "nandos-sauce-peri-peri-hot-1416194p",
    "brand": "Nando's",
    "name": "Peri-Peri Hot Sauce",
    "imageUrl": "https://shop.coles.com.au/wcsstore/Coles-CAS/images/1/4/1/1416194-th.jpg",
    "categories": ["pantry"],
    "tags": ["sauces", "swet-chilli-hot"],
    "locations": {
      "vic": {
        "price": 5.75,
        "promoText": " ",
        "packageSize": "250mL",
        "packagePrice": "$2.30 per 100mL"
      }
    }
  },
  {
    "id": "nandos-medium-peri-peri-sauce",
    "brand": "Nando's",
    "name": "Medium Peri-Peri Sauce",
    "imageUrl": "https://shop.coles.com.au/wcsstore/Coles-CAS/images/2/4/1/2412417-th.jpg",
    "categories": ["pantry"],
    "tags": ["sauces", "swet-chilli-hot"],
    "locations": {
      "vic": {
        "price": 3.85,
        "promoText": " ",
        "packageSize": "125g",
        "packagePrice": "$3.08 per 100G"
      }
    }
  },
  {
    "id": "outback-spirit-wild-lime-peri-peri-sauce",
    "brand": "Outback Spirit",
    "name": "Peri-Peri Wild Lime Sauce",
    "imageUrl": "https://shop.coles.com.au/wcsstore/ColesResponsiveStorefrontAssetStore/dist/ccfc54aed6e361b650bcf0582f7b576b/img/img_product-placeholder.png",
    "categories": ["pantry"],
    "tags": ["sauces", "swet-chilli-hot"],
    "locations": {
      "vic": {
        "price": 4,
        "promoText": " ",
        "packageSize": "245mL",
        "packagePrice": "$1.63 per 100mL"
      }
    }
  },
  {
    "id": "coles-special-nugget-spicy-sauce",
    "brand": "Coles",
    "name": "Special Curried Ketchup Sauce",
    "imageUrl": "https://shop.coles.com.au/wcsstore/Coles-CAS/images/3/5/0/3502480-th.jpg",
    "categories": ["pantry"],
    "tags": ["sauces", "swet-chilli-hot"],
    "locations": {
      "vic": {
        "price": 2.75,
        "promoText": " ",
        "packageSize": "375mL",
        "packagePrice": "$0.73 per 100mL"
      }
    }
  },
  {
    "id": "flying-goose-green-sriracha",
    "brand": "Flying Goose Brand",
    "name": "Sriracha Hot Green Chilli Sauce",
    "imageUrl": "https://shop.coles.com.au/wcsstore/Coles-CAS/images/3/4/9/3498666-th.jpg",
    "categories": ["pantry"],
    "tags": ["sauces", "swet-chilli-hot"],
    "locations": {
      "vic": {
        "price": 6.5,
        "promoText": " ",
        "packageSize": "455mL",
        "packagePrice": "$1.43 per 100mL"
      }
    }
  },
  {
    "id": "franks-buffalo-wings-sauce",
    "brand": "Frank's",
    "name": "Red Hot Buffalo Wings Sauce",
    "imageUrl": "https://shop.coles.com.au/wcsstore/Coles-CAS/images/3/5/0/3502253-th.jpg",
    "categories": ["pantry"],
    "tags": ["sauces", "swet-chilli-hot"],
    "locations": {
      "vic": {
        "price": 3,
        "promoText": " ",
        "packageSize": "148mL",
        "packagePrice": "$2.03 per 100mL"
      }
    }
  },
  {
    "id": "marions-kitchen-sauce-coconut-sriracha",
    "brand": "Marion's Kitchen",
    "name": "Coconut Sriracha Sauce",
    "imageUrl": "https://shop.coles.com.au/wcsstore/Coles-CAS/images/3/4/9/3499013-th.jpg",
    "categories": ["pantry"],
    "tags": ["sauces", "swet-chilli-hot"],
    "locations": {
      "vic": {
        "price": 5,
        "promoText": " ",
        "packageSize": "360mL",
        "packagePrice": "$1.39 per 100mL"
      }
    }
  },
  {
    "id": "nandos-peri-peri-extra-bloody-hot",
    "brand": "Nando's",
    "name": "Extra Bloody Peri-Peri Hot Sauce",
    "imageUrl": "https://shop.coles.com.au/wcsstore/Coles-CAS/images/3/4/9/3499308-th.jpg",
    "categories": ["pantry"],
    "tags": ["sauces", "swet-chilli-hot"],
    "locations": {
      "vic": {
        "price": 5.75,
        "promoText": " ",
        "packageSize": "250g",
        "packagePrice": "$2.30 per 100G"
      }
    }
  },
  {
    "id": "nandos-peri-peri-coconut-lemon",
    "brand": "Nando's",
    "name": "Coconut & Lemon Peri-Peri Sauce",
    "imageUrl": "https://shop.coles.com.au/wcsstore/Coles-CAS/images/3/4/9/3499294-th.jpg",
    "categories": ["pantry"],
    "tags": ["sauces", "swet-chilli-hot"],
    "locations": {
      "vic": {
        "price": 5.75,
        "promoText": " ",
        "packageSize": "250g",
        "packagePrice": "$2.30 per 100G"
      }
    }
  },
  {
    "id": "masterfods-tomato-sauce-with-hidden-vegetables",
    "brand": "Masterfoods",
    "name": "Tomato Sauce With Hidden Vegetables",
    "imageUrl": "https://shop.coles.com.au/wcsstore/Coles-CAS/images/3/7/4/3748785-th.jpg",
    "categories": ["pantry"],
    "tags": ["sauces", "tomato-bbq"],
    "locations": {
      "vic": {
        "price": 3.15,
        "promoText": " ",
        "packageSize": "500mL",
        "packagePrice": "$0.63 per 100mL"
      }
    }
  },
  {
    "id": "masterfoods-tomato-and-mustard-sauce",
    "brand": "MasterFoods",
    "name": "Tomato And Mustard Sauce",
    "imageUrl": "https://shop.coles.com.au/wcsstore/Coles-CAS/images/3/3/5/3350905-th.jpg",
    "categories": ["pantry"],
    "tags": ["sauces", "tomato-bbq"],
    "locations": {
      "vic": {
        "price": 3.5,
        "promoText": " ",
        "packageSize": "250mL",
        "packagePrice": "$1.40 per 100mL"
      }
    }
  },
  {
    "id": "masterfoods-tomato-sriracha",
    "brand": "MasterFoods",
    "name": "Tomato & Sriracha Sauce Hot",
    "imageUrl": "https://shop.coles.com.au/wcsstore/Coles-CAS/images/3/5/0/3501727-th.jpg",
    "categories": ["pantry"],
    "tags": ["sauces", "tomato-bbq"],
    "locations": {
      "vic": {
        "price": 3,
        "promoText": " ",
        "packageSize": "250mL",
        "packagePrice": "$1.20 per 100mL"
      }
    }
  },
  {
    "id": "masterfoods-charred-bbq-sauce",
    "brand": "MasterFoods",
    "name": "Flame Grill BBQ Style Sauce",
    "imageUrl": "https://shop.coles.com.au/wcsstore/Coles-CAS/images/3/5/0/3501396-th.jpg",
    "categories": ["pantry"],
    "tags": ["sauces", "tomato-bbq"],
    "locations": {
      "vic": {
        "price": 3,
        "promoText": " ",
        "packageSize": "250mL",
        "packagePrice": "$1.20 per 100mL"
      }
    }
  },
  {
    "id": "coles-juice-lemon",
    "brand": "Coles",
    "name": "Lemon Juice",
    "imageUrl": "https://shop.coles.com.au/wcsstore/Coles-CAS/images/9/0/6/9069356-th.jpg",
    "categories": ["pantry"],
    "tags": ["sauces", "marinades-and-seasonings"],
    "locations": {
      "vic": {
        "price": 1.65,
        "promoText": " ",
        "packageSize": "500mL",
        "packagePrice": "$0.33 per 100mL"
      }
    }
  },
  {
    "id": "old-el-paso-taco-sauce-mild",
    "brand": "Old El Paso",
    "name": "Taco Sauce Mild",
    "imageUrl": "https://shop.coles.com.au/wcsstore/Coles-CAS/images/2/9/1/291413-th.jpg",
    "categories": ["pantry"],
    "tags": ["sauces", "marinades-and-seasonings"],
    "locations": {
      "vic": {
        "price": 3.2,
        "promoText": " ",
        "packageSize": "200mL",
        "packagePrice": "$1.60 per 100G"
      }
    }
  },
  {
    "id": "coles-lemon-juice",
    "brand": "Coles",
    "name": "Lemon Juice",
    "imageUrl": "https://shop.coles.com.au/wcsstore/Coles-CAS/images/5/2/9/5295557-th.jpg",
    "categories": ["pantry"],
    "tags": ["sauces", "marinades-and-seasonings"],
    "locations": {
      "vic": {
        "price": 1,
        "promoText": " ",
        "packageSize": "250mL",
        "packagePrice": "$0.40 per 100mL"
      }
    }
  },
  {
    "id": "coles-juice-lime",
    "brand": "Coles",
    "name": "Lime Juice",
    "imageUrl": "https://shop.coles.com.au/wcsstore/Coles-CAS/images/5/5/3/5534873-th.jpg",
    "categories": ["pantry"],
    "tags": ["sauces", "marinades-and-seasonings"],
    "locations": {
      "vic": {
        "price": 1,
        "promoText": " ",
        "packageSize": "250mL",
        "packagePrice": "$0.40 per 100mL"
      }
    }
  },
  {
    "id": "old-el-paso-taco-sauce-hot",
    "brand": "Old El Paso",
    "name": "Hot Taco Sauce",
    "imageUrl": "https://shop.coles.com.au/wcsstore/Coles-CAS/images/4/0/4/404633-th.jpg",
    "categories": ["pantry"],
    "tags": ["sauces", "marinades-and-seasonings"],
    "locations": {
      "vic": {
        "price": 3.2,
        "promoText": " ",
        "packageSize": "200g",
        "packagePrice": "$1.60 per 100G"
      }
    }
  },
  {
    "id": "old-el-paso-enchilada-sauce-mild",
    "brand": "Old El Paso",
    "name": "Enchilada Cooking Sauce Mild",
    "imageUrl": "https://shop.coles.com.au/wcsstore/Coles-CAS/images/7/3/9/7395450-th.jpg",
    "categories": ["pantry"],
    "tags": ["sauces", "marinades-and-seasonings"],
    "locations": {
      "vic": {
        "price": 4.15,
        "promoText": " ",
        "packageSize": "375g",
        "packagePrice": "$1.11 per 100G"
      }
    }
  },
  {
    "id": "maggi-liquid-seasoning",
    "brand": "Maggi",
    "name": "Original Liquid Seasoning",
    "imageUrl": "https://shop.coles.com.au/wcsstore/Coles-CAS/images/3/9/4/394041-th.jpg",
    "categories": ["pantry"],
    "tags": ["sauces", "marinades-and-seasonings"],
    "locations": {
      "vic": {
        "price": 3.8,
        "promoText": " ",
        "packageSize": "200mL",
        "packagePrice": "$1.90 per 100mL"
      }
    }
  },
  {
    "id": "masterfoods-marinade-teriyaki",
    "brand": "MasterFoods",
    "name": "Teriyaki Marinade",
    "imageUrl": "https://shop.coles.com.au/wcsstore/Coles-CAS/images/7/7/4/7741507-th.jpg",
    "categories": ["pantry"],
    "tags": ["sauces", "marinades-and-seasonings"],
    "locations": {
      "vic": {
        "price": 2.5,
        "promoText": " ",
        "packageSize": "375g",
        "packagePrice": "$0.67 per 100G"
      }
    }
  },
  {
    "id": "masterfoods-marinade-smokey-barbeque",
    "brand": "MasterFoods",
    "name": "Smokey BBQ Marinade",
    "imageUrl": "https://shop.coles.com.au/wcsstore/Coles-CAS/images/7/7/1/7715019-th.jpg",
    "categories": ["pantry"],
    "tags": ["sauces", "marinades-and-seasonings"],
    "locations": {
      "vic": {
        "price": 2.5,
        "promoText": " ",
        "packageSize": "375g",
        "packagePrice": "$0.67 per 100G"
      }
    }
  },
  {
    "id": "nandos-marinade-peri-peri-medium",
    "brand": "Nando's",
    "name": "Medium Peri-Peri Marinade",
    "imageUrl": "https://shop.coles.com.au/wcsstore/Coles-CAS/images/9/8/9/9899488-th.jpg",
    "categories": ["pantry"],
    "tags": ["sauces", "marinades-and-seasonings"],
    "locations": {
      "vic": {
        "price": 3.75,
        "promoText": " ",
        "packageSize": "262g",
        "packagePrice": "$1.43 per 100G"
      }
    }
  },
  {
    "id": "old-el-paso-taco-sauce-medium",
    "brand": "Old El Paso",
    "name": "Taco Sauce Medium",
    "imageUrl": "https://shop.coles.com.au/wcsstore/Coles-CAS/images/2/9/1/291402-th.jpg",
    "categories": ["pantry"],
    "tags": ["sauces", "marinades-and-seasonings"],
    "locations": {
      "vic": {
        "price": 3.2,
        "promoText": " ",
        "packageSize": "200mL",
        "packagePrice": "$1.60 per 100G"
      }
    }
  },
  {
    "id": "masterfoods-marinade-soy--honey-garlic",
    "brand": "MasterFoods",
    "name": "Soy Honey & Garlic Marinade",
    "imageUrl": "https://shop.coles.com.au/wcsstore/Coles-CAS/images/7/0/7/7072917-th.jpg",
    "categories": ["pantry"],
    "tags": ["sauces", "marinades-and-seasonings"],
    "locations": {
      "vic": {
        "price": 2.5,
        "promoText": " ",
        "packageSize": "375g",
        "packagePrice": "$0.67 per 100G"
      }
    }
  },
  {
    "id": "masterfoods-sweet-plum-marinade",
    "brand": "MasterFoods",
    "name": "Sweet Plum Marinade",
    "imageUrl": "https://shop.coles.com.au/wcsstore/Coles-CAS/images/8/5/0/8508224-th.jpg",
    "categories": ["pantry"],
    "tags": ["sauces", "marinades-and-seasonings"],
    "locations": {
      "vic": {
        "price": 2.5,
        "promoText": " ",
        "packageSize": "375g",
        "packagePrice": "$0.67 per 100G"
      }
    }
  },
  {
    "id": "marions-kitchen-marinade-spicy-thai-satay",
    "brand": "Marion's Kitchen",
    "name": "Gluten Free Thai Spicy Satay Marinade",
    "imageUrl": "https://shop.coles.com.au/wcsstore/Coles-CAS/images/3/4/9/3498994-th.jpg",
    "categories": ["pantry"],
    "tags": ["sauces", "marinades-and-seasonings"],
    "locations": {
      "vic": {
        "price": 5,
        "promoText": " ",
        "packageSize": "240mL",
        "packagePrice": "$2.08 per 100mL"
      }
    }
  },
  {
    "id": "marions-kitchen-marinade-honey-soy-garlic",
    "brand": "Marion's Kitchen",
    "name": "Gluten Free Honey Soy Garlic Marinade",
    "imageUrl": "https://shop.coles.com.au/wcsstore/Coles-CAS/images/3/4/9/3498928-th.jpg",
    "categories": ["pantry"],
    "tags": ["sauces", "marinades-and-seasonings"],
    "locations": {
      "vic": {
        "price": 5,
        "promoText": " ",
        "packageSize": "240mL",
        "packagePrice": "$2.08 per 100mL"
      }
    }
  },
  {
    "id": "marions-kitchen-marinade-classic-japanese-teriyaki",
    "brand": "Marion's Kitchen",
    "name": "Classic Japanese Teriyaki Marinade",
    "imageUrl": "https://shop.coles.com.au/wcsstore/Coles-CAS/images/3/4/9/3498780-th.jpg",
    "categories": ["pantry"],
    "tags": ["sauces", "marinades-and-seasonings"],
    "locations": {
      "vic": {
        "price": 5,
        "promoText": " ",
        "packageSize": "240mL",
        "packagePrice": "$2.08 per 100mL"
      }
    }
  },
  {
    "id": "marions-kitchen-marinade-sticky-chilli-ginger",
    "brand": "Marion's Kitchen",
    "name": "Gluten Free Sticky Chilli Ginger Marinade",
    "imageUrl": "https://shop.coles.com.au/wcsstore/Coles-CAS/images/3/4/9/3499002-th.jpg",
    "categories": ["pantry"],
    "tags": ["sauces", "marinades-and-seasonings"],
    "locations": {
      "vic": {
        "price": 5,
        "promoText": " ",
        "packageSize": "240mL",
        "packagePrice": "$2.08 per 100mL"
      }
    }
  },
  {
    "id": "masterfoods-marinade-satay",
    "brand": "MasterFoods",
    "name": "Satay Marinade",
    "imageUrl": "https://shop.coles.com.au/wcsstore/Coles-CAS/images/7/7/1/7714297-th.jpg",
    "categories": ["pantry"],
    "tags": ["sauces", "marinades-and-seasonings"],
    "locations": {
      "vic": {
        "price": 2.5,
        "promoText": " ",
        "packageSize": "375g",
        "packagePrice": "$0.67 per 100G"
      }
    }
  },
  {
    "id": "masterfoods-marinade-red-wine-garlic",
    "brand": "MasterFoods",
    "name": "Red Wine & Garlic Marinade",
    "imageUrl": "https://shop.coles.com.au/wcsstore/Coles-CAS/images/7/0/7/7076587-th.jpg",
    "categories": ["pantry"],
    "tags": ["sauces", "marinades-and-seasonings"],
    "locations": {
      "vic": {
        "price": 2.5,
        "promoText": " ",
        "packageSize": "375g",
        "packagePrice": "$0.67 per 100G"
      }
    }
  },
  {
    "id": "nandos-marinade-peri-peri-lemon-herb",
    "brand": "Nando's",
    "name": "Lemon & Herb Extra Mild Peri-Peri Marinade",
    "imageUrl": "https://shop.coles.com.au/wcsstore/Coles-CAS/images/8/4/5/8451240-th.jpg",
    "categories": ["pantry"],
    "tags": ["sauces", "marinades-and-seasonings"],
    "locations": {
      "vic": {
        "price": 3.75,
        "promoText": " ",
        "packageSize": "270g",
        "packagePrice": "$1.39 per 100G"
      }
    }
  },
  {
    "id": "cornwells-vinegar-cider",
    "brand": "Cornwell's",
    "name": "Apple Cider Vinegar",
    "imageUrl": "https://shop.coles.com.au/wcsstore/Coles-CAS/images/1/7/7/177178-th.jpg",
    "categories": ["pantry"],
    "tags": ["oils-vinegars", "vinegar"],
    "locations": {
      "vic": {
        "price": 3.35,
        "promoText": " ",
        "packageSize": "750mL",
        "packagePrice": "$0.45 per 100mL"
      }
    }
  },
  {
    "id": "cornwells-vinegar-white-156768p",
    "brand": "Cornwell's",
    "name": "White Vinegar",
    "imageUrl": "https://shop.coles.com.au/wcsstore/Coles-CAS/images/1/5/6/156768-th.jpg",
    "categories": ["pantry"],
    "tags": ["oils-vinegars", "vinegar"],
    "locations": {
      "vic": {
        "price": 3,
        "promoText": " ",
        "packageSize": "750mL",
        "packagePrice": "$0.40 per 100mL"
      }
    }
  },
  {
    "id": "coles-smart-buy-vinegar-white",
    "brand": "Coles",
    "name": "White Vinegar",
    "imageUrl": "https://shop.coles.com.au/wcsstore/Coles-CAS/images/4/5/2/4524127-th.jpg",
    "categories": ["pantry"],
    "tags": ["oils-vinegars", "vinegar"],
    "locations": {
      "vic": {
        "price": 1.2,
        "promoText": " ",
        "packageSize": "2L",
        "packagePrice": "$0.06 per 100mL"
      }
    }
  },
  {
    "id": "moro-balsamic-vinegar-of-modena",
    "brand": "Moro",
    "name": "Balsamic Vinegar of Modena",
    "imageUrl": "https://shop.coles.com.au/wcsstore/Coles-CAS/images/7/1/1/7113978-th.jpg",
    "categories": ["pantry"],
    "tags": ["oils-vinegars", "vinegar"],
    "locations": {
      "vic": {
        "price": 4,
        "promoText": "$1.00 ",
        "packageSize": "500mL",
        "packagePrice": "$0.80 per 100mL"
      }
    }
  },
  {
    "id": "mazzetti-vinegar-balsamic-1-leaf",
    "brand": "Mazzetti",
    "name": "Balsamic Vinegar 1 Leaf",
    "imageUrl": "https://shop.coles.com.au/wcsstore/Coles-CAS/images/5/2/3/5236730-th.jpg",
    "categories": ["pantry"],
    "tags": ["oils-vinegars", "vinegar"],
    "locations": {
      "vic": {
        "price": 5,
        "promoText": " ",
        "packageSize": "500mL",
        "packagePrice": "$1.00 per 100mL"
      }
    }
  },
  {
    "id": "cornwells-vinegar-white",
    "brand": "Cornwell's",
    "name": "White Vinegar",
    "imageUrl": "https://shop.coles.com.au/wcsstore/Coles-CAS/images/4/3/2/432763-th.jpg",
    "categories": ["pantry"],
    "tags": ["oils-vinegars", "vinegar"],
    "locations": {
      "vic": {
        "price": 2.15,
        "promoText": " ",
        "packageSize": "375mL",
        "packagePrice": "$0.57 per 100mL"
      }
    }
  },
  {
    "id": "coles-brand-vinegar-white-wine-italian",
    "brand": "Coles",
    "name": "Italian White Wine Vinegar",
    "imageUrl": "https://shop.coles.com.au/wcsstore/Coles-CAS/images/7/1/9/7195247-th.jpg",
    "categories": ["pantry"],
    "tags": ["oils-vinegars", "vinegar"],
    "locations": {
      "vic": {
        "price": 2.8,
        "promoText": "Was $3.00 on Mar 2020 ",
        "packageSize": "500mL",
        "packagePrice": "$0.56 per 100mL"
      }
    }
  },
  {
    "id": "coles-double-strength-white-vinegar",
    "brand": "Coles",
    "name": "Double Strength White Vinegar",
    "imageUrl": "https://shop.coles.com.au/wcsstore/Coles-CAS/images/3/4/9/3497801-th.jpg",
    "categories": ["pantry"],
    "tags": ["oils-vinegars", "vinegar"],
    "locations": {
      "vic": {
        "price": 2.2,
        "promoText": " ",
        "packageSize": "2L",
        "packagePrice": "$1.10 per 1L"
      }
    }
  },
  {
    "id": "mazzetti-vinegar-balsamic-1-leaf-5604629p",
    "brand": "Mazzetti",
    "name": "Balsamic Vinegar 1 Leaf",
    "imageUrl": "https://shop.coles.com.au/wcsstore/Coles-CAS/images/5/6/0/5604629-th.jpg",
    "categories": ["pantry"],
    "tags": ["oils-vinegars", "vinegar"],
    "locations": {
      "vic": {
        "price": 3,
        "promoText": "$0.45 ",
        "packageSize": "250mL",
        "packagePrice": "$1.20 per 100mL"
      }
    }
  },
  {
    "id": "moro-aged-balsamic-primula-vinegar",
    "brand": "Moro",
    "name": "Aged Balsamic Primula Vinegar",
    "imageUrl": "https://shop.coles.com.au/wcsstore/Coles-CAS/images/1/7/3/1736173-th.jpg",
    "categories": ["pantry"],
    "tags": ["oils-vinegars", "vinegar"],
    "locations": {
      "vic": {
        "price": 9,
        "promoText": " ",
        "packageSize": "250mL",
        "packagePrice": "$3.60 per 100mL"
      }
    }
  },
  {
    "id": "coles-vinegar-balsamic-mediterranean",
    "brand": "Coles",
    "name": "Balsamic Vinegar",
    "imageUrl": "https://shop.coles.com.au/wcsstore/Coles-CAS/images/6/8/6/6867190-th.jpg",
    "categories": ["pantry"],
    "tags": ["oils-vinegars", "vinegar"],
    "locations": {
      "vic": {
        "price": 3,
        "promoText": " ",
        "packageSize": "500mL",
        "packagePrice": "$0.60 per 100mL"
      }
    }
  },
  {
    "id": "moro-vinegar-white-wine",
    "brand": "Moro",
    "name": "White Wine Vinegar",
    "imageUrl": "https://shop.coles.com.au/wcsstore/Coles-CAS/images/9/6/7/9674218-th.jpg",
    "categories": ["pantry"],
    "tags": ["oils-vinegars", "vinegar"],
    "locations": {
      "vic": {
        "price": 4,
        "promoText": " ",
        "packageSize": "500mL",
        "packagePrice": "$0.80 per 100mL"
      }
    }
  },
  {
    "id": "moro-vinegar-red-wine",
    "brand": "Moro",
    "name": "Red Wine Vinegar",
    "imageUrl": "https://shop.coles.com.au/wcsstore/Coles-CAS/images/9/6/7/9674229-th.jpg",
    "categories": ["pantry"],
    "tags": ["oils-vinegars", "vinegar"],
    "locations": {
      "vic": {
        "price": 4,
        "promoText": " ",
        "packageSize": "500mL",
        "packagePrice": "$0.80 per 100mL"
      }
    }
  },
  {
    "id": "mazzetti-organic-apple-cider-vinegar",
    "brand": "Mazzetti",
    "name": "Organic Apple Cider Vinegar",
    "imageUrl": "https://shop.coles.com.au/wcsstore/Coles-CAS/images/2/7/3/2734832-th.jpg",
    "categories": ["pantry"],
    "tags": ["oils-vinegars", "vinegar"],
    "locations": {
      "vic": {
        "price": 4,
        "promoText": "$1.00 ",
        "packageSize": "500mL",
        "packagePrice": "$0.80 per 100mL"
      }
    }
  },
  {
    "id": "coles-italian-red-wine-vinegar",
    "brand": "Coles",
    "name": "Italian Red Wine Vinegar",
    "imageUrl": "https://shop.coles.com.au/wcsstore/Coles-CAS/images/7/1/9/7190797-th.jpg",
    "categories": ["pantry"],
    "tags": ["oils-vinegars", "vinegar"],
    "locations": {
      "vic": {
        "price": 2.8,
        "promoText": "Was $3.00 on Mar 2020 ",
        "packageSize": "500mL",
        "packagePrice": "$0.56 per 100mL"
      }
    }
  },
  {
    "id": "moro-sherry-vinegar",
    "brand": "Moro",
    "name": "Sherry Vinegar",
    "imageUrl": "https://shop.coles.com.au/wcsstore/Coles-CAS/images/3/4/9/3497550-th.jpg",
    "categories": ["pantry"],
    "tags": ["oils-vinegars", "vinegar"],
    "locations": {
      "vic": {
        "price": 4,
        "promoText": " ",
        "packageSize": "250mL",
        "packagePrice": "$1.60 per 100mL"
      }
    }
  },
  {
    "id": "coles-rice-wine-vinegar",
    "brand": "Coles",
    "name": "Rice Wine Vinegar",
    "imageUrl": "https://shop.coles.com.au/wcsstore/Coles-CAS/images/3/4/8/3486838-th.jpg",
    "categories": ["pantry"],
    "tags": ["oils-vinegars", "vinegar"],
    "locations": {
      "vic": {
        "price": 3,
        "promoText": " ",
        "packageSize": "500mL",
        "packagePrice": "$0.60 per 100mL"
      }
    }
  },
  {
    "id": "coles-vinegar-raw-apple-cider",
    "brand": "Coles",
    "name": "Raw Apple Cider Vinegar",
    "imageUrl": "https://shop.coles.com.au/wcsstore/Coles-CAS/images/3/4/9/3497754-th.jpg",
    "categories": ["pantry"],
    "tags": ["oils-vinegars", "vinegar"],
    "locations": {
      "vic": {
        "price": 4,
        "promoText": " ",
        "packageSize": "500mL",
        "packagePrice": "$0.80 per 100mL"
      }
    }
  },
  {
    "id": "cornwells-vinegar-brown-malt",
    "brand": "Cornwell's",
    "name": "Brown Malt Vinegar",
    "imageUrl": "https://shop.coles.com.au/wcsstore/Coles-CAS/images/4/3/2/432752-th.jpg",
    "categories": ["pantry"],
    "tags": ["oils-vinegars", "vinegar"],
    "locations": {
      "vic": {
        "price": 2.15,
        "promoText": " ",
        "packageSize": "375mL",
        "packagePrice": "$0.57 per 100mL"
      }
    }
  },
  {
    "id": "cornwells-vinegar-brown-malt-156757p",
    "brand": "Cornwell's",
    "name": "Brown Malt Vinegar",
    "imageUrl": "https://shop.coles.com.au/wcsstore/Coles-CAS/images/1/5/6/156757-th.jpg",
    "categories": ["pantry"],
    "tags": ["oils-vinegars", "vinegar"],
    "locations": {
      "vic": {
        "price": 3,
        "promoText": " ",
        "packageSize": "750mL",
        "packagePrice": "$0.40 per 100mL"
      }
    }
  },
  {
    "id": "mazzetti-balsamic-vinegar-glaze",
    "brand": "Mazzetti",
    "name": "Glaze Balsamic Vinegar",
    "imageUrl": "https://shop.coles.com.au/wcsstore/Coles-CAS/images/4/6/1/4618639-th.jpg",
    "categories": ["pantry"],
    "tags": ["oils-vinegars", "vinegar"],
    "locations": {
      "vic": {
        "price": 7,
        "promoText": " ",
        "packageSize": "215mL",
        "packagePrice": "$3.26 per 100mL"
      }
    }
  },
  {
    "id": "anchor-brown-vinegar",
    "brand": "Anchor",
    "name": "Brown Vinegar",
    "imageUrl": "https://shop.coles.com.au/wcsstore/Coles-CAS/images/3/3/1/3312644-th.jpg",
    "categories": ["pantry"],
    "tags": ["oils-vinegars", "vinegar"],
    "locations": {
      "vic": {
        "price": 1.05,
        "promoText": " ",
        "packageSize": "1L",
        "packagePrice": "$1.05 per 1L"
      }
    }
  },
  {
    "id": "coles-balsamic-glaze",
    "brand": "Coles",
    "name": "Balsamic Glaze",
    "imageUrl": "https://shop.coles.com.au/wcsstore/Coles-CAS/images/2/7/2/2724271-th.jpg",
    "categories": ["pantry"],
    "tags": ["oils-vinegars", "vinegar"],
    "locations": {
      "vic": {
        "price": 6,
        "promoText": " ",
        "packageSize": "215mL",
        "packagePrice": "$2.79 per 100mL"
      }
    }
  },
  {
    "id": "coles-finest-balsamic-vinegar",
    "brand": "Coles Finest",
    "name": "Balsamic Vinegar",
    "imageUrl": "https://shop.coles.com.au/wcsstore/Coles-CAS/images/1/5/0/1503754-th.jpg",
    "categories": ["pantry"],
    "tags": ["oils-vinegars", "vinegar"],
    "locations": {
      "vic": {
        "price": 6,
        "promoText": " ",
        "packageSize": "250mL",
        "packagePrice": "$2.40 per 100mL"
      }
    }
  },
  {
    "id": "cornwells-vinegar-apple-cider",
    "brand": "Cornwell's",
    "name": "Apple Cider Vinegar",
    "imageUrl": "https://shop.coles.com.au/wcsstore/Coles-CAS/images/6/9/6/6963693-th.jpg",
    "categories": ["pantry"],
    "tags": ["oils-vinegars", "vinegar"],
    "locations": {
      "vic": {
        "price": 2.6,
        "promoText": " ",
        "packageSize": "375mL",
        "packagePrice": "$0.69 per 100mL"
      }
    }
  },
  {
    "id": "mazzetti-vinegar-balsamic-4-leaf",
    "brand": "Mazzetti",
    "name": "Balsamic Vinegar 4 Leaf",
    "imageUrl": "https://shop.coles.com.au/wcsstore/Coles-CAS/images/4/6/1/4618107-th.jpg",
    "categories": ["pantry"],
    "tags": ["oils-vinegars", "vinegar"],
    "locations": {
      "vic": {
        "price": 6.75,
        "promoText": " ",
        "packageSize": "250mL",
        "packagePrice": "$2.70 per 100mL"
      }
    }
  },
  {
    "id": "mazzetti-apple-cider-honey-ginger-vinegar",
    "brand": "Mazzetti",
    "name": "Organic Apple Cider Vinegar With Honey & Ginger",
    "imageUrl": "https://shop.coles.com.au/wcsstore/Coles-CAS/images/3/0/7/3071821-th.jpg",
    "categories": ["pantry"],
    "tags": ["oils-vinegars", "vinegar"],
    "locations": {
      "vic": {
        "price": 5,
        "promoText": " ",
        "packageSize": "500mL",
        "packagePrice": "$1.00 per 100mL"
      }
    }
  },
  {
    "id": "moro-gourmet-glaze-italian",
    "brand": "Moro",
    "name": "Gourmet Glaze Italian",
    "imageUrl": "https://shop.coles.com.au/wcsstore/Coles-CAS/images/2/7/3/2734796-th.jpg",
    "categories": ["pantry"],
    "tags": ["oils-vinegars", "vinegar"],
    "locations": {
      "vic": {
        "price": 4.6,
        "promoText": " ",
        "packageSize": "118mL",
        "packagePrice": "$3.90 per 100mL"
      }
    }
  },
  {
    "id": "moro-vincotto-fig-vinegar",
    "brand": "Moro",
    "name": "Vincotto Fig",
    "imageUrl": "https://shop.coles.com.au/wcsstore/Coles-CAS/images/3/4/9/3497540-th.jpg",
    "categories": ["pantry"],
    "tags": ["oils-vinegars", "vinegar"],
    "locations": {
      "vic": {
        "price": 5,
        "promoText": " ",
        "packageSize": "100mL",
        "packagePrice": "$5.00 per 100mL"
      }
    }
  },
  {
    "id": "moro-vincotto-classic-vinegar",
    "brand": "Moro",
    "name": "Classic Vincotto",
    "imageUrl": "https://shop.coles.com.au/wcsstore/Coles-CAS/images/3/4/9/3497517-th.jpg",
    "categories": ["pantry"],
    "tags": ["oils-vinegars", "vinegar"],
    "locations": {
      "vic": {
        "price": 5,
        "promoText": " ",
        "packageSize": "100mL",
        "packagePrice": "$5.00 per 100mL"
      }
    }
  },
  {
    "id": "crisco-vegetable-oil-blended",
    "brand": "Crisco",
    "name": "Vegetable Oil Blended",
    "imageUrl": "https://shop.coles.com.au/wcsstore/Coles-CAS/images/1/2/6/126745-th.jpg",
    "categories": ["pantry"],
    "tags": ["oils-vinegars", "oil"],
    "locations": {
      "vic": {
        "price": 3,
        "promoText": "$0.80 ",
        "packageSize": "750mL",
        "packagePrice": "$0.40 per 100mL"
      }
    }
  },
  {
    "id": "crisco-canola-oil",
    "brand": "Crisco",
    "name": "Canola Oil",
    "imageUrl": "https://shop.coles.com.au/wcsstore/Coles-CAS/images/7/3/0/73092-th.jpg",
    "categories": ["pantry"],
    "tags": ["oils-vinegars", "oil"],
    "locations": {
      "vic": {
        "price": 3,
        "promoText": "$0.80 ",
        "packageSize": "750mL",
        "packagePrice": "$0.40 per 100mL"
      }
    }
  },
  {
    "id": "goldn-canola-canola-oil",
    "brand": "Gold'N Canola",
    "name": "Canola Oil",
    "imageUrl": "https://shop.coles.com.au/wcsstore/Coles-CAS/images/5/2/2/5222305-th.jpg",
    "categories": ["pantry"],
    "tags": ["oils-vinegars", "oil"],
    "locations": {
      "vic": {
        "price": 18,
        "promoText": " ",
        "packageSize": "4L",
        "packagePrice": "$0.45 per 100mL"
      }
    }
  },
  {
    "id": "cobram-estate-extra-virgin-olive-oil",
    "brand": "Cobram Estate",
    "name": "Extra Virgin Olive Classic",
    "imageUrl": "https://shop.coles.com.au/wcsstore/Coles-CAS/images/4/4/9/4491469-th.jpg",
    "categories": ["pantry"],
    "tags": ["oils-vinegars", "oil"],
    "locations": {
      "vic": {
        "price": 15,
        "promoText": " ",
        "packageSize": "750mL",
        "packagePrice": "$2.00 per 100mL"
      }
    }
  },
  {
    "id": "cobram-estate-oil-olive-extra-virgin",
    "brand": "Cobram Estate",
    "name": "Extra Virgin Olive Oil Classic",
    "imageUrl": "https://shop.coles.com.au/wcsstore/Coles-CAS/images/9/3/8/9389517-th.jpg",
    "categories": ["pantry"],
    "tags": ["oils-vinegars", "oil"],
    "locations": {
      "vic": {
        "price": 6,
        "promoText": "$2.00 ",
        "packageSize": "375mL",
        "packagePrice": "$1.60 per 100mL"
      }
    }
  },
  {
    "id": "cobram-estate-olive-oil-fresh-fruit",
    "brand": "Cobram Estate",
    "name": "Extra Virgin Olive Oil Classic",
    "imageUrl": "https://shop.coles.com.au/wcsstore/Coles-CAS/images/8/3/7/8371232-th.jpg",
    "categories": ["pantry"],
    "tags": ["oils-vinegars", "oil"],
    "locations": {
      "vic": {
        "price": 29,
        "promoText": "$8.00 ",
        "packageSize": "3L",
        "packagePrice": "$0.97 per 100mL"
      }
    }
  },
  {
    "id": "alfa-one-oil-rice-bran",
    "brand": "Alfa One",
    "name": "Pure Rice Bran Oil",
    "imageUrl": "https://shop.coles.com.au/wcsstore/Coles-CAS/images/9/4/1/9419265-th.jpg",
    "categories": ["pantry"],
    "tags": ["oils-vinegars", "oil"],
    "locations": {
      "vic": {
        "price": 9,
        "promoText": "Was $18.00 on Sep 2016 ",
        "packageSize": "3L",
        "packagePrice": "$0.30 per 100mL"
      }
    }
  },
  {
    "id": "alfa-one-rice-bran-bbq-oil-spray",
    "brand": "Alfa One",
    "name": "Pure Rice Bran Oil BBQ Spray",
    "imageUrl": "https://shop.coles.com.au/wcsstore/Coles-CAS/images/2/1/4/2143166-th.jpg",
    "categories": ["pantry"],
    "tags": ["oils-vinegars", "oil"],
    "locations": {
      "vic": {
        "price": 5.1,
        "promoText": " ",
        "packageSize": "225g",
        "packagePrice": "$2.27 per 100G"
      }
    }
  },
  {
    "id": "la-espanola-extra-virgin-olive-oil-5833943p",
    "brand": "La Espanola",
    "name": "Extra Virgin Olive Oil",
    "imageUrl": "https://shop.coles.com.au/wcsstore/Coles-CAS/images/5/8/3/5833943-th.jpg",
    "categories": ["pantry"],
    "tags": ["oils-vinegars", "oil"],
    "locations": {
      "vic": {
        "price": 9.5,
        "promoText": " ",
        "packageSize": "500mL",
        "packagePrice": "$1.90 per 100mL"
      }
    }
  },
  {
    "id": "la-espanola-extra-virgin-olive-oil-5833557p",
    "brand": "La Espanola",
    "name": "Extra Virgin Olive Oil",
    "imageUrl": "https://shop.coles.com.au/wcsstore/Coles-CAS/images/5/8/3/5833557-th.jpg",
    "categories": ["pantry"],
    "tags": ["oils-vinegars", "oil"],
    "locations": {
      "vic": {
        "price": 7,
        "promoText": "$7.00 ",
        "packageSize": "1L",
        "packagePrice": "$0.70 per 100mL"
      }
    }
  },
  {
    "id": "coles-brand-oil-olive-extra-virgin-australian-spray",
    "brand": "Coles",
    "name": "Extra Virgin Olive Oil Spray",
    "imageUrl": "https://shop.coles.com.au/wcsstore/Coles-CAS/images/8/0/9/8095601-th.jpg",
    "categories": ["pantry"],
    "tags": ["oils-vinegars", "oil"],
    "locations": {
      "vic": {
        "price": 2.15,
        "promoText": " ",
        "packageSize": "150g",
        "packagePrice": "$1.43 per 100G"
      }
    }
  },
  {
    "id": "coles-brand-oil-vegetable-blended-4574919p",
    "brand": "Coles",
    "name": "Vegetable Oil Blended",
    "imageUrl": "https://shop.coles.com.au/wcsstore/Coles-CAS/images/4/5/7/4574919-th.jpg",
    "categories": ["pantry"],
    "tags": ["oils-vinegars", "oil"],
    "locations": {
      "vic": {
        "price": 2.25,
        "promoText": " ",
        "packageSize": "750mL",
        "packagePrice": "$0.30 per 100mL"
      }
    }
  },
  {
    "id": "moro-extra-virgin-olive-oil-5118100p",
    "brand": "Moro",
    "name": "Primero Extra Virgin Olive Oil",
    "imageUrl": "https://shop.coles.com.au/wcsstore/Coles-CAS/images/5/1/1/5118100-th.jpg",
    "categories": ["pantry"],
    "tags": ["oils-vinegars", "oil"],
    "locations": {
      "vic": {
        "price": 12,
        "promoText": "Was $17.00 on Jun 2018 ",
        "packageSize": "1L",
        "packagePrice": "$1.20 per 100mL"
      }
    }
  },
  {
    "id": "cobram-estate-australian-olive-oil-spray-light",
    "brand": "Cobram Estate",
    "name": "Extra Virgin Olive Oil Light Spray",
    "imageUrl": "https://shop.coles.com.au/wcsstore/Coles-CAS/images/9/9/1/9917896-th.jpg",
    "categories": ["pantry"],
    "tags": ["oils-vinegars", "oil"],
    "locations": {
      "vic": {
        "price": 5.5,
        "promoText": " ",
        "packageSize": "225g",
        "packagePrice": "$2.44 per 100G"
      }
    }
  },
  {
    "id": "la-espanola-olive-oil-mild-light-5847020p",
    "brand": "La Espanola",
    "name": "Olive Oil Light & Mild",
    "imageUrl": "https://shop.coles.com.au/wcsstore/Coles-CAS/images/5/8/4/5847020-th.jpg",
    "categories": ["pantry"],
    "tags": ["oils-vinegars", "oil"],
    "locations": {
      "vic": {
        "price": 7,
        "promoText": "$7.00 ",
        "packageSize": "1L",
        "packagePrice": "$0.70 per 100mL"
      }
    }
  },
  {
    "id": "coles-oil-canola-cooking-spray",
    "brand": "Coles",
    "name": "Canola Oil Cooking Spray",
    "imageUrl": "https://shop.coles.com.au/wcsstore/Coles-CAS/images/9/4/1/9418761-th.jpg",
    "categories": ["pantry"],
    "tags": ["oils-vinegars", "oil"],
    "locations": {
      "vic": {
        "price": 1.85,
        "promoText": " ",
        "packageSize": "400g",
        "packagePrice": "$0.46 per 100G"
      }
    }
  },
  {
    "id": "moro-100%25-pure-olive-oil",
    "brand": "Moro",
    "name": "Tradicional Olive Oil",
    "imageUrl": "https://shop.coles.com.au/wcsstore/Coles-CAS/images/1/3/4/134608-th.jpg",
    "categories": ["pantry"],
    "tags": ["oils-vinegars", "oil"],
    "locations": {
      "vic": {
        "price": 12,
        "promoText": "Was $16.00 on Jun 2018 ",
        "packageSize": "1L",
        "packagePrice": "$1.20 per 100mL"
      }
    }
  },
  {
    "id": "la-espanola-extra-virgin-olive-oil-3233399p",
    "brand": "La Espanola",
    "name": "Extra Virgin Olive Oil",
    "imageUrl": "https://shop.coles.com.au/wcsstore/Coles-CAS/images/3/2/3/3233399-th.jpg",
    "categories": ["pantry"],
    "tags": ["oils-vinegars", "oil"],
    "locations": {
      "vic": {
        "price": 23,
        "promoText": "Was $24.00 on Mar 2019 ",
        "packageSize": "3.78L",
        "packagePrice": "$0.61 per 100mL"
      }
    }
  },
  {
    "id": "changs-sesame-oil",
    "brand": "Changs",
    "name": "Pure Sesame Oil",
    "imageUrl": "https://shop.coles.com.au/wcsstore/Coles-CAS/images/5/0/9/5099093-th.jpg",
    "categories": ["pantry"],
    "tags": ["oils-vinegars", "oil"],
    "locations": {
      "vic": {
        "price": 3.65,
        "promoText": " ",
        "packageSize": "150mL",
        "packagePrice": "$2.43 per 100mL"
      }
    }
  },
  {
    "id": "coles-oil-canola-4616112p",
    "brand": "Coles",
    "name": "Canola Oil",
    "imageUrl": "https://shop.coles.com.au/wcsstore/Coles-CAS/images/4/6/1/4616112-th.jpg",
    "categories": ["pantry"],
    "tags": ["oils-vinegars", "oil"],
    "locations": {
      "vic": {
        "price": 4.4,
        "promoText": " ",
        "packageSize": "2L",
        "packagePrice": "$0.22 per 100mL"
      }
    }
  },
  {
    "id": "coles-smart-buy-oil-olive",
    "brand": "Coles",
    "name": "Refined Olive Oil",
    "imageUrl": "https://shop.coles.com.au/wcsstore/Coles-CAS/images/8/0/1/8012499-th.jpg",
    "categories": ["pantry"],
    "tags": ["oils-vinegars", "oil"],
    "locations": {
      "vic": {
        "price": 3,
        "promoText": " ",
        "packageSize": "500mL",
        "packagePrice": "$0.60 per 100mL"
      }
    }
  },
  {
    "id": "coles-brand-oil-canola",
    "brand": "Coles",
    "name": "Canola Oil",
    "imageUrl": "https://shop.coles.com.au/wcsstore/Coles-CAS/images/4/6/1/4616564-th.jpg",
    "categories": ["pantry"],
    "tags": ["oils-vinegars", "oil"],
    "locations": {
      "vic": {
        "price": 2.25,
        "promoText": " ",
        "packageSize": "750mL",
        "packagePrice": "$0.30 per 100mL"
      }
    }
  },
  {
    "id": "la-espanola-extra-virgin-olive-oil-3525995p",
    "brand": "La Espanola",
    "name": "Extra Virgin Olive Oil",
    "imageUrl": "https://shop.coles.com.au/wcsstore/Coles-CAS/images/3/5/2/3525995-th.jpg",
    "categories": ["pantry"],
    "tags": ["oils-vinegars", "oil"],
    "locations": {
      "vic": {
        "price": 1.5,
        "promoText": "$1.50 ",
        "packageSize": "100mL",
        "packagePrice": "$1.50 per 100mL"
      }
    }
  },
  {
    "id": "cobram-estate-oil-light-delicate",
    "brand": "Cobram Estate",
    "name": "Extra Virgin Olive Oil Light",
    "imageUrl": "https://shop.coles.com.au/wcsstore/Coles-CAS/images/7/4/5/7452179-th.jpg",
    "categories": ["pantry"],
    "tags": ["oils-vinegars", "oil"],
    "locations": {
      "vic": {
        "price": 15,
        "promoText": " ",
        "packageSize": "750mL",
        "packagePrice": "$2.00 per 100mL"
      }
    }
  },
  {
    "id": "coles-brand-oil-vegetable",
    "brand": "Coles",
    "name": "Vegetable Oil",
    "imageUrl": "https://shop.coles.com.au/wcsstore/Coles-CAS/images/8/2/1/8211586-th.jpg",
    "categories": ["pantry"],
    "tags": ["oils-vinegars", "oil"],
    "locations": {
      "vic": {
        "price": 8.8,
        "promoText": " ",
        "packageSize": "4L",
        "packagePrice": "$0.22 per 100mL"
      }
    }
  },
  {
    "id": "coles-brand-oil-olive-extra-virgin",
    "brand": "Coles",
    "name": "Extra Virgin Olive Oil",
    "imageUrl": "https://shop.coles.com.au/wcsstore/Coles-CAS/images/5/4/4/5449504-th.jpg",
    "categories": ["pantry"],
    "tags": ["oils-vinegars", "oil"],
    "locations": {
      "vic": {
        "price": 4,
        "promoText": " ",
        "packageSize": "500mL",
        "packagePrice": "$0.80 per 100mL"
      }
    }
  },
  {
    "id": "coles-brand-oil-vegetable-blended",
    "brand": "Coles",
    "name": "Blended Vegetable Oil",
    "imageUrl": "https://shop.coles.com.au/wcsstore/Coles-CAS/images/4/5/7/4574635-th.jpg",
    "categories": ["pantry"],
    "tags": ["oils-vinegars", "oil"],
    "locations": {
      "vic": {
        "price": 4.4,
        "promoText": " ",
        "packageSize": "2L",
        "packagePrice": "$2.20 per 1L"
      }
    }
  },
  {
    "id": "coles-brand-oil-olive-extra-virgin-australian-4302249p",
    "brand": "Coles",
    "name": "Extra Virgin Olive Oil",
    "imageUrl": "https://shop.coles.com.au/wcsstore/Coles-CAS/images/4/3/0/4302249-th.jpg",
    "categories": ["pantry"],
    "tags": ["oils-vinegars", "oil"],
    "locations": {
      "vic": {
        "price": 5,
        "promoText": " ",
        "packageSize": "500mL",
        "packagePrice": "$1.00 per 100mL"
      }
    }
  },
  {
    "id": "la-espanola-extra-virgin-olive-oil",
    "brand": "La Espanola",
    "name": "Extra Virgin Olive Oil",
    "imageUrl": "https://shop.coles.com.au/wcsstore/Coles-CAS/images/6/5/4/6542902-th.jpg",
    "categories": ["pantry"],
    "tags": ["oils-vinegars", "oil"],
    "locations": {
      "vic": {
        "price": 27,
        "promoText": " ",
        "packageSize": "4L",
        "packagePrice": "$0.68 per 100mL"
      }
    }
  },
  {
    "id": "la-espanola-olive-oil-mild-light",
    "brand": "La Espanola",
    "name": "Olive Oil Light",
    "imageUrl": "https://shop.coles.com.au/wcsstore/Coles-CAS/images/5/8/3/5833477-th.jpg",
    "categories": ["pantry"],
    "tags": ["oils-vinegars", "oil"],
    "locations": {
      "vic": {
        "price": 9.5,
        "promoText": " ",
        "packageSize": "500mL",
        "packagePrice": "$1.90 per 100mL"
      }
    }
  },
  {
    "id": "red-island-extra-virgin-olive-oil-4485229p",
    "brand": "Red Island",
    "name": "Extra Virgin Olive Oil",
    "imageUrl": "https://shop.coles.com.au/wcsstore/Coles-CAS/images/4/4/8/4485229-th.jpg",
    "categories": ["pantry"],
    "tags": ["oils-vinegars", "oil"],
    "locations": {
      "vic": {
        "price": 6.4,
        "promoText": "$1.60 ",
        "packageSize": "500mL",
        "packagePrice": "$1.28 per 100mL"
      }
    }
  },
  {
    "id": "cobram-estate-olive-oil-rich-robust",
    "brand": "Cobram Estate",
    "name": "Extra Virgin Olive Oil Robust",
    "imageUrl": "https://shop.coles.com.au/wcsstore/Coles-CAS/images/8/3/7/8370400-th.jpg",
    "categories": ["pantry"],
    "tags": ["oils-vinegars", "oil"],
    "locations": {
      "vic": {
        "price": 15,
        "promoText": " ",
        "packageSize": "750mL",
        "packagePrice": "$2.00 per 100mL"
      }
    }
  },
  {
    "id": "coles-brand-oil-sunflower",
    "brand": "Coles",
    "name": "Sunflower Oil",
    "imageUrl": "https://shop.coles.com.au/wcsstore/Coles-CAS/images/8/2/1/8211473-th.jpg",
    "categories": ["pantry"],
    "tags": ["oils-vinegars", "oil"],
    "locations": {
      "vic": {
        "price": 9.75,
        "promoText": " ",
        "packageSize": "4L",
        "packagePrice": "$0.24 per 100mL"
      }
    }
  },
  {
    "id": "crisco-peanut-oil-301404p",
    "brand": "Crisco",
    "name": "Peanut Oil",
    "imageUrl": "https://shop.coles.com.au/wcsstore/Coles-CAS/images/3/0/1/301404-th.jpg",
    "categories": ["pantry"],
    "tags": ["oils-vinegars", "oil"],
    "locations": {
      "vic": {
        "price": 6,
        "promoText": " ",
        "packageSize": "750mL",
        "packagePrice": "$0.80 per 100mL"
      }
    }
  },
  {
    "id": "moro-pure-olive-oil",
    "brand": "Moro",
    "name": "Tradicional Olive Oil",
    "imageUrl": "https://shop.coles.com.au/wcsstore/Coles-CAS/images/4/0/5/405614-th.jpg",
    "categories": ["pantry"],
    "tags": ["oils-vinegars", "oil"],
    "locations": {
      "vic": {
        "price": 29,
        "promoText": "Was $31.50 on Jul 2017 ",
        "packageSize": "4L",
        "packagePrice": "$0.73 per 100mL"
      }
    }
  },
  {
    "id": "cobram-estate-garlic-infused-oil",
    "brand": "Cobram Estate",
    "name": "Garlic Infused Oil",
    "imageUrl": "https://shop.coles.com.au/wcsstore/Coles-CAS/images/2/7/8/2788412-th.jpg",
    "categories": ["pantry"],
    "tags": ["oils-vinegars", "oil"],
    "locations": {
      "vic": {
        "price": 9,
        "promoText": " ",
        "packageSize": "375mL",
        "packagePrice": "$2.40 per 100mL"
      }
    }
  },
  {
    "id": "coles-oil-canola",
    "brand": "Coles",
    "name": "Canola Oil",
    "imageUrl": "https://shop.coles.com.au/wcsstore/Coles-CAS/images/4/6/1/4616484-th.jpg",
    "categories": ["pantry"],
    "tags": ["oils-vinegars", "oil"],
    "locations": {
      "vic": {
        "price": 8.8,
        "promoText": " ",
        "packageSize": "4L",
        "packagePrice": "$0.22 per 100mL"
      }
    }
  },
  {
    "id": "coles-brand-oil-sunflower-4615970p",
    "brand": "Coles",
    "name": "Sunflower Oil",
    "imageUrl": "https://shop.coles.com.au/wcsstore/Coles-CAS/images/4/6/1/4615970-th.jpg",
    "categories": ["pantry"],
    "tags": ["oils-vinegars", "oil"],
    "locations": {
      "vic": {
        "price": 2.25,
        "promoText": " ",
        "packageSize": "750mL",
        "packagePrice": "$0.30 per 100mL"
      }
    }
  },
  {
    "id": "red-island-extra-virgin-olive-oil-4484770p",
    "brand": "Red Island",
    "name": "Extra Virgin Olive Oil",
    "imageUrl": "https://shop.coles.com.au/wcsstore/Coles-CAS/images/4/4/8/4484770-th.jpg",
    "categories": ["pantry"],
    "tags": ["oils-vinegars", "oil"],
    "locations": {
      "vic": {
        "price": 4,
        "promoText": " ",
        "packageSize": "250mL",
        "packagePrice": "$1.60 per 100mL"
      }
    }
  },
  {
    "id": "cobram-estate-oil-olive-rich-robust-8370681p",
    "brand": "Cobram Estate",
    "name": "Extra Virgin Olive Oil Robust",
    "imageUrl": "https://shop.coles.com.au/wcsstore/Coles-CAS/images/8/3/7/8370681-th.jpg",
    "categories": ["pantry"],
    "tags": ["oils-vinegars", "oil"],
    "locations": {
      "vic": {
        "price": 6,
        "promoText": "$2.00 ",
        "packageSize": "375mL",
        "packagePrice": "$1.60 per 100mL"
      }
    }
  },
  {
    "id": "coles-oil-olive-extra-virgin-organic",
    "brand": "Coles",
    "name": "Organic Extra Virgin Olive Oil",
    "imageUrl": "https://shop.coles.com.au/wcsstore/Coles-CAS/images/6/1/0/6108531-th.jpg",
    "categories": ["pantry"],
    "tags": ["oils-vinegars", "oil"],
    "locations": {
      "vic": {
        "price": 5,
        "promoText": " ",
        "packageSize": "500mL",
        "packagePrice": "$1.00 per 100mL"
      }
    }
  },
  {
    "id": "coles-brand-oil-olive-extra-virgin-5607376p",
    "brand": "Coles",
    "name": "Extra Virgin Olive Oil",
    "imageUrl": "https://shop.coles.com.au/wcsstore/Coles-CAS/images/5/6/0/5607376-th.jpg",
    "categories": ["pantry"],
    "tags": ["oils-vinegars", "oil"],
    "locations": {
      "vic": {
        "price": 7,
        "promoText": " ",
        "packageSize": "1L",
        "packagePrice": "$0.70 per 100mL"
      }
    }
  },
  {
    "id": "crisco-vegetable-oil",
    "brand": "Crisco",
    "name": "Blended Vegetable Oil",
    "imageUrl": "https://shop.coles.com.au/wcsstore/Coles-CAS/images/1/2/6/126814-th.jpg",
    "categories": ["pantry"],
    "tags": ["oils-vinegars", "oil"],
    "locations": {
      "vic": {
        "price": 8,
        "promoText": " ",
        "packageSize": "2L",
        "packagePrice": "$0.40 per 100mL"
      }
    }
  },
  {
    "id": "moro-extra-virgin-olive-oil-5153360p",
    "brand": "Moro",
    "name": "Primero Extra Virgin Olive Oil",
    "imageUrl": "https://shop.coles.com.au/wcsstore/Coles-CAS/images/5/1/5/5153360-th.jpg",
    "categories": ["pantry"],
    "tags": ["oils-vinegars", "oil"],
    "locations": {
      "vic": {
        "price": 29,
        "promoText": "Was $31.50 on Jul 2017 ",
        "packageSize": "4L",
        "packagePrice": "$0.73 per 100mL"
      }
    }
  },
  {
    "id": "red-island-extra-virgin-olive-oil",
    "brand": "Red Island",
    "name": "Extra Virgin Olive Oil",
    "imageUrl": "https://shop.coles.com.au/wcsstore/Coles-CAS/images/6/5/7/6571900-th.jpg",
    "categories": ["pantry"],
    "tags": ["oils-vinegars", "oil"],
    "locations": {
      "vic": {
        "price": 16,
        "promoText": " ",
        "packageSize": "1L",
        "packagePrice": "$1.60 per 100mL"
      }
    }
  },
  {
    "id": "cobram-estate-oil-olive-virgin-light-delicate",
    "brand": "Cobram Estate",
    "name": "Extra Virgin Olive Oil Light",
    "imageUrl": "https://shop.coles.com.au/wcsstore/Coles-CAS/images/7/4/5/7452099-th.jpg",
    "categories": ["pantry"],
    "tags": ["oils-vinegars", "oil"],
    "locations": {
      "vic": {
        "price": 6,
        "promoText": "$2.00 ",
        "packageSize": "375mL",
        "packagePrice": "$1.60 per 100mL"
      }
    }
  },
  {
    "id": "coles-oil-olive-extra-mild",
    "brand": "Coles",
    "name": "Extra Mild Olive Oil",
    "imageUrl": "https://shop.coles.com.au/wcsstore/Coles-CAS/images/5/2/9/5295546-th.jpg",
    "categories": ["pantry"],
    "tags": ["oils-vinegars", "oil"],
    "locations": {
      "vic": {
        "price": 4,
        "promoText": " ",
        "packageSize": "500mL",
        "packagePrice": "$0.80 per 100mL"
      }
    }
  },
  {
    "id": "coles-oil-olive-extra-mild-5295535p",
    "brand": "Coles",
    "name": "Olive Oil Extra Mild",
    "imageUrl": "https://shop.coles.com.au/wcsstore/Coles-CAS/images/5/2/9/5295535-th.jpg",
    "categories": ["pantry"],
    "tags": ["oils-vinegars", "oil"],
    "locations": {
      "vic": {
        "price": 7,
        "promoText": " ",
        "packageSize": "1L",
        "packagePrice": "$0.70 per 100mL"
      }
    }
  },
  {
    "id": "coles-brand-oil-oilve-pure",
    "brand": "Coles",
    "name": "Classic Olive Oil",
    "imageUrl": "https://shop.coles.com.au/wcsstore/Coles-CAS/images/5/4/8/5489768-th.jpg",
    "categories": ["pantry"],
    "tags": ["oils-vinegars", "oil"],
    "locations": {
      "vic": {
        "price": 7,
        "promoText": " ",
        "packageSize": "1L",
        "packagePrice": "$0.70 per 100mL"
      }
    }
  },
  {
    "id": "monini-delicato-italian-evoo-3526648p",
    "brand": "Monini",
    "name": "Delicato Italian Extra Virgin Olive Oil",
    "imageUrl": "https://shop.coles.com.au/wcsstore/Coles-CAS/images/3/5/2/3526648-th.jpg",
    "categories": ["pantry"],
    "tags": ["oils-vinegars", "oil"],
    "locations": {
      "vic": {
        "price": 12,
        "promoText": " ",
        "packageSize": "750mL",
        "packagePrice": "$1.60 per 100mL"
      }
    }
  },
  {
    "id": "moro-organico-extra-virgin-olive-oil",
    "brand": "Moro Organico",
    "name": "Extra Virgin Olive Oil",
    "imageUrl": "https://shop.coles.com.au/wcsstore/Coles-CAS/images/3/3/0/3308603-th.jpg",
    "categories": ["pantry"],
    "tags": ["oils-vinegars", "oil"],
    "locations": {
      "vic": {
        "price": 10,
        "promoText": " ",
        "packageSize": "500mL",
        "packagePrice": "$2.00 per 100mL"
      }
    }
  },
  {
    "id": "squeaky-gate-evoo-all-rounder",
    "brand": "Squeaky Gate",
    "name": "All Rounder Australian Extra Virgin Olive Oil",
    "imageUrl": "https://shop.coles.com.au/wcsstore/Coles-CAS/images/2/1/0/2107479-th.jpg",
    "categories": ["pantry"],
    "tags": ["oils-vinegars", "oil"],
    "locations": {
      "vic": {
        "price": 9,
        "promoText": " ",
        "packageSize": "750mL",
        "packagePrice": "$1.20 per 100mL"
      }
    }
  },
  {
    "id": "the-grove-oil-avocado-extra-virgin",
    "brand": "The Grove",
    "name": "Extra Virgin Avocado Oil",
    "imageUrl": "https://shop.coles.com.au/wcsstore/Coles-CAS/images/9/3/9/9394426-th.jpg",
    "categories": ["pantry"],
    "tags": ["oils-vinegars", "oil"],
    "locations": {
      "vic": {
        "price": 12,
        "promoText": " ",
        "packageSize": "250mL",
        "packagePrice": "$4.80 per 100mL"
      }
    }
  },
  {
    "id": "cocoearth-premium-liquid-coconut-oil",
    "brand": "Coco Earth",
    "name": "Premium Liquid Coconut Oil",
    "imageUrl": "https://shop.coles.com.au/wcsstore/Coles-CAS/images/2/7/8/2789448-th.jpg",
    "categories": ["pantry"],
    "tags": ["oils-vinegars", "oil"],
    "locations": {
      "vic": {
        "price": 13,
        "promoText": " ",
        "packageSize": "500mL",
        "packagePrice": "$2.60 per 100mL"
      }
    }
  },
  {
    "id": "coles-virgin-coconut-oil",
    "brand": "Coles",
    "name": "Extra Virgin Coconut Oil",
    "imageUrl": "https://shop.coles.com.au/wcsstore/Coles-CAS/images/3/2/0/3209805-th.jpg",
    "categories": ["pantry"],
    "tags": ["oils-vinegars", "oil"],
    "locations": {
      "vic": {
        "price": 6,
        "promoText": " ",
        "packageSize": "500mL",
        "packagePrice": "$1.20 per 100mL"
      }
    }
  },
  {
    "id": "monini-grape-seed-oil-1702069p",
    "brand": "Monini",
    "name": "Grape Seed Oil",
    "imageUrl": "https://shop.coles.com.au/wcsstore/Coles-CAS/images/1/7/0/1702069-th.jpg",
    "categories": ["pantry"],
    "tags": ["oils-vinegars", "oil"],
    "locations": {
      "vic": {
        "price": 13,
        "promoText": " ",
        "packageSize": "1L",
        "packagePrice": "$1.30 per 100mL"
      }
    }
  },
  {
    "id": "moro-extra-virgin-olive-oil",
    "brand": "Moro",
    "name": "Primero Extra Virgin Olive Oil",
    "imageUrl": "https://shop.coles.com.au/wcsstore/Coles-CAS/images/5/1/1/5118132-th.jpg",
    "categories": ["pantry"],
    "tags": ["oils-vinegars", "oil"],
    "locations": {
      "vic": {
        "price": 7,
        "promoText": "Was $10.00 on Jun 2018 ",
        "packageSize": "500mL",
        "packagePrice": "$1.40 per 100mL"
      }
    }
  },
  {
    "id": "moro-extra-light-olive-oil-5118110p",
    "brand": "Moro",
    "name": "Delicado Light Taste Olive Oil",
    "imageUrl": "https://shop.coles.com.au/wcsstore/Coles-CAS/images/5/1/1/5118110-th.jpg",
    "categories": ["pantry"],
    "tags": ["oils-vinegars", "oil"],
    "locations": {
      "vic": {
        "price": 12,
        "promoText": "Was $16.00 on Jun 2018 ",
        "packageSize": "1L",
        "packagePrice": "$1.20 per 100mL"
      }
    }
  },
  {
    "id": "raw-c-organic-coconut-oil-3218850p",
    "brand": "Raw C",
    "name": "Organic Coconut Oil",
    "imageUrl": "https://shop.coles.com.au/wcsstore/Coles-CAS/images/3/2/1/3218850-th.jpg",
    "categories": ["pantry"],
    "tags": ["oils-vinegars", "oil"],
    "locations": {
      "vic": {
        "price": 10,
        "promoText": " ",
        "packageSize": "700mL",
        "packagePrice": "$1.43 per 100mL"
      }
    }
  },
  {
    "id": "coles-oil-olive-pure",
    "brand": "Coles",
    "name": "Classic Olive Oil",
    "imageUrl": "https://shop.coles.com.au/wcsstore/Coles-CAS/images/5/2/9/5295524-th.jpg",
    "categories": ["pantry"],
    "tags": ["oils-vinegars", "oil"],
    "locations": {
      "vic": {
        "price": 4,
        "promoText": " ",
        "packageSize": "500mL",
        "packagePrice": "$0.80 per 100mL"
      }
    }
  },
  {
    "id": "crisco-sunflower-oil",
    "brand": "Crisco",
    "name": "Sunflower Oil",
    "imageUrl": "https://shop.coles.com.au/wcsstore/Coles-CAS/images/3/4/3/343415-th.jpg",
    "categories": ["pantry"],
    "tags": ["oils-vinegars", "oil"],
    "locations": {
      "vic": {
        "price": 3.95,
        "promoText": "$1.15 ",
        "packageSize": "750mL",
        "packagePrice": "$0.53 per 100mL"
      }
    }
  },
  {
    "id": "monini-classico-italian-evoo",
    "brand": "Monini",
    "name": "Classico Italian Extra Virgin Olive Oil",
    "imageUrl": "https://shop.coles.com.au/wcsstore/Coles-CAS/images/3/5/2/3526604-th.jpg",
    "categories": ["pantry"],
    "tags": ["oils-vinegars", "oil"],
    "locations": {
      "vic": {
        "price": 12,
        "promoText": " ",
        "packageSize": "750mL",
        "packagePrice": "$1.60 per 100mL"
      }
    }
  },
  {
    "id": "moro-garlic-infusion-extra-virgin-olive-oil-evoo",
    "brand": "Moro",
    "name": "Garlic Infusion Extra Virgin Olive Oil Evoo",
    "imageUrl": "https://shop.coles.com.au/wcsstore/Coles-CAS/images/3/0/3/3034064-th.jpg",
    "categories": ["pantry"],
    "tags": ["oils-vinegars", "oil"],
    "locations": {
      "vic": {
        "price": 5.5,
        "promoText": " ",
        "packageSize": "250mL",
        "packagePrice": "$2.20 per 100mL"
      }
    }
  },
  {
    "id": "prochef-oil-coconut-spray",
    "brand": "Prochef",
    "name": "Coconut Oil Spray",
    "imageUrl": "https://shop.coles.com.au/wcsstore/Coles-CAS/images/8/4/3/8432541-th.jpg",
    "categories": ["pantry"],
    "tags": ["oils-vinegars", "oil"],
    "locations": {
      "vic": {
        "price": 5,
        "promoText": " ",
        "packageSize": "260g",
        "packagePrice": "$1.92 per 100G"
      }
    }
  },
  {
    "id": "raw-c-organic-coconut-oil",
    "brand": "Raw C",
    "name": "Organic Coconut Oil",
    "imageUrl": "https://shop.coles.com.au/wcsstore/Coles-CAS/images/3/2/1/3218828-th.jpg",
    "categories": ["pantry"],
    "tags": ["oils-vinegars", "oil"],
    "locations": {
      "vic": {
        "price": 5,
        "promoText": " ",
        "packageSize": "330mL",
        "packagePrice": "$1.52 per 100mL"
      }
    }
  },
  {
    "id": "cobram-estate-light-delicate-olive-oil",
    "brand": "Cobram Estate",
    "name": "Extra Virgin Olive Oil Light",
    "imageUrl": "https://shop.coles.com.au/wcsstore/Coles-CAS/images/6/6/0/6601364-th.jpg",
    "categories": ["pantry"],
    "tags": ["oils-vinegars", "oil"],
    "locations": {
      "vic": {
        "price": 29,
        "promoText": "$8.00 ",
        "packageSize": "3L",
        "packagePrice": "$0.97 per 100mL"
      }
    }
  },
  {
    "id": "coles-rice-bran-oil",
    "brand": "Coles",
    "name": "Rice Bran Oil",
    "imageUrl": "https://shop.coles.com.au/wcsstore/Coles-CAS/images/1/8/4/1843355-th.jpg",
    "categories": ["pantry"],
    "tags": ["oils-vinegars", "oil"],
    "locations": {
      "vic": {
        "price": 3,
        "promoText": " ",
        "packageSize": "500mL",
        "packagePrice": "$0.60 per 100mL"
      }
    }
  },
  {
    "id": "coles-extra-virgin-avocado-oil",
    "brand": "Coles",
    "name": "Extra Virgin Avocado Oil",
    "imageUrl": "https://shop.coles.com.au/wcsstore/Coles-CAS/images/3/2/0/3209871-th.jpg",
    "categories": ["pantry"],
    "tags": ["oils-vinegars", "oil"],
    "locations": {
      "vic": {
        "price": 6,
        "promoText": " ",
        "packageSize": "250mL",
        "packagePrice": "$2.40 per 100mL"
      }
    }
  },
  {
    "id": "la-espanola-mild-light-olive-oil",
    "brand": "La Espanola",
    "name": "Olive Oil Light & Mild",
    "imageUrl": "https://shop.coles.com.au/wcsstore/Coles-CAS/images/6/5/4/6542990-th.jpg",
    "categories": ["pantry"],
    "tags": ["oils-vinegars", "oil"],
    "locations": {
      "vic": {
        "price": 27,
        "promoText": " ",
        "packageSize": "4L",
        "packagePrice": "$0.68 per 100mL"
      }
    }
  },
  {
    "id": "moro-extra-light-olive-oil-5118143p",
    "brand": "Moro",
    "name": "Delicado Light Taste Olive Oil",
    "imageUrl": "https://shop.coles.com.au/wcsstore/Coles-CAS/images/5/1/1/5118143-th.jpg",
    "categories": ["pantry"],
    "tags": ["oils-vinegars", "oil"],
    "locations": {
      "vic": {
        "price": 7,
        "promoText": "Was $9.50 on Jun 2018 ",
        "packageSize": "500mL",
        "packagePrice": "$1.40 per 100mL"
      }
    }
  },
  {
    "id": "moro-pure-olive-oil-5118154p",
    "brand": "Moro",
    "name": "Tradicional Olive Oil",
    "imageUrl": "https://shop.coles.com.au/wcsstore/Coles-CAS/images/5/1/1/5118154-th.jpg",
    "categories": ["pantry"],
    "tags": ["oils-vinegars", "oil"],
    "locations": {
      "vic": {
        "price": 7,
        "promoText": "Was $9.50 on Jun 2018 ",
        "packageSize": "500mL",
        "packagePrice": "$1.40 per 100mL"
      }
    }
  },
  {
    "id": "olivers-reserve-smoked-peanut-oil",
    "brand": "Oliver's Reserve",
    "name": "Smoked Peanut Infused Oil",
    "imageUrl": "https://shop.coles.com.au/wcsstore/Coles-CAS/images/3/5/3/3532390-th.jpg",
    "categories": ["pantry"],
    "tags": ["oils-vinegars", "oil"],
    "locations": {
      "vic": {
        "price": 7,
        "promoText": " ",
        "packageSize": "250mL",
        "packagePrice": "$2.80 per 100mL"
      }
    }
  },
  {
    "id": "prochef-canola-oil-spray",
    "brand": "Prochef",
    "name": "Canola Oil Spray",
    "imageUrl": "https://shop.coles.com.au/wcsstore/Coles-CAS/images/6/9/3/6933783-th.jpg",
    "categories": ["pantry"],
    "tags": ["oils-vinegars", "oil"],
    "locations": {
      "vic": {
        "price": 3,
        "promoText": " ",
        "packageSize": "400g",
        "packagePrice": "$0.75 per 100G"
      }
    }
  },
  {
    "id": "prochef-extra-virgin-olive-oil-spray",
    "brand": "Prochef",
    "name": "Extra Virgin Olive Oil Spray",
    "imageUrl": "https://shop.coles.com.au/wcsstore/Coles-CAS/images/4/8/4/4842199-th.jpg",
    "categories": ["pantry"],
    "tags": ["oils-vinegars", "oil"],
    "locations": {
      "vic": {
        "price": 4,
        "promoText": " ",
        "packageSize": "225g",
        "packagePrice": "$1.78 per 100G"
      }
    }
  },
  {
    "id": "squeaky-gate-australia-extra-virgin-all-rounder-olive-oil",
    "brand": "Squeaky Gate",
    "name": "All Rounder Australian Extra Virgin Olive Oil",
    "imageUrl": "https://shop.coles.com.au/wcsstore/Coles-CAS/images/2/6/9/2693189-th.jpg",
    "categories": ["pantry"],
    "tags": ["oils-vinegars", "oil"],
    "locations": {
      "vic": {
        "price": 5.5,
        "promoText": " ",
        "packageSize": "375mL",
        "packagePrice": "$1.47 per 100mL"
      }
    }
  },
  {
    "id": "always-fresh-duck-fat",
    "brand": "Always Fresh",
    "name": "French Duck Fat Spread",
    "imageUrl": "https://shop.coles.com.au/wcsstore/Coles-CAS/images/2/6/7/2679847-th.jpg",
    "categories": ["pantry"],
    "tags": ["oils-vinegars", "oil"],
    "locations": {
      "vic": {
        "price": 6.7,
        "promoText": " ",
        "packageSize": "200g",
        "packagePrice": "$3.35 per 100G"
      }
    }
  },
  {
    "id": "cobram-estate-meal-starter",
    "brand": "Cobram Estate",
    "name": "Ginger & Lemongrass Meal Starter With Extra Virgin Olive Oil",
    "imageUrl": "https://shop.coles.com.au/wcsstore/Coles-CAS/images/3/5/3/3533406-th.jpg",
    "categories": ["pantry"],
    "tags": ["oils-vinegars", "oil"],
    "locations": {
      "vic": {
        "price": 7.5,
        "promoText": "$1.50 ",
        "packageSize": "375mL",
        "packagePrice": "$2.00 per 100mL"
      }
    }
  },
  {
    "id": "cobram-estate-meal-starter-3533337p",
    "brand": "Cobram Estate",
    "name": "Chilli And Coriander Meal Starter Olive Oil",
    "imageUrl": "https://shop.coles.com.au/wcsstore/Coles-CAS/images/3/5/3/3533337-th.jpg",
    "categories": ["pantry"],
    "tags": ["oils-vinegars", "oil"],
    "locations": {
      "vic": {
        "price": 7.5,
        "promoText": "$1.50 ",
        "packageSize": "375mL",
        "packagePrice": "$2.00 per 100mL"
      }
    }
  },
  {
    "id": "coles-oil-peanut",
    "brand": "Coles",
    "name": "Peanut Oil",
    "imageUrl": "https://shop.coles.com.au/wcsstore/Coles-CAS/images/6/8/7/6870366-th.jpg",
    "categories": ["pantry"],
    "tags": ["oils-vinegars", "oil"],
    "locations": {
      "vic": {
        "price": 5,
        "promoText": "Was $5.25 on Sep 2018 ",
        "packageSize": "750mL",
        "packagePrice": "$0.67 per 100mL"
      }
    }
  },
  {
    "id": "coles-brand-oil-sunflower-4614650p",
    "brand": "Coles",
    "name": "Sunflower Oil",
    "imageUrl": "https://shop.coles.com.au/wcsstore/Coles-CAS/images/4/6/1/4614650-th.jpg",
    "categories": ["pantry"],
    "tags": ["oils-vinegars", "oil"],
    "locations": {
      "vic": {
        "price": 6,
        "promoText": " ",
        "packageSize": "2L",
        "packagePrice": "$0.30 per 100mL"
      }
    }
  },
  {
    "id": "coles-macadamia-oil",
    "brand": "Coles",
    "name": "Macadamia Oil",
    "imageUrl": "https://shop.coles.com.au/wcsstore/Coles-CAS/images/3/2/0/3209838-th.jpg",
    "categories": ["pantry"],
    "tags": ["oils-vinegars", "oil"],
    "locations": {
      "vic": {
        "price": 5,
        "promoText": " ",
        "packageSize": "250mL",
        "packagePrice": "$2.00 per 100mL"
      }
    }
  },
  {
    "id": "coles-walnut-oil",
    "brand": "Coles",
    "name": "Walnut Oil",
    "imageUrl": "https://shop.coles.com.au/wcsstore/ColesResponsiveStorefrontAssetStore/dist/ccfc54aed6e361b650bcf0582f7b576b/img/img_product-placeholder.png",
    "categories": ["pantry"],
    "tags": ["oils-vinegars", "oil"],
    "locations": {
      "vic": {
        "price": 5,
        "promoText": " ",
        "packageSize": "250mL",
        "packagePrice": "$2.00 per 100mL"
      }
    }
  },
  {
    "id": "coles-refined-oilve-oil",
    "brand": "Coles",
    "name": "Refined Olive Oil",
    "imageUrl": "https://shop.coles.com.au/wcsstore/Coles-CAS/images/3/4/0/3401493-th.jpg",
    "categories": ["pantry"],
    "tags": ["oils-vinegars", "oil"],
    "locations": {
      "vic": {
        "price": 6,
        "promoText": " ",
        "packageSize": "1L",
        "packagePrice": "$6.00 per 1L"
      }
    }
  },
  {
    "id": "crisco-canola-oil-76534p",
    "brand": "Crisco",
    "name": "Canola Oil",
    "imageUrl": "https://shop.coles.com.au/wcsstore/Coles-CAS/images/7/6/5/76534-th.jpg",
    "categories": ["pantry"],
    "tags": ["oils-vinegars", "oil"],
    "locations": {
      "vic": {
        "price": 8,
        "promoText": " ",
        "packageSize": "2L",
        "packagePrice": "$0.40 per 100mL"
      }
    }
  },
  {
    "id": "la-espanola-olive-oil",
    "brand": "La Espanola",
    "name": "Olive Oil",
    "imageUrl": "https://shop.coles.com.au/wcsstore/Coles-CAS/images/3/2/3/3233402-th.jpg",
    "categories": ["pantry"],
    "tags": ["oils-vinegars", "oil"],
    "locations": {
      "vic": {
        "price": 23,
        "promoText": "Was $24.00 on Mar 2019 ",
        "packageSize": "3.78L",
        "packagePrice": "$0.61 per 100mL"
      }
    }
  },
  {
    "id": "moro-extra-light-olive-oil",
    "brand": "Moro",
    "name": "Delicado Light Taste Olive Oil",
    "imageUrl": "https://shop.coles.com.au/wcsstore/Coles-CAS/images/5/1/5/5150598-th.jpg",
    "categories": ["pantry"],
    "tags": ["oils-vinegars", "oil"],
    "locations": {
      "vic": {
        "price": 29,
        "promoText": "Was $31.50 on Jul 2017 ",
        "packageSize": "4L",
        "packagePrice": "$0.73 per 100mL"
      }
    }
  },
  {
    "id": "moro-olive-oil-balsamic-vinegar",
    "brand": "Moro",
    "name": "Olive Oil Balsamic Vinegar",
    "imageUrl": "https://shop.coles.com.au/wcsstore/Coles-CAS/images/3/0/3/3034097-th.jpg",
    "categories": ["pantry"],
    "tags": ["oils-vinegars", "oil"],
    "locations": {
      "vic": {
        "price": 5.5,
        "promoText": " ",
        "packageSize": "250mL",
        "packagePrice": "$2.20 per 100mL"
      }
    }
  },
  {
    "id": "olivado-natural-avocado-cooking-oil",
    "brand": "Olivado",
    "name": "Natural Avocado Cooking Oil",
    "imageUrl": "https://shop.coles.com.au/wcsstore/Coles-CAS/images/3/5/2/3526830-th.jpg",
    "categories": ["pantry"],
    "tags": ["oils-vinegars", "oil"],
    "locations": {
      "vic": {
        "price": 9,
        "promoText": " ",
        "packageSize": "250mL",
        "packagePrice": "$3.60 per 100mL"
      }
    }
  },
  {
    "id": "picky-picky-australian-peanut-oil",
    "brand": "Picky Picky",
    "name": "Australian Peanut Oil",
    "imageUrl": "https://shop.coles.com.au/wcsstore/Coles-CAS/images/2/6/9/2693000-th.jpg",
    "categories": ["pantry"],
    "tags": ["oils-vinegars", "oil"],
    "locations": {
      "vic": {
        "price": 6.3,
        "promoText": "Was $8.00 on May 2018 ",
        "packageSize": "790mL",
        "packagePrice": "$0.80 per 100mL"
      }
    }
  },
  {
    "id": "picky-picky-australian-peanut-oil-2693010p",
    "brand": "Picky Picky",
    "name": "Australian Peanut Oil",
    "imageUrl": "https://shop.coles.com.au/wcsstore/Coles-CAS/images/2/6/9/2693010-th.jpg",
    "categories": ["pantry"],
    "tags": ["oils-vinegars", "oil"],
    "locations": {
      "vic": {
        "price": 15,
        "promoText": "Was $24.00 on May 2018 ",
        "packageSize": "3L",
        "packagePrice": "$0.50 per 100mL"
      }
    }
  },
  {
    "id": "squeaky-gate-all-rounder-evoo",
    "brand": "Squeaky Gate",
    "name": "All Rounder Australian Extra Virgin Olive Oil",
    "imageUrl": "https://shop.coles.com.au/wcsstore/Coles-CAS/images/3/1/9/3192393-th.jpg",
    "categories": ["pantry"],
    "tags": ["oils-vinegars", "oil"],
    "locations": {
      "vic": {
        "price": 26,
        "promoText": " ",
        "packageSize": "3L",
        "packagePrice": "$0.87 per 100mL"
      }
    }
  },
  {
    "id": "suncoast-gold-macadamia-oil-vitality",
    "brand": "Suncoast Gold",
    "name": "Vitality Macadamia Oil",
    "imageUrl": "https://shop.coles.com.au/wcsstore/Coles-CAS/images/5/8/9/5890732-th.jpg",
    "categories": ["pantry"],
    "tags": ["oils-vinegars", "oil"],
    "locations": {
      "vic": {
        "price": 7.9,
        "promoText": "Was $9.90 on Apr 2019 ",
        "packageSize": "500mL",
        "packagePrice": "$1.58 per 100mL"
      }
    }
  },
  {
    "id": "hakubaku-noodles-soba-organic",
    "brand": "Hakubaku",
    "name": "Organic Soba Noodles",
    "imageUrl": "https://shop.coles.com.au/wcsstore/Coles-CAS/images/9/4/3/9434666-th.jpg",
    "categories": ["pantry"],
    "tags": ["pasta-rice-grains", "fresh-pasta"],
    "locations": {
      "vic": {
        "price": 3.7,
        "promoText": " ",
        "packageSize": "270g",
        "packagePrice": "$1.37 per 100G"
      }
    }
  },
  {
    "id": "hakubaku-noodles-udon-organic",
    "brand": "Hakubaku",
    "name": "Organic Udon Noodles",
    "imageUrl": "https://shop.coles.com.au/wcsstore/Coles-CAS/images/9/4/3/9434677-th.jpg",
    "categories": ["pantry"],
    "tags": ["pasta-rice-grains", "fresh-pasta"],
    "locations": {
      "vic": {
        "price": 3.7,
        "promoText": " ",
        "packageSize": "270g",
        "packagePrice": "$1.37 per 100G"
      }
    }
  },
  {
    "id": "changs-noodles-wok-ready-lo-cal",
    "brand": "Chang's",
    "name": "Super Lo-Cal Traditional Noodles",
    "imageUrl": "https://shop.coles.com.au/wcsstore/Coles-CAS/images/8/8/6/8864976-th.jpg",
    "categories": ["pantry"],
    "tags": ["pasta-rice-grains", "fresh-pasta"],
    "locations": {
      "vic": {
        "price": 2.6,
        "promoText": " ",
        "packageSize": "390g",
        "packagePrice": "$0.67 per 100G"
      }
    }
  },
  {
    "id": "barilla-pasta-spaghetti-no-5",
    "brand": "Barilla",
    "name": "Spaghetti No 5",
    "imageUrl": "https://shop.coles.com.au/wcsstore/Coles-CAS/images/5/7/1/5716430-th.jpg",
    "categories": ["pantry"],
    "tags": ["pasta-rice-grains", "dried-pasta"],
    "locations": {
      "vic": {
        "price": 2.4,
        "promoText": " ",
        "packageSize": "500g",
        "packagePrice": "$0.48 per 100G"
      }
    }
  },
  {
    "id": "barilla-pasta-penne-rigate-no-73",
    "brand": "Barilla",
    "name": "Penne Rigate Pasta No 73",
    "imageUrl": "https://shop.coles.com.au/wcsstore/Coles-CAS/images/4/6/9/469912-th.jpg",
    "categories": ["pantry"],
    "tags": ["pasta-rice-grains", "dried-pasta"],
    "locations": {
      "vic": {
        "price": 2.4,
        "promoText": " ",
        "packageSize": "500g",
        "packagePrice": "$0.48 per 100G"
      }
    }
  },
  {
    "id": "barilla-pasta-fusille-no-98",
    "brand": "Barilla",
    "name": "Fusille Pasta No 98",
    "imageUrl": "https://shop.coles.com.au/wcsstore/Coles-CAS/images/5/0/1/5010453-th.jpg",
    "categories": ["pantry"],
    "tags": ["pasta-rice-grains", "dried-pasta"],
    "locations": {
      "vic": {
        "price": 2.4,
        "promoText": " ",
        "packageSize": "500g",
        "packagePrice": "$0.48 per 100G"
      }
    }
  },
  {
    "id": "coles-pasta-penne-3329104p",
    "brand": "Coles",
    "name": "Penne Pasta",
    "imageUrl": "https://shop.coles.com.au/wcsstore/Coles-CAS/images/3/3/2/3329104-th.jpg",
    "categories": ["pantry"],
    "tags": ["pasta-rice-grains", "dried-pasta"],
    "locations": {
      "vic": {
        "price": 0.8,
        "promoText": " ",
        "packageSize": "500g",
        "packagePrice": "$0.16 per 100G"
      }
    }
  },
  {
    "id": "coles-pasta-spaghetti",
    "brand": "Coles",
    "name": "Spaghetti Pasta",
    "imageUrl": "https://shop.coles.com.au/wcsstore/Coles-CAS/images/3/3/2/3329115-th.jpg",
    "categories": ["pantry"],
    "tags": ["pasta-rice-grains", "dried-pasta"],
    "locations": {
      "vic": {
        "price": 0.8,
        "promoText": " ",
        "packageSize": "500g",
        "packagePrice": "$0.16 per 100G"
      }
    }
  },
  {
    "id": "san-remo-pasta-spag-no-5-standard",
    "brand": "San Remo",
    "name": "Spaghetti No 5",
    "imageUrl": "https://shop.coles.com.au/wcsstore/Coles-CAS/images/2/0/6/206196-th.jpg",
    "categories": ["pantry"],
    "tags": ["pasta-rice-grains", "dried-pasta"],
    "locations": {
      "vic": {
        "price": 2.6,
        "promoText": " ",
        "packageSize": "500g",
        "packagePrice": "$0.52 per 100G"
      }
    }
  },
  {
    "id": "coles-pasta-macaroni-3329137p",
    "brand": "Coles",
    "name": "Macaroni Pasta",
    "imageUrl": "https://shop.coles.com.au/wcsstore/Coles-CAS/images/3/3/2/3329137-th.jpg",
    "categories": ["pantry"],
    "tags": ["pasta-rice-grains", "dried-pasta"],
    "locations": {
      "vic": {
        "price": 1.2,
        "promoText": " ",
        "packageSize": "500g",
        "packagePrice": "$0.24 per 100G"
      }
    }
  },
  {
    "id": "san-remo-pasta-penne-rigati-no-18-170838p",
    "brand": "San Remo",
    "name": "Penne Rigati Pasta No 18",
    "imageUrl": "https://shop.coles.com.au/wcsstore/Coles-CAS/images/1/7/0/170838-th.jpg",
    "categories": ["pantry"],
    "tags": ["pasta-rice-grains", "dried-pasta"],
    "locations": {
      "vic": {
        "price": 2.6,
        "promoText": " ",
        "packageSize": "500g",
        "packagePrice": "$0.52 per 100G"
      }
    }
  },
  {
    "id": "barilla-la-colezione-pasta-casarecce",
    "brand": "Barilla",
    "name": "La Collezione Casarecce Pasta",
    "imageUrl": "https://shop.coles.com.au/wcsstore/Coles-CAS/images/9/4/2/9423885-th.jpg",
    "categories": ["pantry"],
    "tags": ["pasta-rice-grains", "dried-pasta"],
    "locations": {
      "vic": {
        "price": 2,
        "promoText": " ",
        "packageSize": "500g",
        "packagePrice": "$0.40 per 100G"
      }
    }
  },
  {
    "id": "zafarelli-pasta-spaghetti-no-4-278255p",
    "brand": "Zafarelli",
    "name": "Spaghetti No 4",
    "imageUrl": "https://shop.coles.com.au/wcsstore/Coles-CAS/images/2/7/8/278255-th.jpg",
    "categories": ["pantry"],
    "tags": ["pasta-rice-grains", "dried-pasta"],
    "locations": {
      "vic": {
        "price": 1.5,
        "promoText": "$0.50 ",
        "packageSize": "500g",
        "packagePrice": "$0.30 per 100G"
      }
    }
  },
  {
    "id": "coles-pasta-spaghetti-3328972p",
    "brand": "Coles",
    "name": "Spaghetti Pasta",
    "imageUrl": "https://shop.coles.com.au/wcsstore/Coles-CAS/images/3/3/2/3328972-th.jpg",
    "categories": ["pantry"],
    "tags": ["pasta-rice-grains", "dried-pasta"],
    "locations": {
      "vic": {
        "price": 1.2,
        "promoText": " ",
        "packageSize": "500g",
        "packagePrice": "$0.24 per 100G"
      }
    }
  },
  {
    "id": "vetta-pasta-spaghetti-high-fibre",
    "brand": "Vetta",
    "name": "Smart Fibre Spaghetti Pasta",
    "imageUrl": "https://shop.coles.com.au/wcsstore/Coles-CAS/images/6/3/3/6334439-th.jpg",
    "categories": ["pantry"],
    "tags": ["pasta-rice-grains", "dried-pasta"],
    "locations": {
      "vic": {
        "price": 1.6,
        "promoText": "$0.40 ",
        "packageSize": "500g",
        "packagePrice": "$0.32 per 100G"
      }
    }
  },
  {
    "id": "barilla-pasta-risoni-no-26",
    "brand": "Barilla",
    "name": "Risoni Pasta No 26",
    "imageUrl": "https://shop.coles.com.au/wcsstore/Coles-CAS/images/9/4/2/9423808-th.jpg",
    "categories": ["pantry"],
    "tags": ["pasta-rice-grains", "dried-pasta"],
    "locations": {
      "vic": {
        "price": 2.4,
        "promoText": " ",
        "packageSize": "500g",
        "packagePrice": "$0.48 per 100G"
      }
    }
  },
  {
    "id": "coles-pasta-large-spirals",
    "brand": "Coles",
    "name": "Large Spirals Pasta",
    "imageUrl": "https://shop.coles.com.au/wcsstore/Coles-CAS/images/3/3/2/3329035-th.jpg",
    "categories": ["pantry"],
    "tags": ["pasta-rice-grains", "dried-pasta"],
    "locations": {
      "vic": {
        "price": 1.2,
        "promoText": " ",
        "packageSize": "500g",
        "packagePrice": "$0.24 per 100G"
      }
    }
  },
  {
    "id": "coles-pasta-fettuccini",
    "brand": "Coles",
    "name": "Fettuccine Pasta",
    "imageUrl": "https://shop.coles.com.au/wcsstore/Coles-CAS/images/3/3/2/3328994-th.jpg",
    "categories": ["pantry"],
    "tags": ["pasta-rice-grains", "dried-pasta"],
    "locations": {
      "vic": {
        "price": 1.2,
        "promoText": " ",
        "packageSize": "500g",
        "packagePrice": "$0.24 per 100G"
      }
    }
  },
  {
    "id": "san-remo-pasta-spirals-no-53-large",
    "brand": "San Remo",
    "name": "Large Pasta Spirals No 53",
    "imageUrl": "https://shop.coles.com.au/wcsstore/Coles-CAS/images/1/2/5/125389-th.jpg",
    "categories": ["pantry"],
    "tags": ["pasta-rice-grains", "dried-pasta"],
    "locations": {
      "vic": {
        "price": 2.6,
        "promoText": " ",
        "packageSize": "500g",
        "packagePrice": "$0.52 per 100G"
      }
    }
  },
  {
    "id": "coles-pasta-large-shells",
    "brand": "Coles",
    "name": "Large Shells Pasta",
    "imageUrl": "https://shop.coles.com.au/wcsstore/Coles-CAS/images/3/3/2/3329057-th.jpg",
    "categories": ["pantry"],
    "tags": ["pasta-rice-grains", "dried-pasta"],
    "locations": {
      "vic": {
        "price": 1.2,
        "promoText": " ",
        "packageSize": "500g",
        "packagePrice": "$0.24 per 100G"
      }
    }
  },
  {
    "id": "garofalo-gnocchi-di-patate",
    "brand": "Garofalo",
    "name": "Gnocchi Di Patate",
    "imageUrl": "https://shop.coles.com.au/wcsstore/Coles-CAS/images/3/5/8/3582219-th.jpg",
    "categories": ["pantry"],
    "tags": ["pasta-rice-grains", "dried-pasta"],
    "locations": {
      "vic": {
        "price": 3,
        "promoText": " ",
        "packageSize": "500g",
        "packagePrice": "$0.60 per 100G"
      }
    }
  },
  {
    "id": "san-remo-pasta-spaghetti-gluten-free",
    "brand": "San Remo",
    "name": "Gluten Free Spaghetti",
    "imageUrl": "https://shop.coles.com.au/wcsstore/Coles-CAS/images/4/2/7/4275543-th.jpg",
    "categories": ["pantry"],
    "tags": ["pasta-rice-grains", "dried-pasta"],
    "locations": {
      "vic": {
        "price": 4.2,
        "promoText": " ",
        "packageSize": "350g",
        "packagePrice": "$1.20 per 100G"
      }
    }
  },
  {
    "id": "vetta-pasta-twists-no-89-vegetable",
    "brand": "Vetta",
    "name": "Smart Fibre Veg Twists Pasta",
    "imageUrl": "https://shop.coles.com.au/wcsstore/Coles-CAS/images/3/7/7/37780-th.jpg",
    "categories": ["pantry"],
    "tags": ["pasta-rice-grains", "dried-pasta"],
    "locations": {
      "vic": {
        "price": 1.6,
        "promoText": "$0.40 ",
        "packageSize": "375g",
        "packagePrice": "$0.43 per 100G"
      }
    }
  },
  {
    "id": "barilla-pasta-rigatoni",
    "brand": "Barilla",
    "name": "Rigatoni Pasta",
    "imageUrl": "https://shop.coles.com.au/wcsstore/Coles-CAS/images/4/3/7/4370690-th.jpg",
    "categories": ["pantry"],
    "tags": ["pasta-rice-grains", "dried-pasta"],
    "locations": {
      "vic": {
        "price": 2.4,
        "promoText": " ",
        "packageSize": "500g",
        "packagePrice": "$0.48 per 100G"
      }
    }
  },
  {
    "id": "coles-pasta-bows",
    "brand": "Coles",
    "name": "Bowties Pasta",
    "imageUrl": "https://shop.coles.com.au/wcsstore/Coles-CAS/images/4/5/1/4514983-th.jpg",
    "categories": ["pantry"],
    "tags": ["pasta-rice-grains", "dried-pasta"],
    "locations": {
      "vic": {
        "price": 1.2,
        "promoText": " ",
        "packageSize": "500g",
        "packagePrice": "$0.24 per 100G"
      }
    }
  },
  {
    "id": "coles-pasta-spirals",
    "brand": "Coles",
    "name": "Spirals Pasta",
    "imageUrl": "https://shop.coles.com.au/wcsstore/Coles-CAS/images/3/3/2/3329126-th.jpg",
    "categories": ["pantry"],
    "tags": ["pasta-rice-grains", "dried-pasta"],
    "locations": {
      "vic": {
        "price": 0.8,
        "promoText": " ",
        "packageSize": "500g",
        "packagePrice": "$0.16 per 100G"
      }
    }
  },
  {
    "id": "san-remo-pasta-linguine-no-1",
    "brand": "San Remo",
    "name": "Linguine Pasta No 1",
    "imageUrl": "https://shop.coles.com.au/wcsstore/Coles-CAS/images/6/9/9/6990878-th.jpg",
    "categories": ["pantry"],
    "tags": ["pasta-rice-grains", "dried-pasta"],
    "locations": {
      "vic": {
        "price": 2.6,
        "promoText": " ",
        "packageSize": "500g",
        "packagePrice": "$0.52 per 100G"
      }
    }
  },
  {
    "id": "san-remo-pasta-penne-rigati-no-18",
    "brand": "San Remo",
    "name": "Penne Pasta",
    "imageUrl": "https://shop.coles.com.au/wcsstore/Coles-CAS/images/4/0/4/404021-th.jpg",
    "categories": ["pantry"],
    "tags": ["pasta-rice-grains", "dried-pasta"],
    "locations": {
      "vic": {
        "price": 2.9,
        "promoText": " ",
        "packageSize": "750g",
        "packagePrice": "$0.39 per 100G"
      }
    }
  },
  {
    "id": "san-remo-pasta-spirals-wholemeal",
    "brand": "San Remo",
    "name": "Wholemeal Pasta Spirals",
    "imageUrl": "https://shop.coles.com.au/wcsstore/Coles-CAS/images/2/0/9/209900-th.jpg",
    "categories": ["pantry"],
    "tags": ["pasta-rice-grains", "dried-pasta"],
    "locations": {
      "vic": {
        "price": 2.6,
        "promoText": " ",
        "packageSize": "500g",
        "packagePrice": "$0.52 per 100G"
      }
    }
  },
  {
    "id": "vetta-pasta-spirals",
    "brand": "Vetta",
    "name": "Pasta Spirals",
    "imageUrl": "https://shop.coles.com.au/wcsstore/Coles-CAS/images/3/7/9/3797292-th.jpg",
    "categories": ["pantry"],
    "tags": ["pasta-rice-grains", "dried-pasta"],
    "locations": {
      "vic": {
        "price": 2,
        "promoText": " ",
        "packageSize": "500g",
        "packagePrice": "$0.40 per 100G"
      }
    }
  },
  {
    "id": "golden-pasta-gnocchi-potato",
    "brand": "Guzzi's",
    "name": "Traditional Potato Gnocchi",
    "imageUrl": "https://shop.coles.com.au/wcsstore/Coles-CAS/images/8/5/2/8520671-th.jpg",
    "categories": ["pantry"],
    "tags": ["pasta-rice-grains", "dried-pasta"],
    "locations": {
      "vic": {
        "price": 3.8,
        "promoText": " ",
        "packageSize": "500g",
        "packagePrice": "$0.76 per 100G"
      }
    }
  },
  {
    "id": "san-remo-pasta-shells-no-29-large-275723p",
    "brand": "San Remo",
    "name": "Large Pasta Shells No 29",
    "imageUrl": "https://shop.coles.com.au/wcsstore/Coles-CAS/images/2/7/5/275723-th.jpg",
    "categories": ["pantry"],
    "tags": ["pasta-rice-grains", "dried-pasta"],
    "locations": {
      "vic": {
        "price": 2.6,
        "promoText": " ",
        "packageSize": "500g",
        "packagePrice": "$0.52 per 100G"
      }
    }
  },
  {
    "id": "san-remo-pasta-fettuccine-plain",
    "brand": "San Remo",
    "name": "Plain Fettuccine Pasta",
    "imageUrl": "https://shop.coles.com.au/wcsstore/Coles-CAS/images/2/0/7/207825-th.jpg",
    "categories": ["pantry"],
    "tags": ["pasta-rice-grains", "dried-pasta"],
    "locations": {
      "vic": {
        "price": 2.6,
        "promoText": " ",
        "packageSize": "500g",
        "packagePrice": "$0.52 per 100G"
      }
    }
  },
  {
    "id": "zafarelli-pasta-fettuccine-no-12",
    "brand": "Zafarelli",
    "name": "Fettuccine Pasta No 12",
    "imageUrl": "https://shop.coles.com.au/wcsstore/Coles-CAS/images/6/7/6/6769920-th.jpg",
    "categories": ["pantry"],
    "tags": ["pasta-rice-grains", "dried-pasta"],
    "locations": {
      "vic": {
        "price": 1.5,
        "promoText": "$0.50 ",
        "packageSize": "500g",
        "packagePrice": "$0.30 per 100G"
      }
    }
  },
  {
    "id": "zafarelli-pasta-elicoidali-no-57",
    "brand": "Zafarelli",
    "name": "Elicoidali Pasta No 57",
    "imageUrl": "https://shop.coles.com.au/wcsstore/Coles-CAS/images/2/7/8/278211-th.jpg",
    "categories": ["pantry"],
    "tags": ["pasta-rice-grains", "dried-pasta"],
    "locations": {
      "vic": {
        "price": 1.5,
        "promoText": "$0.50 ",
        "packageSize": "500g",
        "packagePrice": "$0.30 per 100G"
      }
    }
  },
  {
    "id": "zafarelli-pasta-penne-rigati-no-18",
    "brand": "Zafarelli",
    "name": "Penne Rigati Pasta No 18",
    "imageUrl": "https://shop.coles.com.au/wcsstore/Coles-CAS/images/2/7/8/278164-th.jpg",
    "categories": ["pantry"],
    "tags": ["pasta-rice-grains", "dried-pasta"],
    "locations": {
      "vic": {
        "price": 1.5,
        "promoText": "$0.50 ",
        "packageSize": "500g",
        "packagePrice": "$0.30 per 100G"
      }
    }
  },
  {
    "id": "barilla-pasta-spaghettini-no-3",
    "brand": "Barilla",
    "name": "Spaghettini No 3",
    "imageUrl": "https://shop.coles.com.au/wcsstore/Coles-CAS/images/5/7/1/5716429-th.jpg",
    "categories": ["pantry"],
    "tags": ["pasta-rice-grains", "dried-pasta"],
    "locations": {
      "vic": {
        "price": 2.4,
        "promoText": " ",
        "packageSize": "500g",
        "packagePrice": "$0.48 per 100G"
      }
    }
  },
  {
    "id": "coles-pasta-rigatoni",
    "brand": "Coles",
    "name": "Durum Wheat Rigatoni Pasta",
    "imageUrl": "https://shop.coles.com.au/wcsstore/Coles-CAS/images/4/5/1/4515283-th.jpg",
    "categories": ["pantry"],
    "tags": ["pasta-rice-grains", "dried-pasta"],
    "locations": {
      "vic": {
        "price": 1.2,
        "promoText": " ",
        "packageSize": "500g",
        "packagePrice": "$0.24 per 100G"
      }
    }
  },
  {
    "id": "san-remo-pasta-lasagne-sheets-instant-large",
    "brand": "San Remo",
    "name": "Large Instant Lasagna Sheets",
    "imageUrl": "https://shop.coles.com.au/wcsstore/Coles-CAS/images/5/1/7/5173254-th.jpg",
    "categories": ["pantry"],
    "tags": ["pasta-rice-grains", "dried-pasta"],
    "locations": {
      "vic": {
        "price": 2.5,
        "promoText": "Was $2.90 on Nov 2019 ",
        "packageSize": "250g",
        "packagePrice": "$1.00 per 100G"
      }
    }
  },
  {
    "id": "san-remo-pasta-bowties",
    "brand": "San Remo",
    "name": "Pasta Bowties",
    "imageUrl": "https://shop.coles.com.au/wcsstore/Coles-CAS/images/5/5/9/5596837-th.jpg",
    "categories": ["pantry"],
    "tags": ["pasta-rice-grains", "dried-pasta"],
    "locations": {
      "vic": {
        "price": 2.6,
        "promoText": " ",
        "packageSize": "500g",
        "packagePrice": "$0.52 per 100G"
      }
    }
  },
  {
    "id": "san-remo-pasta-elbows-no-35",
    "brand": "San Remo",
    "name": "Pasta Elbows No 35",
    "imageUrl": "https://shop.coles.com.au/wcsstore/Coles-CAS/images/2/0/6/206221-th.jpg",
    "categories": ["pantry"],
    "tags": ["pasta-rice-grains", "dried-pasta"],
    "locations": {
      "vic": {
        "price": 2.6,
        "promoText": " ",
        "packageSize": "500g",
        "packagePrice": "$0.52 per 100G"
      }
    }
  },
  {
    "id": "vetta-high-fibre-penne-rigate-pasta",
    "brand": "Vetta",
    "name": "Smart Fibre Penne Pasta",
    "imageUrl": "https://shop.coles.com.au/wcsstore/Coles-CAS/images/1/6/9/1691086-th.jpg",
    "categories": ["pantry"],
    "tags": ["pasta-rice-grains", "dried-pasta"],
    "locations": {
      "vic": {
        "price": 1.6,
        "promoText": "$0.40 ",
        "packageSize": "500g",
        "packagePrice": "$0.32 per 100G"
      }
    }
  },
  {
    "id": "changs-noodles-rice-pad-thai",
    "brand": "Chang's",
    "name": "Pad Thai Style Rice Noodles",
    "imageUrl": "https://shop.coles.com.au/wcsstore/Coles-CAS/images/5/2/4/5249753-th.jpg",
    "categories": ["pantry"],
    "tags": ["pasta-rice-grains", "dried-pasta"],
    "locations": {
      "vic": {
        "price": 2,
        "promoText": " ",
        "packageSize": "250g",
        "packagePrice": "$0.80 per 100G"
      }
    }
  },
  {
    "id": "san-remo-pasta-macaroni-no-38",
    "brand": "San Remo",
    "name": "Macaroni  No 38",
    "imageUrl": "https://shop.coles.com.au/wcsstore/Coles-CAS/images/2/2/0/220426-th.jpg",
    "categories": ["pantry"],
    "tags": ["pasta-rice-grains", "dried-pasta"],
    "locations": {
      "vic": {
        "price": 2.6,
        "promoText": " ",
        "packageSize": "500g",
        "packagePrice": "$0.52 per 100G"
      }
    }
  },
  {
    "id": "vetta-smart-pasta-high-protein-low-carb-penne-rigate",
    "brand": "Vetta",
    "name": "Smart Protein Penne Pasta",
    "imageUrl": "https://shop.coles.com.au/wcsstore/Coles-CAS/images/1/6/9/1693004-th.jpg",
    "categories": ["pantry"],
    "tags": ["pasta-rice-grains", "dried-pasta"],
    "locations": {
      "vic": {
        "price": 1.75,
        "promoText": "$0.50 ",
        "packageSize": "375g",
        "packagePrice": "$0.47 per 100G"
      }
    }
  },
  {
    "id": "zafarelli-pasta-spirali-no-56",
    "brand": "Zafarelli",
    "name": "Spirali Pasta No 56",
    "imageUrl": "https://shop.coles.com.au/wcsstore/Coles-CAS/images/8/9/4/8947858-th.jpg",
    "categories": ["pantry"],
    "tags": ["pasta-rice-grains", "dried-pasta"],
    "locations": {
      "vic": {
        "price": 1.5,
        "promoText": "$0.50 ",
        "packageSize": "500g",
        "packagePrice": "$0.30 per 100G"
      }
    }
  },
  {
    "id": "coles-pasta-penne-organic",
    "brand": "Coles",
    "name": "Organic Penne Rigate Pasta",
    "imageUrl": "https://shop.coles.com.au/wcsstore/Coles-CAS/images/9/4/7/9477432-th.jpg",
    "categories": ["pantry"],
    "tags": ["pasta-rice-grains", "dried-pasta"],
    "locations": {
      "vic": {
        "price": 1.65,
        "promoText": " ",
        "packageSize": "500g",
        "packagePrice": "$0.33 per 100G"
      }
    }
  },
  {
    "id": "garofalo-penne-ziti-rigate-pasta",
    "brand": "Garofalo",
    "name": "Penne Ziti Rigate Pasta",
    "imageUrl": "https://shop.coles.com.au/wcsstore/Coles-CAS/images/1/6/8/1687125-th.jpg",
    "categories": ["pantry"],
    "tags": ["pasta-rice-grains", "dried-pasta"],
    "locations": {
      "vic": {
        "price": 2.8,
        "promoText": "Was $3.00 on Jul 2018 ",
        "packageSize": "500g",
        "packagePrice": "$0.56 per 100G"
      }
    }
  },
  {
    "id": "san-remo-pasta-angel-hair",
    "brand": "San Remo",
    "name": "Angel Hair Pasta",
    "imageUrl": "https://shop.coles.com.au/wcsstore/Coles-CAS/images/5/5/9/5596940-th.jpg",
    "categories": ["pantry"],
    "tags": ["pasta-rice-grains", "dried-pasta"],
    "locations": {
      "vic": {
        "price": 2.6,
        "promoText": " ",
        "packageSize": "500g",
        "packagePrice": "$0.52 per 100G"
      }
    }
  },
  {
    "id": "san-remo-pasta-penne-gluten-free",
    "brand": "San Remo",
    "name": "Gluten Free Penne Pasta",
    "imageUrl": "https://shop.coles.com.au/wcsstore/Coles-CAS/images/4/2/7/4275634-th.jpg",
    "categories": ["pantry"],
    "tags": ["pasta-rice-grains", "dried-pasta"],
    "locations": {
      "vic": {
        "price": 4.2,
        "promoText": " ",
        "packageSize": "350g",
        "packagePrice": "$1.20 per 100G"
      }
    }
  },
  {
    "id": "zafarelli-pasta-lisio-piccolo-no-40",
    "brand": "Zafarelli",
    "name": "Lisio Piccolo Pasta No 40",
    "imageUrl": "https://shop.coles.com.au/wcsstore/Coles-CAS/images/1/2/5/125550-th.jpg",
    "categories": ["pantry"],
    "tags": ["pasta-rice-grains", "dried-pasta"],
    "locations": {
      "vic": {
        "price": 1.5,
        "promoText": "$0.50 ",
        "packageSize": "500g",
        "packagePrice": "$0.30 per 100G"
      }
    }
  },
  {
    "id": "fantastic-noodles-instant",
    "brand": "Fantastic",
    "name": "Instant Noodles",
    "imageUrl": "https://shop.coles.com.au/wcsstore/Coles-CAS/images/6/9/8/6989187-th.jpg",
    "categories": ["pantry"],
    "tags": ["pasta-rice-grains", "dried-pasta"],
    "locations": {
      "vic": {
        "price": 3,
        "promoText": "$0.80 ",
        "packageSize": "700g",
        "packagePrice": "$0.43 per 100G"
      }
    }
  },
  {
    "id": "garofalo-casarecce-pasta",
    "brand": "Garofalo",
    "name": "Casarecce Pasta",
    "imageUrl": "https://shop.coles.com.au/wcsstore/Coles-CAS/images/1/6/9/1694980-th.jpg",
    "categories": ["pantry"],
    "tags": ["pasta-rice-grains", "dried-pasta"],
    "locations": {
      "vic": {
        "price": 2.8,
        "promoText": "Was $3.00 on Jul 2018 ",
        "packageSize": "500g",
        "packagePrice": "$0.56 per 100G"
      }
    }
  },
  {
    "id": "san-remo-pasta-spirals-trivelle-no-17",
    "brand": "San Remo",
    "name": "Trivelle Spirals No 17",
    "imageUrl": "https://shop.coles.com.au/wcsstore/Coles-CAS/images/5/5/9/5596848-th.jpg",
    "categories": ["pantry"],
    "tags": ["pasta-rice-grains", "dried-pasta"],
    "locations": {
      "vic": {
        "price": 2.6,
        "promoText": " ",
        "packageSize": "500g",
        "packagePrice": "$0.52 per 100G"
      }
    }
  },
  {
    "id": "san-remo-pasta-spirals-gluten-free",
    "brand": "San Remo",
    "name": "Gluten Free Spirals Pasta",
    "imageUrl": "https://shop.coles.com.au/wcsstore/Coles-CAS/images/4/2/7/4275510-th.jpg",
    "categories": ["pantry"],
    "tags": ["pasta-rice-grains", "dried-pasta"],
    "locations": {
      "vic": {
        "price": 4.2,
        "promoText": " ",
        "packageSize": "350g",
        "packagePrice": "$1.20 per 100G"
      }
    }
  },
  {
    "id": "san-remo-pasta-penne-zita-no-20",
    "brand": "San Remo",
    "name": "Penne Zita Pasta No 20",
    "imageUrl": "https://shop.coles.com.au/wcsstore/Coles-CAS/images/5/1/7/5173243-th.jpg",
    "categories": ["pantry"],
    "tags": ["pasta-rice-grains", "dried-pasta"],
    "locations": {
      "vic": {
        "price": 2.6,
        "promoText": " ",
        "packageSize": "500g",
        "packagePrice": "$0.52 per 100G"
      }
    }
  },
  {
    "id": "san-remo-pasta-spaghetti-no-4-thin-242407p",
    "brand": "San Remo",
    "name": "Thin Spaghetti No 4",
    "imageUrl": "https://shop.coles.com.au/wcsstore/Coles-CAS/images/2/4/2/242407-th.jpg",
    "categories": ["pantry"],
    "tags": ["pasta-rice-grains", "dried-pasta"],
    "locations": {
      "vic": {
        "price": 2.6,
        "promoText": " ",
        "packageSize": "500g",
        "packagePrice": "$0.52 per 100G"
      }
    }
  },
  {
    "id": "vetta-smart-kids-fibre-dinosaurs",
    "brand": "Vetta",
    "name": "Smart Fibre Kids Dinosaurs Pasta",
    "imageUrl": "https://shop.coles.com.au/wcsstore/Coles-CAS/images/3/6/1/3616172-th.jpg",
    "categories": ["pantry"],
    "tags": ["pasta-rice-grains", "dried-pasta"],
    "locations": {
      "vic": {
        "price": 1.6,
        "promoText": "$0.40 ",
        "packageSize": "500g",
        "packagePrice": "$0.32 per 100G"
      }
    }
  },
  {
    "id": "vetta-pasta-spaghetti",
    "brand": "Vetta",
    "name": "Pasta Spaghetti",
    "imageUrl": "https://shop.coles.com.au/wcsstore/Coles-CAS/images/3/7/9/3797270-th.jpg",
    "categories": ["pantry"],
    "tags": ["pasta-rice-grains", "dried-pasta"],
    "locations": {
      "vic": {
        "price": 2,
        "promoText": " ",
        "packageSize": "500g",
        "packagePrice": "$0.40 per 100G"
      }
    }
  },
  {
    "id": "san-remo-pulse-pasta-penne",
    "brand": "San Remo",
    "name": "Penne Pulse Pasta",
    "imageUrl": "https://shop.coles.com.au/wcsstore/Coles-CAS/images/3/2/1/3214430-th.jpg",
    "categories": ["pantry"],
    "tags": ["pasta-rice-grains", "dried-pasta"],
    "locations": {
      "vic": {
        "price": 4.2,
        "promoText": " ",
        "packageSize": "250g",
        "packagePrice": "$1.68 per 100G"
      }
    }
  },
  {
    "id": "vetta-pasta-penne",
    "brand": "Vetta",
    "name": "Pasta Penne",
    "imageUrl": "https://shop.coles.com.au/wcsstore/Coles-CAS/images/3/7/9/3797281-th.jpg",
    "categories": ["pantry"],
    "tags": ["pasta-rice-grains", "dried-pasta"],
    "locations": {
      "vic": {
        "price": 2,
        "promoText": " ",
        "packageSize": "500g",
        "packagePrice": "$0.40 per 100G"
      }
    }
  },
  {
    "id": "zafarelli-pasta-fussilli-no-17",
    "brand": "Zafarelli",
    "name": "Fusilli Pasta No 17",
    "imageUrl": "https://shop.coles.com.au/wcsstore/Coles-CAS/images/2/7/8/278153-th.jpg",
    "categories": ["pantry"],
    "tags": ["pasta-rice-grains", "dried-pasta"],
    "locations": {
      "vic": {
        "price": 1.5,
        "promoText": "$0.50 ",
        "packageSize": "500g",
        "packagePrice": "$0.30 per 100G"
      }
    }
  },
  {
    "id": "barilla-collezione-egg-pasta-tagliatelle",
    "brand": "Barilla",
    "name": "Collezione Tagliatelle Egg Pasta",
    "imageUrl": "https://shop.coles.com.au/wcsstore/Coles-CAS/images/3/5/8/3588634-th.jpg",
    "categories": ["pantry"],
    "tags": ["pasta-rice-grains", "dried-pasta"],
    "locations": {
      "vic": {
        "price": 3.5,
        "promoText": " ",
        "packageSize": "250g",
        "packagePrice": "$1.40 per 100G"
      }
    }
  },
  {
    "id": "changs-noodles-long-life",
    "brand": "Chang's",
    "name": "Long Life Noodles",
    "imageUrl": "https://shop.coles.com.au/wcsstore/Coles-CAS/images/4/9/8/498014-th.jpg",
    "categories": ["pantry"],
    "tags": ["pasta-rice-grains", "dried-pasta"],
    "locations": {
      "vic": {
        "price": 1.2,
        "promoText": "$0.30 ",
        "packageSize": "250g",
        "packagePrice": "$0.48 per 100G"
      }
    }
  },
  {
    "id": "coles-pasta-penne-3329046p",
    "brand": "Coles",
    "name": "Penne Rigate Pasta",
    "imageUrl": "https://shop.coles.com.au/wcsstore/Coles-CAS/images/3/3/2/3329046-th.jpg",
    "categories": ["pantry"],
    "tags": ["pasta-rice-grains", "dried-pasta"],
    "locations": {
      "vic": {
        "price": 1.2,
        "promoText": " ",
        "packageSize": "500g",
        "packagePrice": "$0.24 per 100G"
      }
    }
  },
  {
    "id": "san-remo-pasta-rigatoni-no-22",
    "brand": "San Remo",
    "name": "Rigatoni Pasta No 22",
    "imageUrl": "https://shop.coles.com.au/wcsstore/Coles-CAS/images/1/2/5/125378-th.jpg",
    "categories": ["pantry"],
    "tags": ["pasta-rice-grains", "dried-pasta"],
    "locations": {
      "vic": {
        "price": 2.6,
        "promoText": " ",
        "packageSize": "500g",
        "packagePrice": "$0.52 per 100G"
      }
    }
  },
  {
    "id": "san-remo-pasta-spaghetti-no-3-296392p",
    "brand": "San Remo",
    "name": "Spaghetti No 3",
    "imageUrl": "https://shop.coles.com.au/wcsstore/Coles-CAS/images/2/9/6/296392-th.jpg",
    "categories": ["pantry"],
    "tags": ["pasta-rice-grains", "dried-pasta"],
    "locations": {
      "vic": {
        "price": 2.6,
        "promoText": " ",
        "packageSize": "500g",
        "packagePrice": "$0.52 per 100G"
      }
    }
  },
  {
    "id": "vetta-smart-fibre-instant-lasagne",
    "brand": "Vetta",
    "name": "Smart Fibre Instant Lasagne Sheets",
    "imageUrl": "https://shop.coles.com.au/wcsstore/Coles-CAS/images/3/6/1/3614949-th.jpg",
    "categories": ["pantry"],
    "tags": ["pasta-rice-grains", "dried-pasta"],
    "locations": {
      "vic": {
        "price": 2,
        "promoText": "$0.50 ",
        "packageSize": "250g",
        "packagePrice": "$0.80 per 100G"
      }
    }
  },
  {
    "id": "barilla-pasta-spaghettoni-no-7",
    "brand": "Barilla",
    "name": "Spaghettoni No 7",
    "imageUrl": "https://shop.coles.com.au/wcsstore/Coles-CAS/images/3/5/4/354193-th.jpg",
    "categories": ["pantry"],
    "tags": ["pasta-rice-grains", "dried-pasta"],
    "locations": {
      "vic": {
        "price": 2.4,
        "promoText": " ",
        "packageSize": "500g",
        "packagePrice": "$0.48 per 100G"
      }
    }
  },
  {
    "id": "barilla-angel-hair-pasta",
    "brand": "Barilla",
    "name": "Angel Hair Pasta",
    "imageUrl": "https://shop.coles.com.au/wcsstore/Coles-CAS/images/1/6/8/1688977-th.jpg",
    "categories": ["pantry"],
    "tags": ["pasta-rice-grains", "dried-pasta"],
    "locations": {
      "vic": {
        "price": 1.95,
        "promoText": " ",
        "packageSize": "454g",
        "packagePrice": "$0.43 per 100G"
      }
    }
  },
  {
    "id": "changs-noodles-fried-original",
    "brand": "Chang's",
    "name": "Original Fried Noodles",
    "imageUrl": "https://shop.coles.com.au/wcsstore/Coles-CAS/images/2/9/2/292212-th.jpg",
    "categories": ["pantry"],
    "tags": ["pasta-rice-grains", "dried-pasta"],
    "locations": {
      "vic": {
        "price": 1.4,
        "promoText": " ",
        "packageSize": "100g",
        "packagePrice": "$1.40 per 100G"
      }
    }
  },
  {
    "id": "garofalo-rigatoni-pasta",
    "brand": "Garofalo",
    "name": "Rigatoni Pasta",
    "imageUrl": "https://shop.coles.com.au/wcsstore/Coles-CAS/images/1/6/8/1687103-th.jpg",
    "categories": ["pantry"],
    "tags": ["pasta-rice-grains", "dried-pasta"],
    "locations": {
      "vic": {
        "price": 2.8,
        "promoText": "Was $3.65 on May 2020 ",
        "packageSize": "500g",
        "packagePrice": "$0.56 per 100G"
      }
    }
  },
  {
    "id": "garofalo-spaghetti-pasta",
    "brand": "Garofalo",
    "name": "Spaghetti Pasta",
    "imageUrl": "https://shop.coles.com.au/wcsstore/Coles-CAS/images/1/6/8/1687114-th.jpg",
    "categories": ["pantry"],
    "tags": ["pasta-rice-grains", "dried-pasta"],
    "locations": {
      "vic": {
        "price": 2.8,
        "promoText": "Was $2.88 on Jul 2018 ",
        "packageSize": "500g",
        "packagePrice": "$0.56 per 100G"
      }
    }
  },
  {
    "id": "san-remo-pasta-tagliatelle-egg",
    "brand": "San Remo",
    "name": "Tagliatelle Egg Pasta",
    "imageUrl": "https://shop.coles.com.au/wcsstore/Coles-CAS/images/6/9/9/69936-th.jpg",
    "categories": ["pantry"],
    "tags": ["pasta-rice-grains", "dried-pasta"],
    "locations": {
      "vic": {
        "price": 1.75,
        "promoText": " ",
        "packageSize": "250g",
        "packagePrice": "$0.70 per 100G"
      }
    }
  },
  {
    "id": "san-remo-pasta-spag-no-6-tubular",
    "brand": "San Remo",
    "name": "Tubular Spaghetti No 6",
    "imageUrl": "https://shop.coles.com.au/wcsstore/Coles-CAS/images/2/4/2/242418-th.jpg",
    "categories": ["pantry"],
    "tags": ["pasta-rice-grains", "dried-pasta"],
    "locations": {
      "vic": {
        "price": 2.6,
        "promoText": " ",
        "packageSize": "500g",
        "packagePrice": "$0.52 per 100G"
      }
    }
  },
  {
    "id": "barilla-gluten-free-penne-pasta",
    "brand": "Barilla",
    "name": "Gluten Free Penne Pasta",
    "imageUrl": "https://shop.coles.com.au/wcsstore/Coles-CAS/images/2/5/9/2599613-th.jpg",
    "categories": ["pantry"],
    "tags": ["pasta-rice-grains", "dried-pasta"],
    "locations": {
      "vic": {
        "price": 3.8,
        "promoText": " ",
        "packageSize": "340g",
        "packagePrice": "$1.12 per 100G"
      }
    }
  },
  {
    "id": "barilla-gluten-free-spaghetti-pasta",
    "brand": "Barilla",
    "name": "Gluten Free Spaghetti Pasta",
    "imageUrl": "https://shop.coles.com.au/wcsstore/Coles-CAS/images/2/5/9/2599602-th.jpg",
    "categories": ["pantry"],
    "tags": ["pasta-rice-grains", "dried-pasta"],
    "locations": {
      "vic": {
        "price": 3.8,
        "promoText": " ",
        "packageSize": "340g",
        "packagePrice": "$1.12 per 100G"
      }
    }
  },
  {
    "id": "coles-pasta-spaghetti-quick-cook",
    "brand": "Coles",
    "name": "Spaghetti Quick Cook Pasta",
    "imageUrl": "https://shop.coles.com.au/wcsstore/Coles-CAS/images/3/3/2/3328961-th.jpg",
    "categories": ["pantry"],
    "tags": ["pasta-rice-grains", "dried-pasta"],
    "locations": {
      "vic": {
        "price": 1.2,
        "promoText": " ",
        "packageSize": "500g",
        "packagePrice": "$0.24 per 100G"
      }
    }
  },
  {
    "id": "guzzis-golden%09%09%09-pasta-fettuccine",
    "brand": "Guzzi's",
    "name": "Golden Egg Pasta Fettuccine",
    "imageUrl": "https://shop.coles.com.au/wcsstore/Coles-CAS/images/1/5/6/1566346-th.jpg",
    "categories": ["pantry"],
    "tags": ["pasta-rice-grains", "dried-pasta"],
    "locations": {
      "vic": {
        "price": 6,
        "promoText": " ",
        "packageSize": "500g",
        "packagePrice": "$1.20 per 100G"
      }
    }
  },
  {
    "id": "san-remo-pasta-curls-no-27",
    "brand": "San Remo",
    "name": "Pasta Curls No 27",
    "imageUrl": "https://shop.coles.com.au/wcsstore/Coles-CAS/images/6/0/8/6083645-th.jpg",
    "categories": ["pantry"],
    "tags": ["pasta-rice-grains", "dried-pasta"],
    "locations": {
      "vic": {
        "price": 2.6,
        "promoText": " ",
        "packageSize": "500g",
        "packagePrice": "$0.52 per 100G"
      }
    }
  },
  {
    "id": "san-remo-pasta-lasagne-sheets-instant-family-pack",
    "brand": "San Remo",
    "name": "Instant Lasagna Sheets Family Pack",
    "imageUrl": "https://shop.coles.com.au/wcsstore/Coles-CAS/images/4/1/6/4164495-th.jpg",
    "categories": ["pantry"],
    "tags": ["pasta-rice-grains", "dried-pasta"],
    "locations": {
      "vic": {
        "price": 3,
        "promoText": "$0.70 ",
        "packageSize": "375g",
        "packagePrice": "$0.80 per 100G"
      }
    }
  },
  {
    "id": "san-remo-pasta-spaghetti-wholemeal",
    "brand": "San Remo",
    "name": "Wholemeal Spaghetti",
    "imageUrl": "https://shop.coles.com.au/wcsstore/Coles-CAS/images/3/0/6/306259-th.jpg",
    "categories": ["pantry"],
    "tags": ["pasta-rice-grains", "dried-pasta"],
    "locations": {
      "vic": {
        "price": 2.6,
        "promoText": " ",
        "packageSize": "500g",
        "packagePrice": "$0.52 per 100G"
      }
    }
  },
  {
    "id": "san-remo-pasta-spirals-no-53-large-250697p",
    "brand": "San Remo",
    "name": "Large Pasta Spirals No 53",
    "imageUrl": "https://shop.coles.com.au/wcsstore/Coles-CAS/images/2/5/0/250697-th.jpg",
    "categories": ["pantry"],
    "tags": ["pasta-rice-grains", "dried-pasta"],
    "locations": {
      "vic": {
        "price": 2.9,
        "promoText": " ",
        "packageSize": "750g",
        "packagePrice": "$0.39 per 100G"
      }
    }
  },
  {
    "id": "zafarelli-pasta-spaghetti-no-3",
    "brand": "Zafarelli",
    "name": "Spaghettini No 3",
    "imageUrl": "https://shop.coles.com.au/wcsstore/Coles-CAS/images/2/7/8/278277-th.jpg",
    "categories": ["pantry"],
    "tags": ["pasta-rice-grains", "dried-pasta"],
    "locations": {
      "vic": {
        "price": 1.5,
        "promoText": "$0.50 ",
        "packageSize": "500g",
        "packagePrice": "$0.30 per 100G"
      }
    }
  },
  {
    "id": "coles-pasta-spaghetti-organic",
    "brand": "Coles",
    "name": "Organic Spaghetti",
    "imageUrl": "https://shop.coles.com.au/wcsstore/Coles-CAS/images/9/4/7/9478865-th.jpg",
    "categories": ["pantry"],
    "tags": ["pasta-rice-grains", "dried-pasta"],
    "locations": {
      "vic": {
        "price": 1.65,
        "promoText": " ",
        "packageSize": "500g",
        "packagePrice": "$0.33 per 100G"
      }
    }
  },
  {
    "id": "coles-pasta-lasagne-sheets-large",
    "brand": "Coles",
    "name": "Lasagne Sheets",
    "imageUrl": "https://shop.coles.com.au/wcsstore/Coles-CAS/images/5/7/1/5717090-th.jpg",
    "categories": ["pantry"],
    "tags": ["pasta-rice-grains", "dried-pasta"],
    "locations": {
      "vic": {
        "price": 1.7,
        "promoText": " ",
        "packageSize": "250g",
        "packagePrice": "$0.68 per 100G"
      }
    }
  },
  {
    "id": "coles-organic-wholemeal-spaghetti",
    "brand": "Coles",
    "name": "Organic Wholemeal Spaghetti",
    "imageUrl": "https://shop.coles.com.au/wcsstore/Coles-CAS/images/3/3/8/3380305-th.jpg",
    "categories": ["pantry"],
    "tags": ["pasta-rice-grains", "dried-pasta"],
    "locations": {
      "vic": {
        "price": 1.65,
        "promoText": " ",
        "packageSize": "500g",
        "packagePrice": "$0.33 per 100G"
      }
    }
  },
  {
    "id": "garofalo-linguine-pasta",
    "brand": "Garofalo",
    "name": "Linguine Pasta",
    "imageUrl": "https://shop.coles.com.au/wcsstore/Coles-CAS/images/1/6/9/1690108-th.jpg",
    "categories": ["pantry"],
    "tags": ["pasta-rice-grains", "dried-pasta"],
    "locations": {
      "vic": {
        "price": 2.8,
        "promoText": "Was $2.95 on Jul 2018 ",
        "packageSize": "500g",
        "packagePrice": "$0.56 per 100G"
      }
    }
  },
  {
    "id": "garofalo-stelline-",
    "brand": "Garofalo",
    "name": "Stelline Pasta",
    "imageUrl": "https://shop.coles.com.au/wcsstore/Coles-CAS/images/3/5/8/3582194-th.jpg",
    "categories": ["pantry"],
    "tags": ["pasta-rice-grains", "dried-pasta"],
    "locations": {
      "vic": {
        "price": 2,
        "promoText": " ",
        "packageSize": "500g",
        "packagePrice": "$0.40 per 100G"
      }
    }
  },
  {
    "id": "guzzis-pasta-egg-pappardelle",
    "brand": "Guzzi's",
    "name": "Pappardelle Pasta",
    "imageUrl": "https://shop.coles.com.au/wcsstore/Coles-CAS/images/2/6/0/2603460-th.jpg",
    "categories": ["pantry"],
    "tags": ["pasta-rice-grains", "dried-pasta"],
    "locations": {
      "vic": {
        "price": 4.7,
        "promoText": " ",
        "packageSize": "375g",
        "packagePrice": "$1.25 per 100G"
      }
    }
  },
  {
    "id": "san-remo-pasta-cannelloni",
    "brand": "San Remo",
    "name": "Pasta Cannelloni",
    "imageUrl": "https://shop.coles.com.au/wcsstore/Coles-CAS/images/5/6/8/5686543-th.jpg",
    "categories": ["pantry"],
    "tags": ["pasta-rice-grains", "dried-pasta"],
    "locations": {
      "vic": {
        "price": 2.5,
        "promoText": "Was $2.90 on Nov 2019 ",
        "packageSize": "200g",
        "packagePrice": "$1.00 per 100G"
      }
    }
  },
  {
    "id": "san-remo-pasta-trivelle-no-17",
    "brand": "San Remo",
    "name": "Trivelle Pasta No 17",
    "imageUrl": "https://shop.coles.com.au/wcsstore/Coles-CAS/images/6/0/8/6080170-th.jpg",
    "categories": ["pantry"],
    "tags": ["pasta-rice-grains", "dried-pasta"],
    "locations": {
      "vic": {
        "price": 2.9,
        "promoText": " ",
        "packageSize": "750g",
        "packagePrice": "$0.39 per 100G"
      }
    }
  },
  {
    "id": "san-remo-pasta-spaghetti-egg",
    "brand": "San Remo",
    "name": "Egg Spaghetti",
    "imageUrl": "https://shop.coles.com.au/wcsstore/Coles-CAS/images/5/2/4/5240227-th.jpg",
    "categories": ["pantry"],
    "tags": ["pasta-rice-grains", "dried-pasta"],
    "locations": {
      "vic": {
        "price": 2.6,
        "promoText": " ",
        "packageSize": "500g",
        "packagePrice": "$0.52 per 100G"
      }
    }
  },
  {
    "id": "barilla-chickpea-pasta-casarecce",
    "brand": "Barilla",
    "name": "Chickpea Casarecce Pasta",
    "imageUrl": "https://shop.coles.com.au/wcsstore/Coles-CAS/images/3/3/6/3365549-th.jpg",
    "categories": ["pantry"],
    "tags": ["pasta-rice-grains", "dried-pasta"],
    "locations": {
      "vic": {
        "price": 4.5,
        "promoText": " ",
        "packageSize": "250g",
        "packagePrice": "$1.80 per 100G"
      }
    }
  },
  {
    "id": "coles-organic-lasagne-sheets",
    "brand": "Coles",
    "name": "Organic Lasagne Sheets",
    "imageUrl": "https://shop.coles.com.au/wcsstore/Coles-CAS/images/3/3/8/3380338-th.jpg",
    "categories": ["pantry"],
    "tags": ["pasta-rice-grains", "dried-pasta"],
    "locations": {
      "vic": {
        "price": 2,
        "promoText": " ",
        "packageSize": "250g",
        "packagePrice": "$0.80 per 100G"
      }
    }
  },
  {
    "id": "garofalo-orzo",
    "brand": "Garofalo",
    "name": "Orzo",
    "imageUrl": "https://shop.coles.com.au/wcsstore/Coles-CAS/images/3/5/8/3582208-th.jpg",
    "categories": ["pantry"],
    "tags": ["pasta-rice-grains", "dried-pasta"],
    "locations": {
      "vic": {
        "price": 2,
        "promoText": " ",
        "packageSize": "500g",
        "packagePrice": "$0.40 per 100G"
      }
    }
  },
  {
    "id": "guzzis-pasta-tricolore-fettuccine",
    "brand": "Guzzi's",
    "name": "Tricolore Fettuccine Pasta",
    "imageUrl": "https://shop.coles.com.au/wcsstore/Coles-CAS/images/2/6/0/2603481-th.jpg",
    "categories": ["pantry"],
    "tags": ["pasta-rice-grains", "dried-pasta"],
    "locations": {
      "vic": {
        "price": 4.7,
        "promoText": " ",
        "packageSize": "375g",
        "packagePrice": "$1.25 per 100G"
      }
    }
  },
  {
    "id": "guzzis-pasta-linguine",
    "brand": "Guzzi's",
    "name": "Linguine Pasta",
    "imageUrl": "https://shop.coles.com.au/wcsstore/Coles-CAS/images/2/6/0/2603459-th.jpg",
    "categories": ["pantry"],
    "tags": ["pasta-rice-grains", "dried-pasta"],
    "locations": {
      "vic": {
        "price": 4.7,
        "promoText": " ",
        "packageSize": "375g",
        "packagePrice": "$1.25 per 100G"
      }
    }
  },
  {
    "id": "sempio-sweet-potato-noodles",
    "brand": "Obap",
    "name": "Sweet Potato Noodles",
    "imageUrl": "https://shop.coles.com.au/wcsstore/Coles-CAS/images/2/0/1/2017434-th.jpg",
    "categories": ["pantry"],
    "tags": ["pasta-rice-grains", "dried-pasta"],
    "locations": {
      "vic": {
        "price": 2,
        "promoText": " ",
        "packageSize": "100g",
        "packagePrice": "$2.00 per 100G"
      }
    }
  },
  {
    "id": "san-remo-pasta-angel-hair-no-141-short",
    "brand": "San Remo",
    "name": "Angel Hair Short Pasta No 141",
    "imageUrl": "https://shop.coles.com.au/wcsstore/Coles-CAS/images/5/6/9/5694676-th.jpg",
    "categories": ["pantry"],
    "tags": ["pasta-rice-grains", "dried-pasta"],
    "locations": {
      "vic": {
        "price": 2.6,
        "promoText": " ",
        "packageSize": "500g",
        "packagePrice": "$0.52 per 100G"
      }
    }
  },
  {
    "id": "san-remo-pasta-lasagna-sheets-instant-curly-large",
    "brand": "San Remo",
    "name": "Instant Curly Large Lasagna Sheets",
    "imageUrl": "https://shop.coles.com.au/wcsstore/Coles-CAS/images/5/5/9/5598333-th.jpg",
    "categories": ["pantry"],
    "tags": ["pasta-rice-grains", "dried-pasta"],
    "locations": {
      "vic": {
        "price": 2.5,
        "promoText": "Was $2.90 on Nov 2019 ",
        "packageSize": "250g",
        "packagePrice": "$1.00 per 100G"
      }
    }
  },
  {
    "id": "san-remo-pasta-lasagne-gluten-free",
    "brand": "San Remo",
    "name": "Gluten Free Lasagna",
    "imageUrl": "https://shop.coles.com.au/wcsstore/Coles-CAS/images/4/2/7/4275973-th.jpg",
    "categories": ["pantry"],
    "tags": ["pasta-rice-grains", "dried-pasta"],
    "locations": {
      "vic": {
        "price": 4.2,
        "promoText": " ",
        "packageSize": "200g",
        "packagePrice": "$2.10 per 100G"
      }
    }
  },
  {
    "id": "san-remo-pasta-pappardelle-nidi-egg",
    "brand": "San Remo",
    "name": "Pappardelle Egg Pasta",
    "imageUrl": "https://shop.coles.com.au/wcsstore/Coles-CAS/images/8/9/4/8945659-th.jpg",
    "categories": ["pantry"],
    "tags": ["pasta-rice-grains", "dried-pasta"],
    "locations": {
      "vic": {
        "price": 2.8,
        "promoText": "$0.70 ",
        "packageSize": "375g",
        "packagePrice": "$0.75 per 100G"
      }
    }
  },
  {
    "id": "san-remo-pasta-spelt-sprial",
    "brand": "San Remo",
    "name": "Spelt Spiral Pasta",
    "imageUrl": "https://shop.coles.com.au/wcsstore/Coles-CAS/images/1/5/8/1586117-th.jpg",
    "categories": ["pantry"],
    "tags": ["pasta-rice-grains", "dried-pasta"],
    "locations": {
      "vic": {
        "price": 4.2,
        "promoText": " ",
        "packageSize": "250g",
        "packagePrice": "$1.68 per 100G"
      }
    }
  },
  {
    "id": "san-remo-cous-cous-wholemeal",
    "brand": "San Remo",
    "name": "Wholemeal Cous Cous",
    "imageUrl": "https://shop.coles.com.au/wcsstore/Coles-CAS/images/2/5/9/2599544-th.jpg",
    "categories": ["pantry"],
    "tags": ["pasta-rice-grains", "dried-pasta"],
    "locations": {
      "vic": {
        "price": 2.8,
        "promoText": " ",
        "packageSize": "500g",
        "packagePrice": "$0.56 per 100G"
      }
    }
  },
  {
    "id": "san-remo-pulse-pasta-red-lentils-spirals",
    "brand": "San Remo",
    "name": "Red Lentils Spirals Pulse Pasta",
    "imageUrl": "https://shop.coles.com.au/wcsstore/Coles-CAS/images/3/5/8/3582398-th.jpg",
    "categories": ["pantry"],
    "tags": ["pasta-rice-grains", "dried-pasta"],
    "locations": {
      "vic": {
        "price": 4.2,
        "promoText": " ",
        "packageSize": "250g",
        "packagePrice": "$1.68 per 100G"
      }
    }
  },
  {
    "id": "vetta-smart-pasta-high-protein-low-carb-pasta-spirals",
    "brand": "Vetta",
    "name": "Smart Protein Spirals Pasta",
    "imageUrl": "https://shop.coles.com.au/wcsstore/Coles-CAS/images/1/6/9/1692985-th.jpg",
    "categories": ["pantry"],
    "tags": ["pasta-rice-grains", "dried-pasta"],
    "locations": {
      "vic": {
        "price": 1.75,
        "promoText": "$0.50 ",
        "packageSize": "375g",
        "packagePrice": "$0.47 per 100G"
      }
    }
  },
  {
    "id": "barilla-la-colezione-pasta-orecchiette",
    "brand": "Barilla",
    "name": "La Collezione Orecchiette Pasta",
    "imageUrl": "https://shop.coles.com.au/wcsstore/Coles-CAS/images/1/2/1/1211340-th.jpg",
    "categories": ["pantry"],
    "tags": ["pasta-rice-grains", "dried-pasta"],
    "locations": {
      "vic": {
        "price": 2.8,
        "promoText": " ",
        "packageSize": "500g",
        "packagePrice": "$0.56 per 100G"
      }
    }
  },
  {
    "id": "barilla-la-colezione-pasta-canneloni-no-88-instant",
    "brand": "Barilla",
    "name": "La Collezione Cannelloni Pasta No 88",
    "imageUrl": "https://shop.coles.com.au/wcsstore/Coles-CAS/images/7/1/5/7156960-th.jpg",
    "categories": ["pantry"],
    "tags": ["pasta-rice-grains", "dried-pasta"],
    "locations": {
      "vic": {
        "price": 2.55,
        "promoText": " ",
        "packageSize": "250g",
        "packagePrice": "$1.02 per 100G"
      }
    }
  },
  {
    "id": "barilla-gluten-free-lasagne",
    "brand": "Barilla",
    "name": "Gluten Free Lasagne",
    "imageUrl": "https://shop.coles.com.au/wcsstore/Coles-CAS/images/3/5/4/3541572-th.jpg",
    "categories": ["pantry"],
    "tags": ["pasta-rice-grains", "dried-pasta"],
    "locations": {
      "vic": {
        "price": 5,
        "promoText": " ",
        "packageSize": "283g",
        "packagePrice": "$1.77 per 100G"
      }
    }
  },
  {
    "id": "barilla-red-lentil-pasta-penne",
    "brand": "Barilla",
    "name": "Red Lentil Penne Pasta",
    "imageUrl": "https://shop.coles.com.au/wcsstore/Coles-CAS/images/3/3/6/3365550-th.jpg",
    "categories": ["pantry"],
    "tags": ["pasta-rice-grains", "dried-pasta"],
    "locations": {
      "vic": {
        "price": 4.5,
        "promoText": " ",
        "packageSize": "250g",
        "packagePrice": "$1.80 per 100G"
      }
    }
  },
  {
    "id": "coles-organic-pasta-wholemeal-spirals",
    "brand": "Coles",
    "name": "Organic Wholemeal Spiral Pasta",
    "imageUrl": "https://shop.coles.com.au/wcsstore/Coles-CAS/images/3/3/8/3380316-th.jpg",
    "categories": ["pantry"],
    "tags": ["pasta-rice-grains", "dried-pasta"],
    "locations": {
      "vic": {
        "price": 1.65,
        "promoText": " ",
        "packageSize": "500g",
        "packagePrice": "$0.33 per 100G"
      }
    }
  },
  {
    "id": "san-remo-pasta-vermicelli-egg",
    "brand": "San Remo",
    "name": "Vermicelli Egg Pasta",
    "imageUrl": "https://shop.coles.com.au/wcsstore/Coles-CAS/images/6/9/9/69958-th.jpg",
    "categories": ["pantry"],
    "tags": ["pasta-rice-grains", "dried-pasta"],
    "locations": {
      "vic": {
        "price": 1.75,
        "promoText": " ",
        "packageSize": "250g",
        "packagePrice": "$0.70 per 100G"
      }
    }
  },
  {
    "id": "san-remo-pasta-spiral-vegeroni-large",
    "brand": "San Remo",
    "name": "Large Vegeroni Spiral Pasta",
    "imageUrl": "https://shop.coles.com.au/wcsstore/Coles-CAS/images/5/6/1/5615771-th.jpg",
    "categories": ["pantry"],
    "tags": ["pasta-rice-grains", "dried-pasta"],
    "locations": {
      "vic": {
        "price": 2.6,
        "promoText": " ",
        "packageSize": "375g",
        "packagePrice": "$0.69 per 100G"
      }
    }
  },
  {
    "id": "san-remo-pasta-lasagna-sheets-wholemeal",
    "brand": "San Remo",
    "name": "Wholemeal Pasta Lasagna Sheets",
    "imageUrl": "https://shop.coles.com.au/wcsstore/Coles-CAS/images/5/7/3/5734792-th.jpg",
    "categories": ["pantry"],
    "tags": ["pasta-rice-grains", "dried-pasta"],
    "locations": {
      "vic": {
        "price": 2.5,
        "promoText": "Was $2.90 on Nov 2019 ",
        "packageSize": "250g",
        "packagePrice": "$1.00 per 100G"
      }
    }
  },
  {
    "id": "san-remo-pasta-fettuccine-gluten-free",
    "brand": "San Remo",
    "name": "Gluten Free Fettuccine  Pasta",
    "imageUrl": "https://shop.coles.com.au/wcsstore/Coles-CAS/images/5/3/6/5363748-th.jpg",
    "categories": ["pantry"],
    "tags": ["pasta-rice-grains", "dried-pasta"],
    "locations": {
      "vic": {
        "price": 4.2,
        "promoText": " ",
        "packageSize": "350g",
        "packagePrice": "$1.20 per 100G"
      }
    }
  },
  {
    "id": "san-remo-pasta-fettuccine-no-80-curly",
    "brand": "San Remo",
    "name": "Curly Fettuccine Pasta No 80",
    "imageUrl": "https://shop.coles.com.au/wcsstore/Coles-CAS/images/9/5/7/9579895-th.jpg",
    "categories": ["pantry"],
    "tags": ["pasta-rice-grains", "dried-pasta"],
    "locations": {
      "vic": {
        "price": 2.6,
        "promoText": " ",
        "packageSize": "500g",
        "packagePrice": "$0.52 per 100G"
      }
    }
  },
  {
    "id": "san-remo-pulse-pasta-chickpea-spirals",
    "brand": "San Remo",
    "name": "Chickpeas Spirals Pulse Pasta",
    "imageUrl": "https://shop.coles.com.au/wcsstore/Coles-CAS/images/3/5/8/3582387-th.jpg",
    "categories": ["pantry"],
    "tags": ["pasta-rice-grains", "dried-pasta"],
    "locations": {
      "vic": {
        "price": 4.2,
        "promoText": " ",
        "packageSize": "250g",
        "packagePrice": "$1.68 per 100G"
      }
    }
  },
  {
    "id": "uncle-bens-express-rice-special-fried-rice",
    "brand": "Uncle Ben's",
    "name": "Special Fried Rice",
    "imageUrl": "https://shop.coles.com.au/wcsstore/Coles-CAS/images/6/5/4/6545966-th.jpg",
    "categories": ["pantry"],
    "tags": ["pasta-rice-grains", "rice"],
    "locations": {
      "vic": {
        "price": 3.25,
        "promoText": " ",
        "packageSize": "250g",
        "packagePrice": "$1.30 per 100G"
      }
    }
  },
  {
    "id": "uncle-bens-express-rice-mexican-style",
    "brand": "Uncle Ben's",
    "name": "Microwave Mexican Style Rice",
    "imageUrl": "https://shop.coles.com.au/wcsstore/Coles-CAS/images/7/1/3/7132928-th.jpg",
    "categories": ["pantry"],
    "tags": ["pasta-rice-grains", "rice"],
    "locations": {
      "vic": {
        "price": 3.25,
        "promoText": " ",
        "packageSize": "250g",
        "packagePrice": "$1.30 per 100G"
      }
    }
  },
  {
    "id": "uncle-bens-express-rice-brown-mexican",
    "brand": "Uncle Ben's",
    "name": "Microwave Mexican Style Brown Rice",
    "imageUrl": "https://shop.coles.com.au/wcsstore/Coles-CAS/images/9/9/4/9946293-th.jpg",
    "categories": ["pantry"],
    "tags": ["pasta-rice-grains", "rice"],
    "locations": {
      "vic": {
        "price": 3.25,
        "promoText": " ",
        "packageSize": "250g",
        "packagePrice": "$1.30 per 100G"
      }
    }
  },
  {
    "id": "sunrice-cups-rice-long-grain-brown-2-pack",
    "brand": "Sunrice",
    "name": "Long Grain Brown Rice Cup 2 pack",
    "imageUrl": "https://shop.coles.com.au/wcsstore/Coles-CAS/images/7/7/7/7779805-th.jpg",
    "categories": ["pantry"],
    "tags": ["pasta-rice-grains", "rice"],
    "locations": {
      "vic": {
        "price": 2.5,
        "promoText": " ",
        "packageSize": "250g",
        "packagePrice": "$1.00 per 100G"
      }
    }
  },
  {
    "id": "coles-rice-basmati-8703059p",
    "brand": "Coles",
    "name": "Basmati Rice",
    "imageUrl": "https://shop.coles.com.au/wcsstore/Coles-CAS/images/8/7/0/8703059-th.jpg",
    "categories": ["pantry"],
    "tags": ["pasta-rice-grains", "rice"],
    "locations": {
      "vic": {
        "price": 3.3,
        "promoText": " ",
        "packageSize": "1kg",
        "packagePrice": "$0.33 per 100G"
      }
    }
  },
  {
    "id": "coles-rice-arborio",
    "brand": "Coles",
    "name": "Arborio Rice",
    "imageUrl": "https://shop.coles.com.au/wcsstore/Coles-CAS/images/8/4/6/8465788-th.jpg",
    "categories": ["pantry"],
    "tags": ["pasta-rice-grains", "rice"],
    "locations": {
      "vic": {
        "price": 2.7,
        "promoText": " ",
        "packageSize": "1kg",
        "packagePrice": "$0.27 per 100G"
      }
    }
  },
  {
    "id": "coles-rice-long-grain",
    "brand": "Coles",
    "name": "Long Grain White Rice",
    "imageUrl": "https://shop.coles.com.au/wcsstore/Coles-CAS/images/5/3/5/5357574-th.jpg",
    "categories": ["pantry"],
    "tags": ["pasta-rice-grains", "rice"],
    "locations": {
      "vic": {
        "price": 1.4,
        "promoText": " ",
        "packageSize": "1kg",
        "packagePrice": "$0.14 per 100G"
      }
    }
  },
  {
    "id": "sunrice-rice-medium-grain-brown",
    "brand": "Sunrice",
    "name": "Medium Grain Brown Rice",
    "imageUrl": "https://shop.coles.com.au/wcsstore/Coles-CAS/images/2/9/5/295414-th.jpg",
    "categories": ["pantry"],
    "tags": ["pasta-rice-grains", "rice"],
    "locations": {
      "vic": {
        "price": 5,
        "promoText": " ",
        "packageSize": "2kg",
        "packagePrice": "$0.25 per 100G"
      }
    }
  },
  {
    "id": "coles-rice-basmati",
    "brand": "Coles",
    "name": "Basmati Rice",
    "imageUrl": "https://shop.coles.com.au/wcsstore/Coles-CAS/images/9/5/4/9540288-th.jpg",
    "categories": ["pantry"],
    "tags": ["pasta-rice-grains", "rice"],
    "locations": {
      "vic": {
        "price": 14,
        "promoText": " ",
        "packageSize": "5kg",
        "packagePrice": "$0.28 per 100G"
      }
    }
  },
  {
    "id": "coles-rice-brown-microwave",
    "brand": "Coles",
    "name": "Brown Rice",
    "imageUrl": "https://shop.coles.com.au/wcsstore/Coles-CAS/images/8/4/7/8471408-th.jpg",
    "categories": ["pantry"],
    "tags": ["pasta-rice-grains", "rice"],
    "locations": {
      "vic": {
        "price": 1.5,
        "promoText": " ",
        "packageSize": "250g",
        "packagePrice": "$0.60 per 100G"
      }
    }
  },
  {
    "id": "sunrice-rice-medium-grain-brown-154693p",
    "brand": "Sunrice",
    "name": "Medium Grain Brown Rice",
    "imageUrl": "https://shop.coles.com.au/wcsstore/Coles-CAS/images/1/5/4/154693-th.jpg",
    "categories": ["pantry"],
    "tags": ["pasta-rice-grains", "rice"],
    "locations": {
      "vic": {
        "price": 3.2,
        "promoText": " ",
        "packageSize": "1kg",
        "packagePrice": "$0.32 per 100G"
      }
    }
  },
  {
    "id": "tilda-microwaveable-steamed-basmati-brown-rice",
    "brand": "Tilda",
    "name": "Steamed Basmati Brown Microwavable Rice",
    "imageUrl": "https://shop.coles.com.au/wcsstore/Coles-CAS/images/5/2/0/5208086-th.jpg",
    "categories": ["pantry"],
    "tags": ["pasta-rice-grains", "rice"],
    "locations": {
      "vic": {
        "price": 3.4,
        "promoText": "Any 2 $6",
        "packageSize": "250g",
        "packagePrice": "$1.36 per 100G"
      }
    }
  },
  {
    "id": "coles-rice-jasmine",
    "brand": "Coles",
    "name": "Jasmine Rice",
    "imageUrl": "https://shop.coles.com.au/wcsstore/Coles-CAS/images/8/7/0/8703004-th.jpg",
    "categories": ["pantry"],
    "tags": ["pasta-rice-grains", "rice"],
    "locations": {
      "vic": {
        "price": 2.95,
        "promoText": " ",
        "packageSize": "1kg",
        "packagePrice": "$0.30 per 100G"
      }
    }
  },
  {
    "id": "sunrice-long-grain-rice-jasmine",
    "brand": "Sunrice",
    "name": "Long Grain Jasmine Rice",
    "imageUrl": "https://shop.coles.com.au/wcsstore/Coles-CAS/images/5/9/6/5963814-th.jpg",
    "categories": ["pantry"],
    "tags": ["pasta-rice-grains", "rice"],
    "locations": {
      "vic": {
        "price": 3.2,
        "promoText": " ",
        "packageSize": "1kg",
        "packagePrice": "$0.32 per 100G"
      }
    }
  },
  {
    "id": "sunrice-long-grain-rice-premium-white-122518p",
    "brand": "Sunrice",
    "name": "Long Grain Premium White Rice",
    "imageUrl": "https://shop.coles.com.au/wcsstore/Coles-CAS/images/1/2/2/122518-th.jpg",
    "categories": ["pantry"],
    "tags": ["pasta-rice-grains", "rice"],
    "locations": {
      "vic": {
        "price": 2,
        "promoText": " ",
        "packageSize": "1kg",
        "packagePrice": "$0.20 per 100G"
      }
    }
  },
  {
    "id": "changs-noodles-rice-vermicelli",
    "brand": "Chang's",
    "name": "Vermicelli Rice Noodles",
    "imageUrl": "https://shop.coles.com.au/wcsstore/Coles-CAS/images/5/6/0/5609484-th.jpg",
    "categories": ["pantry"],
    "tags": ["pasta-rice-grains", "rice"],
    "locations": {
      "vic": {
        "price": 2,
        "promoText": " ",
        "packageSize": "250g",
        "packagePrice": "$0.80 per 100G"
      }
    }
  },
  {
    "id": "coles-brand-rice-long-grain",
    "brand": "Coles",
    "name": "Long Grain White Rice",
    "imageUrl": "https://shop.coles.com.au/wcsstore/Coles-CAS/images/4/6/9/4698955-th.jpg",
    "categories": ["pantry"],
    "tags": ["pasta-rice-grains", "rice"],
    "locations": {
      "vic": {
        "price": 2.8,
        "promoText": " ",
        "packageSize": "2kg",
        "packagePrice": "$0.14 per 100G"
      }
    }
  },
  {
    "id": "coles-brand-rice-jasmine",
    "brand": "Coles",
    "name": "Jasmine Rice",
    "imageUrl": "https://shop.coles.com.au/wcsstore/Coles-CAS/images/9/5/4/9540299-th.jpg",
    "categories": ["pantry"],
    "tags": ["pasta-rice-grains", "rice"],
    "locations": {
      "vic": {
        "price": 5.5,
        "promoText": " ",
        "packageSize": "2kg",
        "packagePrice": "$0.28 per 100G"
      }
    }
  },
  {
    "id": "coles-rice-cups-microwave-medium-brown",
    "brand": "Coles",
    "name": "Medium Brown Microwave Rice Cups",
    "imageUrl": "https://shop.coles.com.au/wcsstore/Coles-CAS/images/1/0/7/1074953-th.jpg",
    "categories": ["pantry"],
    "tags": ["pasta-rice-grains", "rice"],
    "locations": {
      "vic": {
        "price": 2,
        "promoText": " ",
        "packageSize": "250g",
        "packagePrice": "$0.80 per 100G"
      }
    }
  },
  {
    "id": "sunrice-microwaveable-brown-rice",
    "brand": "Sunrice",
    "name": "Brown Medium Grain Rice",
    "imageUrl": "https://shop.coles.com.au/wcsstore/Coles-CAS/images/4/8/5/4854370-th.jpg",
    "categories": ["pantry"],
    "tags": ["pasta-rice-grains", "rice"],
    "locations": {
      "vic": {
        "price": 2.5,
        "promoText": "Was $2.99 on Oct 2018 ",
        "packageSize": "250g",
        "packagePrice": "$1.00 per 100G"
      }
    }
  },
  {
    "id": "coles-quinoa-microwave-brown-rice",
    "brand": "Coles",
    "name": "Microwave  Brown Rice & Quinoa",
    "imageUrl": "https://shop.coles.com.au/wcsstore/Coles-CAS/images/1/9/5/1954050-th.jpg",
    "categories": ["pantry"],
    "tags": ["pasta-rice-grains", "rice"],
    "locations": {
      "vic": {
        "price": 2,
        "promoText": " ",
        "packageSize": "250g",
        "packagePrice": "$0.80 per 100G"
      }
    }
  },
  {
    "id": "riviana-rice-basmati-long-grain-145590p",
    "brand": "Riviana",
    "name": "Extra Long Grain Basmati Rice",
    "imageUrl": "https://shop.coles.com.au/wcsstore/Coles-CAS/images/1/4/5/145590-th.jpg",
    "categories": ["pantry"],
    "tags": ["pasta-rice-grains", "rice"],
    "locations": {
      "vic": {
        "price": 4.5,
        "promoText": " ",
        "packageSize": "1kg",
        "packagePrice": "$4.50 per 1Kg"
      }
    }
  },
  {
    "id": "sunrice-cups-rice-jasmine-2-pack",
    "brand": "Sunrice",
    "name": "Jasmine Rice Cup 2 pack",
    "imageUrl": "https://shop.coles.com.au/wcsstore/Coles-CAS/images/8/4/7/8478509-th.jpg",
    "categories": ["pantry"],
    "tags": ["pasta-rice-grains", "rice"],
    "locations": {
      "vic": {
        "price": 2.5,
        "promoText": " ",
        "packageSize": "250g",
        "packagePrice": "$1.00 per 100G"
      }
    }
  },
  {
    "id": "sunrice-rice-basmati",
    "brand": "Sunrice",
    "name": "Basmati Rice",
    "imageUrl": "https://shop.coles.com.au/wcsstore/Coles-CAS/images/5/8/7/5877359-th.jpg",
    "categories": ["pantry"],
    "tags": ["pasta-rice-grains", "rice"],
    "locations": {
      "vic": {
        "price": 8.5,
        "promoText": " ",
        "packageSize": "2kg",
        "packagePrice": "$0.43 per 100G"
      }
    }
  },
  {
    "id": "sunrice-microwaveable-long-grain-white-rice",
    "brand": "Sunrice",
    "name": "Long Grain White Microwavable Rice",
    "imageUrl": "https://shop.coles.com.au/wcsstore/Coles-CAS/images/4/8/5/4854391-th.jpg",
    "categories": ["pantry"],
    "tags": ["pasta-rice-grains", "rice"],
    "locations": {
      "vic": {
        "price": 2.5,
        "promoText": "Was $2.99 on Oct 2018 ",
        "packageSize": "250g",
        "packagePrice": "$1.00 per 100G"
      }
    }
  },
  {
    "id": "tilda-microwaveable-steamed-basmatic-pure-rice",
    "brand": "Tilda",
    "name": "Steamed Pure Basmati Rice",
    "imageUrl": "https://shop.coles.com.au/wcsstore/Coles-CAS/images/9/5/3/9530557-th.jpg",
    "categories": ["pantry"],
    "tags": ["pasta-rice-grains", "rice"],
    "locations": {
      "vic": {
        "price": 3.4,
        "promoText": "Any 2 $6",
        "packageSize": "250g",
        "packagePrice": "$1.36 per 100G"
      }
    }
  },
  {
    "id": "coles--jasmine-rice",
    "brand": "Coles",
    "name": "Jasmine Rice",
    "imageUrl": "https://shop.coles.com.au/wcsstore/Coles-CAS/images/2/5/9/2599420-th.jpg",
    "categories": ["pantry"],
    "tags": ["pasta-rice-grains", "rice"],
    "locations": {
      "vic": {
        "price": 12.5,
        "promoText": " ",
        "packageSize": "5kg",
        "packagePrice": "$0.25 per 100G"
      }
    }
  },
  {
    "id": "sunrice-rice-quinoa",
    "brand": "Sunrice",
    "name": "Rice & Quinoa",
    "imageUrl": "https://shop.coles.com.au/wcsstore/Coles-CAS/images/1/3/8/1382525-th.jpg",
    "categories": ["pantry"],
    "tags": ["pasta-rice-grains", "rice"],
    "locations": {
      "vic": {
        "price": 2.8,
        "promoText": " ",
        "packageSize": "250g",
        "packagePrice": "$1.12 per 100G"
      }
    }
  },
  {
    "id": "uncle-bens-rice-brown-express",
    "brand": "Uncle Ben's",
    "name": "Microwave Brown Rice",
    "imageUrl": "https://shop.coles.com.au/wcsstore/Coles-CAS/images/8/1/5/8150787-th.jpg",
    "categories": ["pantry"],
    "tags": ["pasta-rice-grains", "rice"],
    "locations": {
      "vic": {
        "price": 2.7,
        "promoText": "Any 2 $5",
        "packageSize": "250g",
        "packagePrice": "$1.08 per 100G"
      }
    }
  },
  {
    "id": "coles-microwave-black-rice",
    "brand": "Coles",
    "name": "Microwave Black Rice",
    "imageUrl": "https://shop.coles.com.au/wcsstore/Coles-CAS/images/2/5/9/2599384-th.jpg",
    "categories": ["pantry"],
    "tags": ["pasta-rice-grains", "rice"],
    "locations": {
      "vic": {
        "price": 2.5,
        "promoText": " ",
        "packageSize": "250g",
        "packagePrice": "$1.00 per 100G"
      }
    }
  },
  {
    "id": "sunrice-family-rice-jasmine",
    "brand": "Sunrice",
    "name": "Family Size Jasmine Rice",
    "imageUrl": "https://shop.coles.com.au/wcsstore/Coles-CAS/images/7/7/4/7746704-th.jpg",
    "categories": ["pantry"],
    "tags": ["pasta-rice-grains", "rice"],
    "locations": {
      "vic": {
        "price": 3.5,
        "promoText": "Was $3.99 on Oct 2018 ",
        "packageSize": "450g",
        "packagePrice": "$0.78 per 100G"
      }
    }
  },
  {
    "id": "sunrice-rice-organic-brown-1382536p",
    "brand": "Sunrice",
    "name": "Organic Brown Rice",
    "imageUrl": "https://shop.coles.com.au/wcsstore/Coles-CAS/images/1/3/8/1382536-th.jpg",
    "categories": ["pantry"],
    "tags": ["pasta-rice-grains", "rice"],
    "locations": {
      "vic": {
        "price": 2.8,
        "promoText": " ",
        "packageSize": "250g",
        "packagePrice": "$1.12 per 100G"
      }
    }
  },
  {
    "id": "sunrice-microwave-rice-quinoa-cups-2-pack",
    "brand": "Sunrice",
    "name": "Gluten Free Rice & Quinoa Microwave Cups 2 Pack",
    "imageUrl": "https://shop.coles.com.au/wcsstore/Coles-CAS/images/2/0/1/2017795-th.jpg",
    "categories": ["pantry"],
    "tags": ["pasta-rice-grains", "rice"],
    "locations": {
      "vic": {
        "price": 2.8,
        "promoText": " ",
        "packageSize": "250g",
        "packagePrice": "$1.12 per 100G"
      }
    }
  },
  {
    "id": "uncle-bens-express-rice-savoury-chicken",
    "brand": "Uncle Ben's",
    "name": "Microwave Savoury Chicken Flavour Rice Pouch",
    "imageUrl": "https://shop.coles.com.au/wcsstore/Coles-CAS/images/5/8/6/5860185-th.jpg",
    "categories": ["pantry"],
    "tags": ["pasta-rice-grains", "rice"],
    "locations": {
      "vic": {
        "price": 3.25,
        "promoText": " ",
        "packageSize": "250g",
        "packagePrice": "$1.30 per 100G"
      }
    }
  },
  {
    "id": "coles-australian-brown-rice",
    "brand": "Coles",
    "name": "Long Grain Brown Rice",
    "imageUrl": "https://shop.coles.com.au/wcsstore/Coles-CAS/images/1/0/7/1075107-th.jpg",
    "categories": ["pantry"],
    "tags": ["pasta-rice-grains", "rice"],
    "locations": {
      "vic": {
        "price": 2.5,
        "promoText": " ",
        "packageSize": "1kg",
        "packagePrice": "$0.25 per 100G"
      }
    }
  },
  {
    "id": "sunrice-medium-grain-rice-white-calrose-122460p",
    "brand": "Sunrice",
    "name": "Medium Grain White Rice",
    "imageUrl": "https://shop.coles.com.au/wcsstore/Coles-CAS/images/1/2/2/122460-th.jpg",
    "categories": ["pantry"],
    "tags": ["pasta-rice-grains", "rice"],
    "locations": {
      "vic": {
        "price": 3.2,
        "promoText": " ",
        "packageSize": "1kg",
        "packagePrice": "$0.32 per 100G"
      }
    }
  },
  {
    "id": "sunrice-japanese-style-sushi-rice",
    "brand": "Sunrice",
    "name": "Japanese Style Sushi Rice",
    "imageUrl": "https://shop.coles.com.au/wcsstore/Coles-CAS/images/9/5/0/9506483-th.jpg",
    "categories": ["pantry"],
    "tags": ["pasta-rice-grains", "rice"],
    "locations": {
      "vic": {
        "price": 3.5,
        "promoText": " ",
        "packageSize": "750g",
        "packagePrice": "$0.47 per 100G"
      }
    }
  },
  {
    "id": "sunrice-rice-low-gi-white-1564395p",
    "brand": "Sunrice",
    "name": "Low Gi White Clever Rice",
    "imageUrl": "https://shop.coles.com.au/wcsstore/Coles-CAS/images/1/5/6/1564395-th.jpg",
    "categories": ["pantry"],
    "tags": ["pasta-rice-grains", "rice"],
    "locations": {
      "vic": {
        "price": 3.5,
        "promoText": " ",
        "packageSize": "750g",
        "packagePrice": "$0.47 per 100G"
      }
    }
  },
  {
    "id": "erawan-rice-sticks-pad-thai",
    "brand": "Erawan",
    "name": "Rice Sticks Pad Thai Noodles",
    "imageUrl": "https://shop.coles.com.au/wcsstore/Coles-CAS/images/6/0/7/6073018-th.jpg",
    "categories": ["pantry"],
    "tags": ["pasta-rice-grains", "rice"],
    "locations": {
      "vic": {
        "price": 1.15,
        "promoText": "$0.35 ",
        "packageSize": "200g",
        "packagePrice": "$0.58 per 100G"
      }
    }
  },
  {
    "id": "kokuho-rice-sushi-rose",
    "brand": "Kokuho Rose",
    "name": "Premium Sushi Rice",
    "imageUrl": "https://shop.coles.com.au/wcsstore/Coles-CAS/images/9/6/8/9688201-th.jpg",
    "categories": ["pantry"],
    "tags": ["pasta-rice-grains", "rice"],
    "locations": {
      "vic": {
        "price": 4.9,
        "promoText": " ",
        "packageSize": "1kg",
        "packagePrice": "$0.49 per 100G"
      }
    }
  },
  {
    "id": "sunrice-cups-rice-long-grain-white-2-pack",
    "brand": "Sunrice",
    "name": "Long Grain White Rice Cup 2 pack",
    "imageUrl": "https://shop.coles.com.au/wcsstore/Coles-CAS/images/7/7/7/7779816-th.jpg",
    "categories": ["pantry"],
    "tags": ["pasta-rice-grains", "rice"],
    "locations": {
      "vic": {
        "price": 2.5,
        "promoText": " ",
        "packageSize": "250g",
        "packagePrice": "$1.00 per 100G"
      }
    }
  },
  {
    "id": "sunrice-thai-hom-mali-jasmine-white-rice",
    "brand": "Sunrice",
    "name": "Jasmine Fragrant Rice",
    "imageUrl": "https://shop.coles.com.au/wcsstore/Coles-CAS/images/4/3/6/4363786-th.jpg",
    "categories": ["pantry"],
    "tags": ["pasta-rice-grains", "rice"],
    "locations": {
      "vic": {
        "price": 20,
        "promoText": " ",
        "packageSize": "5kg",
        "packagePrice": "$0.40 per 100G"
      }
    }
  },
  {
    "id": "sunrice-medium-grain-rice-white-calrose",
    "brand": "Sunrice",
    "name": "Medium Grain White Calrose Rice",
    "imageUrl": "https://shop.coles.com.au/wcsstore/Coles-CAS/images/3/4/3/343470-th.jpg",
    "categories": ["pantry"],
    "tags": ["pasta-rice-grains", "rice"],
    "locations": {
      "vic": {
        "price": 5,
        "promoText": " ",
        "packageSize": "2kg",
        "packagePrice": "$0.25 per 100G"
      }
    }
  },
  {
    "id": "sunrice-long-grain-rice-premium-white",
    "brand": "Sunrice",
    "name": "Long Grain Premium White Rice",
    "imageUrl": "https://shop.coles.com.au/wcsstore/Coles-CAS/images/2/9/6/296960-th.jpg",
    "categories": ["pantry"],
    "tags": ["pasta-rice-grains", "rice"],
    "locations": {
      "vic": {
        "price": 3.9,
        "promoText": " ",
        "packageSize": "2kg",
        "packagePrice": "$0.20 per 100G"
      }
    }
  },
  {
    "id": "sunrice-rice-medium-grain-white-206560p",
    "brand": "Sunrice",
    "name": "Medium Grain White Rice",
    "imageUrl": "https://shop.coles.com.au/wcsstore/Coles-CAS/images/2/0/6/206560-th.jpg",
    "categories": ["pantry"],
    "tags": ["pasta-rice-grains", "rice"],
    "locations": {
      "vic": {
        "price": 16,
        "promoText": " ",
        "packageSize": "5kg",
        "packagePrice": "$0.32 per 100G"
      }
    }
  },
  {
    "id": "coles-brand-rice-basmati-microwave",
    "brand": "Coles",
    "name": "Basmati Microwave Rice",
    "imageUrl": "https://shop.coles.com.au/wcsstore/Coles-CAS/images/8/4/7/8471340-th.jpg",
    "categories": ["pantry"],
    "tags": ["pasta-rice-grains", "rice"],
    "locations": {
      "vic": {
        "price": 1.5,
        "promoText": " ",
        "packageSize": "250g",
        "packagePrice": "$0.60 per 100G"
      }
    }
  },
  {
    "id": "coles-brand-rice-jasmine-microwave",
    "brand": "Coles",
    "name": "Jasmine Microwave Rice",
    "imageUrl": "https://shop.coles.com.au/wcsstore/Coles-CAS/images/8/4/7/8471383-th.jpg",
    "categories": ["pantry"],
    "tags": ["pasta-rice-grains", "rice"],
    "locations": {
      "vic": {
        "price": 1.5,
        "promoText": " ",
        "packageSize": "250g",
        "packagePrice": "$0.60 per 100G"
      }
    }
  },
  {
    "id": "sunrice-microwaveable-family-brown-rice",
    "brand": "Sunrice",
    "name": "Family Size Microwavable Brown Rice",
    "imageUrl": "https://shop.coles.com.au/wcsstore/Coles-CAS/images/6/5/4/6545773-th.jpg",
    "categories": ["pantry"],
    "tags": ["pasta-rice-grains", "rice"],
    "locations": {
      "vic": {
        "price": 3.5,
        "promoText": "Was $3.99 on Oct 2018 ",
        "packageSize": "450g",
        "packagePrice": "$0.78 per 100G"
      }
    }
  },
  {
    "id": "sunrice-microwaveable-family-white-rice",
    "brand": "Sunrice",
    "name": "Family Size Microwavable White Rice",
    "imageUrl": "https://shop.coles.com.au/wcsstore/Coles-CAS/images/6/5/4/6545784-th.jpg",
    "categories": ["pantry"],
    "tags": ["pasta-rice-grains", "rice"],
    "locations": {
      "vic": {
        "price": 3.5,
        "promoText": "Was $3.99 on Oct 2018 ",
        "packageSize": "450g",
        "packagePrice": "$0.78 per 100G"
      }
    }
  },
  {
    "id": "uncle-bens-rice-medley",
    "brand": "Uncle Ben's",
    "name": "Microwave Brown Red Wild Rice Medley",
    "imageUrl": "https://shop.coles.com.au/wcsstore/Coles-CAS/images/2/2/3/2236303-th.jpg",
    "categories": ["pantry"],
    "tags": ["pasta-rice-grains", "rice"],
    "locations": {
      "vic": {
        "price": 2.7,
        "promoText": "Any 2 $5",
        "packageSize": "250g",
        "packagePrice": "$1.08 per 100G"
      }
    }
  },
  {
    "id": "uncle-bens-express-rice-basmati-coconut",
    "brand": "Uncle Ben's",
    "name": "Microwave Coconut Rice",
    "imageUrl": "https://shop.coles.com.au/wcsstore/Coles-CAS/images/3/2/3/3230958-th.jpg",
    "categories": ["pantry"],
    "tags": ["pasta-rice-grains", "rice"],
    "locations": {
      "vic": {
        "price": 3.25,
        "promoText": " ",
        "packageSize": "250g",
        "packagePrice": "$1.30 per 100G"
      }
    }
  },
  {
    "id": "coles-7-grains-microwave-rice",
    "brand": "Coles",
    "name": "Microwave 7 Grains  Rice",
    "imageUrl": "https://shop.coles.com.au/wcsstore/Coles-CAS/images/1/9/5/1953819-th.jpg",
    "categories": ["pantry"],
    "tags": ["pasta-rice-grains", "rice"],
    "locations": {
      "vic": {
        "price": 2,
        "promoText": " ",
        "packageSize": "250g",
        "packagePrice": "$0.80 per 100G"
      }
    }
  },
  {
    "id": "coles-microwave-rice-brown-5-pack",
    "brand": "Coles",
    "name": "5 Brown Rice Pouches",
    "imageUrl": "https://shop.coles.com.au/wcsstore/Coles-CAS/images/3/2/3/3231098-th.jpg",
    "categories": ["pantry"],
    "tags": ["pasta-rice-grains", "rice"],
    "locations": {
      "vic": {
        "price": 4,
        "promoText": " ",
        "packageSize": "625g",
        "packagePrice": "$0.64 per 100G"
      }
    }
  },
  {
    "id": "erawan-rice-sticks-red-large",
    "brand": "Erawan",
    "name": "Rice Sticks Red Large Noodles",
    "imageUrl": "https://shop.coles.com.au/wcsstore/Coles-CAS/images/5/2/5/5252340-th.jpg",
    "categories": ["pantry"],
    "tags": ["pasta-rice-grains", "rice"],
    "locations": {
      "vic": {
        "price": 2.1,
        "promoText": " ",
        "packageSize": "375g",
        "packagePrice": "$0.56 per 100G"
      }
    }
  },
  {
    "id": "sunrice-rice-cup-basmati-2-pack",
    "brand": "Sunrice",
    "name": "Basmati Rice Cup 2 pack",
    "imageUrl": "https://shop.coles.com.au/wcsstore/Coles-CAS/images/8/4/7/8479884-th.jpg",
    "categories": ["pantry"],
    "tags": ["pasta-rice-grains", "rice"],
    "locations": {
      "vic": {
        "price": 2.5,
        "promoText": " ",
        "packageSize": "240g",
        "packagePrice": "$1.04 per 100G"
      }
    }
  },
  {
    "id": "sunrice-microwaveable-jasmine-rice",
    "brand": "Sunrice",
    "name": "Jasmine Microwavable Rice",
    "imageUrl": "https://shop.coles.com.au/wcsstore/Coles-CAS/images/4/8/5/4854380-th.jpg",
    "categories": ["pantry"],
    "tags": ["pasta-rice-grains", "rice"],
    "locations": {
      "vic": {
        "price": 2.5,
        "promoText": "Was $2.99 on Oct 2018 ",
        "packageSize": "250g",
        "packagePrice": "$1.00 per 100G"
      }
    }
  },
  {
    "id": "sunrice-medium-grain-brown-rice",
    "brand": "Sunrice",
    "name": "Medium Grain Brown Rice",
    "imageUrl": "https://shop.coles.com.au/wcsstore/Coles-CAS/images/1/7/5/1751530-th.jpg",
    "categories": ["pantry"],
    "tags": ["pasta-rice-grains", "rice"],
    "locations": {
      "vic": {
        "price": 16,
        "promoText": " ",
        "packageSize": "5kg",
        "packagePrice": "$3.20 per 1KG"
      }
    }
  },
  {
    "id": "uncle-bens-express-rice-coconut-chi-lgrs",
    "brand": "Uncle Ben's",
    "name": "Microwave Coconut Chilli Lemongrass Rice",
    "imageUrl": "https://shop.coles.com.au/wcsstore/Coles-CAS/images/3/2/3/3230947-th.jpg",
    "categories": ["pantry"],
    "tags": ["pasta-rice-grains", "rice"],
    "locations": {
      "vic": {
        "price": 3.25,
        "promoText": " ",
        "packageSize": "250g",
        "packagePrice": "$1.30 per 100G"
      }
    }
  },
  {
    "id": "dragon-glutinous-rice",
    "brand": "Dragon",
    "name": "Glutinous Rice",
    "imageUrl": "https://shop.coles.com.au/wcsstore/Coles-CAS/images/3/7/3/3736935-th.jpg",
    "categories": ["pantry"],
    "tags": ["pasta-rice-grains", "rice"],
    "locations": {
      "vic": {
        "price": 5,
        "promoText": " ",
        "packageSize": "1kg",
        "packagePrice": "$5.00 per 1Kg"
      }
    }
  },
  {
    "id": "kan-tong-inspirations-noodles-hokkien",
    "brand": "Kan Tong Hokkien",
    "name": "Wok Ready Noodles",
    "imageUrl": "https://shop.coles.com.au/wcsstore/Coles-CAS/images/8/8/7/8870287-th.jpg",
    "categories": ["pantry"],
    "tags": ["pasta-rice-grains", "rice"],
    "locations": {
      "vic": {
        "price": 3,
        "promoText": " ",
        "packageSize": "440g",
        "packagePrice": "$0.68 per 100G"
      }
    }
  },
  {
    "id": "kan-tong-inspirations-noodles-singapore",
    "brand": "Kan Tong Singapore",
    "name": "Wok Ready Noodles",
    "imageUrl": "https://shop.coles.com.au/wcsstore/Coles-CAS/images/9/3/2/9322083-th.jpg",
    "categories": ["pantry"],
    "tags": ["pasta-rice-grains", "rice"],
    "locations": {
      "vic": {
        "price": 3,
        "promoText": " ",
        "packageSize": "400g",
        "packagePrice": "$0.68 per 100G"
      }
    }
  },
  {
    "id": "sunrice-microwaveable-basmati-white-rice",
    "brand": "Sunrice",
    "name": "90 secs Steamed Basmati Rice",
    "imageUrl": "https://shop.coles.com.au/wcsstore/Coles-CAS/images/5/8/7/5874860-th.jpg",
    "categories": ["pantry"],
    "tags": ["pasta-rice-grains", "rice"],
    "locations": {
      "vic": {
        "price": 2.5,
        "promoText": "Was $2.99 on Oct 2018 ",
        "packageSize": "250g",
        "packagePrice": "$1.00 per 100G"
      }
    }
  },
  {
    "id": "sunrice-rice-brown-low-gi",
    "brand": "Sunrice",
    "name": "Low GI Brown Rice",
    "imageUrl": "https://shop.coles.com.au/wcsstore/Coles-CAS/images/9/9/4/9946362-th.jpg",
    "categories": ["pantry"],
    "tags": ["pasta-rice-grains", "rice"],
    "locations": {
      "vic": {
        "price": 3.5,
        "promoText": " ",
        "packageSize": "750g",
        "packagePrice": "$0.47 per 100G"
      }
    }
  },
  {
    "id": "sunrice-pouch-brown-rice-red-rice",
    "brand": "Sunrice",
    "name": "Brown Rice & Red Rice infused with Chilli & Garlic",
    "imageUrl": "https://shop.coles.com.au/wcsstore/Coles-CAS/images/3/5/3/3537236-th.jpg",
    "categories": ["pantry"],
    "tags": ["pasta-rice-grains", "rice"],
    "locations": {
      "vic": {
        "price": 3,
        "promoText": "Was $3.80 on Dec 2019 ",
        "packageSize": "250g",
        "packagePrice": "$1.20 per 100G"
      }
    }
  },
  {
    "id": "tilda-coconut-basmati-steamed-rice",
    "brand": "Tilda",
    "name": "Coconut Steamed Basmati Rice",
    "imageUrl": "https://shop.coles.com.au/wcsstore/Coles-CAS/images/1/4/4/1440337-th.jpg",
    "categories": ["pantry"],
    "tags": ["pasta-rice-grains", "rice"],
    "locations": {
      "vic": {
        "price": 3.4,
        "promoText": "Any 2 $6",
        "packageSize": "250g",
        "packagePrice": "$1.36 per 100G"
      }
    }
  },
  {
    "id": "wai-wai-noodles-rice-vermicelli-large",
    "brand": "Wai Wai Rice",
    "name": "Vermicelli Large",
    "imageUrl": "https://shop.coles.com.au/wcsstore/Coles-CAS/images/7/2/3/7230224-th.jpg",
    "categories": ["pantry"],
    "tags": ["pasta-rice-grains", "rice"],
    "locations": {
      "vic": {
        "price": 2.35,
        "promoText": "$0.40 ",
        "packageSize": "500g",
        "packagePrice": "$0.47 per 100G"
      }
    }
  },
  {
    "id": "coles-medium-grain-rice",
    "brand": "Coles",
    "name": "White Medium Grain Rice",
    "imageUrl": "https://shop.coles.com.au/wcsstore/Coles-CAS/images/2/6/0/2603437-th.jpg",
    "categories": ["pantry"],
    "tags": ["pasta-rice-grains", "rice"],
    "locations": {
      "vic": {
        "price": 3,
        "promoText": " ",
        "packageSize": "1kg",
        "packagePrice": "$0.30 per 100G"
      }
    }
  },
  {
    "id": "coles-microwave-rice-basmati-cup",
    "brand": "Coles",
    "name": "2 Basmati Rice Cup",
    "imageUrl": "https://shop.coles.com.au/wcsstore/Coles-CAS/images/3/2/3/3234664-th.jpg",
    "categories": ["pantry"],
    "tags": ["pasta-rice-grains", "rice"],
    "locations": {
      "vic": {
        "price": 2,
        "promoText": " ",
        "packageSize": "250g",
        "packagePrice": "$0.80 per 100G"
      }
    }
  },
  {
    "id": "coles-rice-basmati-brown",
    "brand": "Coles",
    "name": "Brown Basmati Rice",
    "imageUrl": "https://shop.coles.com.au/wcsstore/Coles-CAS/images/3/2/8/3283943-th.jpg",
    "categories": ["pantry"],
    "tags": ["pasta-rice-grains", "rice"],
    "locations": {
      "vic": {
        "price": 3.3,
        "promoText": " ",
        "packageSize": "1kg",
        "packagePrice": "$3.30 per 1Kg"
      }
    }
  },
  {
    "id": "kan-tong-inspirations-noodles-rice",
    "brand": "Kan Tong Thin",
    "name": "Rice Wok Ready Noodles",
    "imageUrl": "https://shop.coles.com.au/wcsstore/Coles-CAS/images/7/8/9/7895431-th.jpg",
    "categories": ["pantry"],
    "tags": ["pasta-rice-grains", "rice"],
    "locations": {
      "vic": {
        "price": 3,
        "promoText": " ",
        "packageSize": "440g",
        "packagePrice": "$0.68 per 100G"
      }
    }
  },
  {
    "id": "riviana-brown-basmati-rice",
    "brand": "Riviana",
    "name": "Brown Basmati Rice",
    "imageUrl": "https://shop.coles.com.au/wcsstore/Coles-CAS/images/2/0/1/2018222-th.jpg",
    "categories": ["pantry"],
    "tags": ["pasta-rice-grains", "rice"],
    "locations": {
      "vic": {
        "price": 4.5,
        "promoText": " ",
        "packageSize": "1kg",
        "packagePrice": "$0.45 per 100G"
      }
    }
  },
  {
    "id": "seeds-of-change-brown-rice-pouch-mediterranean",
    "brand": "Seeds Of Change",
    "name": "Mediterranean Brown Rice With Sun-Dried Tomato & Basil Pouch",
    "imageUrl": "https://shop.coles.com.au/wcsstore/Coles-CAS/images/3/4/7/3476743-th.jpg",
    "categories": ["pantry"],
    "tags": ["pasta-rice-grains", "rice"],
    "locations": {
      "vic": {
        "price": 3.5,
        "promoText": "Any 2 $6",
        "packageSize": "240g",
        "packagePrice": "$1.46 per 100G"
      }
    }
  },
  {
    "id": "seeds-of-change-brown-rice-pouch-quinoa-garlic",
    "brand": "Seeds Of Change",
    "name": "Brown Rice & Quinoa With Garlic Pouch",
    "imageUrl": "https://shop.coles.com.au/wcsstore/Coles-CAS/images/3/4/7/3476732-th.jpg",
    "categories": ["pantry"],
    "tags": ["pasta-rice-grains", "rice"],
    "locations": {
      "vic": {
        "price": 3.5,
        "promoText": "Any 2 $6",
        "packageSize": "240g",
        "packagePrice": "$1.46 per 100G"
      }
    }
  },
  {
    "id": "sunrice-thai-hom-mali-jasmine-rice",
    "brand": "Sunrice",
    "name": "Jasmine Rice",
    "imageUrl": "https://shop.coles.com.au/wcsstore/Coles-CAS/images/7/4/2/7423217-th.jpg",
    "categories": ["pantry"],
    "tags": ["pasta-rice-grains", "rice"],
    "locations": {
      "vic": {
        "price": 6.3,
        "promoText": " ",
        "packageSize": "2kg",
        "packagePrice": "$0.32 per 100G"
      }
    }
  },
  {
    "id": "sunrice-microwaveable-family-basmati-rice",
    "brand": "Sunrice",
    "name": "Indian Aromatic Basmati Family Pack Microwavable Rice",
    "imageUrl": "https://shop.coles.com.au/wcsstore/Coles-CAS/images/6/5/4/6545762-th.jpg",
    "categories": ["pantry"],
    "tags": ["pasta-rice-grains", "rice"],
    "locations": {
      "vic": {
        "price": 3.5,
        "promoText": "Was $3.99 on Oct 2018 ",
        "packageSize": "450g",
        "packagePrice": "$0.78 per 100G"
      }
    }
  },
  {
    "id": "sunrice-rice-quinoa-1382616p",
    "brand": "Sunrice",
    "name": "Rice & Quinoa",
    "imageUrl": "https://shop.coles.com.au/wcsstore/Coles-CAS/images/1/3/8/1382616-th.jpg",
    "categories": ["pantry"],
    "tags": ["pasta-rice-grains", "rice"],
    "locations": {
      "vic": {
        "price": 3.5,
        "promoText": " ",
        "packageSize": "750g",
        "packagePrice": "$0.47 per 100G"
      }
    }
  },
  {
    "id": "tilda-steamed-rice-coconut-chilli-lemongrass",
    "brand": "Tilda",
    "name": "Steamed Coconut Chilli & Lemongrass Rice",
    "imageUrl": "https://shop.coles.com.au/wcsstore/Coles-CAS/images/5/9/0/5903255-th.jpg",
    "categories": ["pantry"],
    "tags": ["pasta-rice-grains", "rice"],
    "locations": {
      "vic": {
        "price": 3.4,
        "promoText": "Any 2 $6",
        "packageSize": "250g",
        "packagePrice": "$1.36 per 100G"
      }
    }
  },
  {
    "id": "kan-tong-inspirations-noodles-udon",
    "brand": "Kan Tong Udon Wok",
    "name": "Ready Noodles",
    "imageUrl": "https://shop.coles.com.au/wcsstore/Coles-CAS/images/8/8/7/8870334-th.jpg",
    "categories": ["pantry"],
    "tags": ["pasta-rice-grains", "rice"],
    "locations": {
      "vic": {
        "price": 3,
        "promoText": " ",
        "packageSize": "440g",
        "packagePrice": "$0.68 per 100G"
      }
    }
  },
  {
    "id": "seeds-of-change-brown-rice-pouch-pilau",
    "brand": "Seeds Of Change",
    "name": "Brown Rice Pilau With Turmeric Pouch",
    "imageUrl": "https://shop.coles.com.au/wcsstore/Coles-CAS/images/3/4/7/3476710-th.jpg",
    "categories": ["pantry"],
    "tags": ["pasta-rice-grains", "rice"],
    "locations": {
      "vic": {
        "price": 3.5,
        "promoText": "Any 2 $6",
        "packageSize": "240g",
        "packagePrice": "$1.46 per 100G"
      }
    }
  },
  {
    "id": "sunrice-basmati-aromatic-rice",
    "brand": "Sunrice",
    "name": "Aromatic Basmati Rice",
    "imageUrl": "https://shop.coles.com.au/wcsstore/Coles-CAS/images/4/5/1/4518124-th.jpg",
    "categories": ["pantry"],
    "tags": ["pasta-rice-grains", "rice"],
    "locations": {
      "vic": {
        "price": 4.6,
        "promoText": " ",
        "packageSize": "1kg",
        "packagePrice": "$0.46 per 100G"
      }
    }
  },
  {
    "id": "sunrice-rice-black",
    "brand": "Sunrice",
    "name": "Black Rice",
    "imageUrl": "https://shop.coles.com.au/wcsstore/Coles-CAS/images/9/9/4/9946351-th.jpg",
    "categories": ["pantry"],
    "tags": ["pasta-rice-grains", "rice"],
    "locations": {
      "vic": {
        "price": 5,
        "promoText": " ",
        "packageSize": "500g",
        "packagePrice": "$1.00 per 100G"
      }
    }
  },
  {
    "id": "sunrice-cup-2-pack-rice-supergrain-active-blend",
    "brand": "Sunrice",
    "name": "Gluten Free Supergrains Active Blend Cups 2 pack",
    "imageUrl": "https://shop.coles.com.au/wcsstore/Coles-CAS/images/3/2/3/3230845-th.jpg",
    "categories": ["pantry"],
    "tags": ["pasta-rice-grains", "rice"],
    "locations": {
      "vic": {
        "price": 3,
        "promoText": "Was $3.80 on Dec 2019 ",
        "packageSize": "250g",
        "packagePrice": "$1.20 per 100G"
      }
    }
  },
  {
    "id": "sunrice-pouch-brown-rice-buckwheat",
    "brand": "Sunrice",
    "name": "Chicken Flavour Buckwheat & Brown Rice",
    "imageUrl": "https://shop.coles.com.au/wcsstore/Coles-CAS/images/3/5/3/3537203-th.jpg",
    "categories": ["pantry"],
    "tags": ["pasta-rice-grains", "rice"],
    "locations": {
      "vic": {
        "price": 3,
        "promoText": "Was $3.80 on Dec 2019 ",
        "packageSize": "250g",
        "packagePrice": "$1.20 per 100G"
      }
    }
  },
  {
    "id": "uncle-bens-express-rice-tomato-basil",
    "brand": "Uncle Ben's",
    "name": "Microwave Tomato Basil Rice",
    "imageUrl": "https://shop.coles.com.au/wcsstore/Coles-CAS/images/5/8/6/5860221-th.jpg",
    "categories": ["pantry"],
    "tags": ["pasta-rice-grains", "rice"],
    "locations": {
      "vic": {
        "price": 3.25,
        "promoText": " ",
        "packageSize": "250g",
        "packagePrice": "$1.30 per 100G"
      }
    }
  },
  {
    "id": "uncle-bens-cup-2-pack-rice-brown",
    "brand": "Uncle Ben's",
    "name": "Brown Rice Cup 2 Pack",
    "imageUrl": "https://shop.coles.com.au/wcsstore/Coles-CAS/images/3/2/3/3231043-th.jpg",
    "categories": ["pantry"],
    "tags": ["pasta-rice-grains", "rice"],
    "locations": {
      "vic": {
        "price": 2.7,
        "promoText": " ",
        "packageSize": "250g",
        "packagePrice": "$1.08 per 100G"
      }
    }
  },
  {
    "id": "uncle-bens-cup-2-pack-rice-mexican-bean",
    "brand": "Uncle Ben's",
    "name": "Mexican Rice & Bean Cup 2 Pack",
    "imageUrl": "https://shop.coles.com.au/wcsstore/Coles-CAS/images/3/2/3/3230991-th.jpg",
    "categories": ["pantry"],
    "tags": ["pasta-rice-grains", "rice"],
    "locations": {
      "vic": {
        "price": 3.25,
        "promoText": " ",
        "packageSize": "250g",
        "packagePrice": "$1.30 per 100G"
      }
    }
  },
  {
    "id": "uncle-bens-cup-2-pack-special-fried-rice",
    "brand": "Uncle Ben's",
    "name": "Special Fried Rice 2 pack",
    "imageUrl": "https://shop.coles.com.au/wcsstore/Coles-CAS/images/3/5/3/3537065-th.jpg",
    "categories": ["pantry"],
    "tags": ["pasta-rice-grains", "rice"],
    "locations": {
      "vic": {
        "price": 3.25,
        "promoText": " ",
        "packageSize": "250g",
        "packagePrice": "$1.30 per 100G"
      }
    }
  },
  {
    "id": "coles-brand-rice-long-grain-white-microwave",
    "brand": "Coles",
    "name": "Long Grain White Microwave Rice",
    "imageUrl": "https://shop.coles.com.au/wcsstore/Coles-CAS/images/8/4/7/8471339-th.jpg",
    "categories": ["pantry"],
    "tags": ["pasta-rice-grains", "rice"],
    "locations": {
      "vic": {
        "price": 1.5,
        "promoText": " ",
        "packageSize": "250g",
        "packagePrice": "$0.60 per 100G"
      }
    }
  },
  {
    "id": "maharajahs-choice-rice-basmati-calico",
    "brand": "Maharajah's Choice",
    "name": "Calico Basmati Rice",
    "imageUrl": "https://shop.coles.com.au/wcsstore/Coles-CAS/images/7/2/1/7210045-th.jpg",
    "categories": ["pantry"],
    "tags": ["pasta-rice-grains", "rice"],
    "locations": {
      "vic": {
        "price": 19,
        "promoText": " ",
        "packageSize": "5kg",
        "packagePrice": "$0.38 per 100G"
      }
    }
  },
  {
    "id": "riviana-rice-arborio-medium-grain",
    "brand": "Riviana",
    "name": "Arborio Medium Grain Risotto Rice",
    "imageUrl": "https://shop.coles.com.au/wcsstore/Coles-CAS/images/5/9/8/5988586-th.jpg",
    "categories": ["pantry"],
    "tags": ["pasta-rice-grains", "rice"],
    "locations": {
      "vic": {
        "price": 3.8,
        "promoText": " ",
        "packageSize": "1kg",
        "packagePrice": "$0.38 per 100G"
      }
    }
  },
  {
    "id": "seeds-of-change-brown-red-rice-pouch-quinoa-linseed",
    "brand": "Seeds Of Change",
    "name": "Brown & Red Rice With Quinoa & Linseed Pouch",
    "imageUrl": "https://shop.coles.com.au/wcsstore/Coles-CAS/images/3/4/7/3476721-th.jpg",
    "categories": ["pantry"],
    "tags": ["pasta-rice-grains", "rice"],
    "locations": {
      "vic": {
        "price": 3.5,
        "promoText": "Any 2 $6",
        "packageSize": "240g",
        "packagePrice": "$1.46 per 100G"
      }
    }
  },
  {
    "id": "sunrice-cup-2-pack-rice-supergrain-super-duo",
    "brand": "Sunrice",
    "name": "Gluten Free Super Duo Brown & Riceberry Steamed Rice",
    "imageUrl": "https://shop.coles.com.au/wcsstore/Coles-CAS/images/3/2/3/3230856-th.jpg",
    "categories": ["pantry"],
    "tags": ["pasta-rice-grains", "rice"],
    "locations": {
      "vic": {
        "price": 3,
        "promoText": "Was $3.80 on Dec 2019 ",
        "packageSize": "250g",
        "packagePrice": "$1.20 per 100G"
      }
    }
  },
  {
    "id": "sunrice-cup-2-pack-rice-supergrain-multigrain",
    "brand": "Sunrice",
    "name": "Gluten Free Super Grains Multigrain Blend Cups 2 Pack",
    "imageUrl": "https://shop.coles.com.au/wcsstore/Coles-CAS/images/3/2/3/3230823-th.jpg",
    "categories": ["pantry"],
    "tags": ["pasta-rice-grains", "rice"],
    "locations": {
      "vic": {
        "price": 3,
        "promoText": "Was $3.80 on Dec 2019 ",
        "packageSize": "250g",
        "packagePrice": "$1.20 per 100G"
      }
    }
  },
  {
    "id": "sunrice-cup-2-pack-rice-supergrain-tri-blend",
    "brand": "Sunrice",
    "name": "Gluten Free Tri-Blend Supergrain Steamed Rice 2 Cups",
    "imageUrl": "https://shop.coles.com.au/wcsstore/Coles-CAS/images/3/2/3/3230834-th.jpg",
    "categories": ["pantry"],
    "tags": ["pasta-rice-grains", "rice"],
    "locations": {
      "vic": {
        "price": 3,
        "promoText": "Was $3.80 on Dec 2019 ",
        "packageSize": "250g",
        "packagePrice": "$1.20 per 100G"
      }
    }
  },
  {
    "id": "sunrice-pouch-brown-rice-and-quinoa",
    "brand": "Sunrice",
    "name": "Brown Rice & Quinoa Infused with Lemongrass Chilli & Garlic",
    "imageUrl": "https://shop.coles.com.au/wcsstore/Coles-CAS/images/3/5/3/3537190-th.jpg",
    "categories": ["pantry"],
    "tags": ["pasta-rice-grains", "rice"],
    "locations": {
      "vic": {
        "price": 3,
        "promoText": "Was $3.80 on Dec 2019 ",
        "packageSize": "250g",
        "packagePrice": "$1.20 per 100G"
      }
    }
  },
  {
    "id": "uncle-bens-rice-long-grain-white-par-boiled",
    "brand": "Uncle Ben's",
    "name": "Par Boiled Long Grain White Rice",
    "imageUrl": "https://shop.coles.com.au/wcsstore/Coles-CAS/images/1/6/0/160787-th.jpg",
    "categories": ["pantry"],
    "tags": ["pasta-rice-grains", "rice"],
    "locations": {
      "vic": {
        "price": 2,
        "promoText": "Was $2.73 on Mar 2016 ",
        "packageSize": "500g",
        "packagePrice": "$0.40 per 100G"
      }
    }
  },
  {
    "id": "uncle-bens-cup-2-pack-rice-vegetable-medley",
    "brand": "Uncle Ben's",
    "name": "Vegetable Medley Rice Cup 2 Pack",
    "imageUrl": "https://shop.coles.com.au/wcsstore/Coles-CAS/images/3/2/3/3231000-th.jpg",
    "categories": ["pantry"],
    "tags": ["pasta-rice-grains", "rice"],
    "locations": {
      "vic": {
        "price": 3.25,
        "promoText": " ",
        "packageSize": "250g",
        "packagePrice": "$1.30 per 100G"
      }
    }
  },
  {
    "id": "uncle-bens-cup-2pack-coconut-lemongrass",
    "brand": "Uncle Ben's",
    "name": "Coconut Chilli & Lemongrass Rice Cup 2 Pack",
    "imageUrl": "https://shop.coles.com.au/wcsstore/Coles-CAS/images/3/5/7/3576293-th.jpg",
    "categories": ["pantry"],
    "tags": ["pasta-rice-grains", "rice"],
    "locations": {
      "vic": {
        "price": 3.25,
        "promoText": " ",
        "packageSize": "250g",
        "packagePrice": "$1.30 per 100G"
      }
    }
  },
  {
    "id": "uncle-bens-express-rice-golden-vegetable",
    "brand": "Uncle Ben's",
    "name": "Microwave Golden Vegetable Rice Pouch",
    "imageUrl": "https://shop.coles.com.au/wcsstore/Coles-CAS/images/6/5/4/6545977-th.jpg",
    "categories": ["pantry"],
    "tags": ["pasta-rice-grains", "rice"],
    "locations": {
      "vic": {
        "price": 3.25,
        "promoText": " ",
        "packageSize": "250g",
        "packagePrice": "$1.30 per 100G"
      }
    }
  },
  {
    "id": "coles-chickpeas",
    "brand": "Coles",
    "name": "Chickpeas",
    "imageUrl": "https://shop.coles.com.au/wcsstore/Coles-CAS/images/8/0/7/8075852-th.jpg",
    "categories": ["pantry"],
    "tags": ["pasta-rice-grains", "beans-legumes"],
    "locations": {
      "vic": {
        "price": 0.8,
        "promoText": " ",
        "packageSize": "400g",
        "packagePrice": ""
      }
    }
  },
  {
    "id": "coles-beans-kidney-red",
    "brand": "Coles",
    "name": "Red Kidney Beans",
    "imageUrl": "https://shop.coles.com.au/wcsstore/Coles-CAS/images/8/0/7/8075874-th.jpg",
    "categories": ["pantry"],
    "tags": ["pasta-rice-grains", "beans-legumes"],
    "locations": {
      "vic": {
        "price": 0.8,
        "promoText": " ",
        "packageSize": "400g",
        "packagePrice": ""
      }
    }
  },
  {
    "id": "coles-beans-cannellini",
    "brand": "Coles",
    "name": "Cannellini Beans",
    "imageUrl": "https://shop.coles.com.au/wcsstore/Coles-CAS/images/4/7/7/4774088-th.jpg",
    "categories": ["pantry"],
    "tags": ["pasta-rice-grains", "beans-legumes"],
    "locations": {
      "vic": {
        "price": 0.8,
        "promoText": " ",
        "packageSize": "400g",
        "packagePrice": ""
      }
    }
  },
  {
    "id": "annalisa-beans-black",
    "brand": "Annalisa",
    "name": "Black Beans",
    "imageUrl": "https://shop.coles.com.au/wcsstore/Coles-CAS/images/3/3/0/3309366-th.jpg",
    "categories": ["pantry"],
    "tags": ["pasta-rice-grains", "beans-legumes"],
    "locations": {
      "vic": {
        "price": 1.5,
        "promoText": " ",
        "packageSize": "400g",
        "packagePrice": "$0.38 per 100G"
      }
    }
  },
  {
    "id": "coles-beans-lentils",
    "brand": "Coles",
    "name": "Beans Lentils",
    "imageUrl": "https://shop.coles.com.au/wcsstore/Coles-CAS/images/4/7/7/4774113-th.jpg",
    "categories": ["pantry"],
    "tags": ["pasta-rice-grains", "beans-legumes"],
    "locations": {
      "vic": {
        "price": 0.8,
        "promoText": " ",
        "packageSize": "400g",
        "packagePrice": ""
      }
    }
  },
  {
    "id": "edgell-black-beans",
    "brand": "Edgell",
    "name": "Black Beans",
    "imageUrl": "https://shop.coles.com.au/wcsstore/Coles-CAS/images/2/6/1/2612766-th.jpg",
    "categories": ["pantry"],
    "tags": ["pasta-rice-grains", "beans-legumes"],
    "locations": {
      "vic": {
        "price": 1.5,
        "promoText": "Was $1.95 on May 2018 ",
        "packageSize": "400g",
        "packagePrice": "$3.75 per 1Kg"
      }
    }
  },
  {
    "id": "annalisa-beans-chick-peas",
    "brand": "Annalisa",
    "name": "Chickpeas",
    "imageUrl": "https://shop.coles.com.au/wcsstore/Coles-CAS/images/4/9/1/491467-th.jpg",
    "categories": ["pantry"],
    "tags": ["pasta-rice-grains", "beans-legumes"],
    "locations": {
      "vic": {
        "price": 1.5,
        "promoText": " ",
        "packageSize": "400g",
        "packagePrice": "$3.75 per 1Kg"
      }
    }
  },
  {
    "id": "edgell-chickpeas-9701489p",
    "brand": "Edgell",
    "name": "Chickpeas",
    "imageUrl": "https://shop.coles.com.au/wcsstore/Coles-CAS/images/9/7/0/9701489-th.jpg",
    "categories": ["pantry"],
    "tags": ["pasta-rice-grains", "beans-legumes"],
    "locations": {
      "vic": {
        "price": 1.5,
        "promoText": "Was $1.78 on May 2018 ",
        "packageSize": "400g",
        "packagePrice": "$3.75 per 1Kg"
      }
    }
  },
  {
    "id": "annalisa-beans-cannellini",
    "brand": "Annalisa",
    "name": "Cannellini Beans",
    "imageUrl": "https://shop.coles.com.au/wcsstore/Coles-CAS/images/1/4/1/141352-th.jpg",
    "categories": ["pantry"],
    "tags": ["pasta-rice-grains", "beans-legumes"],
    "locations": {
      "vic": {
        "price": 1.5,
        "promoText": " ",
        "packageSize": "400g",
        "packagePrice": "$3.75 per 1Kg"
      }
    }
  },
  {
    "id": "annalisa-beans-lentils",
    "brand": "Annalisa",
    "name": "Lentils",
    "imageUrl": "https://shop.coles.com.au/wcsstore/Coles-CAS/images/4/9/1/491434-th.jpg",
    "categories": ["pantry"],
    "tags": ["pasta-rice-grains", "beans-legumes"],
    "locations": {
      "vic": {
        "price": 1.5,
        "promoText": " ",
        "packageSize": "400g",
        "packagePrice": "$3.75 per 1Kg"
      }
    }
  },
  {
    "id": "edgell-beans-four-bean-mix",
    "brand": "Edgell",
    "name": "4 Bean Mix",
    "imageUrl": "https://shop.coles.com.au/wcsstore/Coles-CAS/images/1/3/7/137945-th.jpg",
    "categories": ["pantry"],
    "tags": ["pasta-rice-grains", "beans-legumes"],
    "locations": {
      "vic": {
        "price": 1.5,
        "promoText": "Was $1.78 on May 2018 ",
        "packageSize": "400g",
        "packagePrice": "$3.75 per 1Kg"
      }
    }
  },
  {
    "id": "coles-chickpeas-organic",
    "brand": "Coles",
    "name": "Organic Chickpeas",
    "imageUrl": "https://shop.coles.com.au/wcsstore/Coles-CAS/images/9/7/7/9776251-th.jpg",
    "categories": ["pantry"],
    "tags": ["pasta-rice-grains", "beans-legumes"],
    "locations": {
      "vic": {
        "price": 1.3,
        "promoText": " ",
        "packageSize": "400g",
        "packagePrice": "$0.33 per 100G"
      }
    }
  },
  {
    "id": "annalisa-beans-kidney-red",
    "brand": "Annalisa",
    "name": "Red Kidney Beans",
    "imageUrl": "https://shop.coles.com.au/wcsstore/Coles-CAS/images/5/8/6/5863343-th.jpg",
    "categories": ["pantry"],
    "tags": ["pasta-rice-grains", "beans-legumes"],
    "locations": {
      "vic": {
        "price": 1.5,
        "promoText": " ",
        "packageSize": "400g",
        "packagePrice": "$3.75 per 1Kg"
      }
    }
  },
  {
    "id": "coles-beans-butter",
    "brand": "Coles",
    "name": "Butter Beans",
    "imageUrl": "https://shop.coles.com.au/wcsstore/Coles-CAS/images/8/7/2/8720150-th.jpg",
    "categories": ["pantry"],
    "tags": ["pasta-rice-grains", "beans-legumes"],
    "locations": {
      "vic": {
        "price": 0.8,
        "promoText": " ",
        "packageSize": "400g",
        "packagePrice": ""
      }
    }
  },
  {
    "id": "coles-beans-4-bean-mix-high-in-fibre",
    "brand": "Coles",
    "name": "Four Bean Mix",
    "imageUrl": "https://shop.coles.com.au/wcsstore/Coles-CAS/images/8/7/2/8720171-th.jpg",
    "categories": ["pantry"],
    "tags": ["pasta-rice-grains", "beans-legumes"],
    "locations": {
      "vic": {
        "price": 0.8,
        "promoText": " ",
        "packageSize": "400g",
        "packagePrice": ""
      }
    }
  },
  {
    "id": "annalisa-beans-borlotti",
    "brand": "Annalisa",
    "name": "Borlotti Beans",
    "imageUrl": "https://shop.coles.com.au/wcsstore/Coles-CAS/images/4/9/1/491478-th.jpg",
    "categories": ["pantry"],
    "tags": ["pasta-rice-grains", "beans-legumes"],
    "locations": {
      "vic": {
        "price": 1.5,
        "promoText": " ",
        "packageSize": "400g",
        "packagePrice": "$3.75 per 1Kg"
      }
    }
  },
  {
    "id": "edgell-beans-four-bean-mix-125g-cans",
    "brand": "Edgell",
    "name": "Four Bean Mix",
    "imageUrl": "https://shop.coles.com.au/wcsstore/Coles-CAS/images/6/6/9/6691072-th.jpg",
    "categories": ["pantry"],
    "tags": ["pasta-rice-grains", "beans-legumes"],
    "locations": {
      "vic": {
        "price": 3,
        "promoText": "Was $4.25 on Aug 2016 ",
        "packageSize": "4 pack",
        "packagePrice": "$6.00 per 1Kg"
      }
    }
  },
  {
    "id": "edgell-beans-red-kidney",
    "brand": "Edgell",
    "name": "Red Kidney Beans",
    "imageUrl": "https://shop.coles.com.au/wcsstore/Coles-CAS/images/5/3/7/5370051-th.jpg",
    "categories": ["pantry"],
    "tags": ["pasta-rice-grains", "beans-legumes"],
    "locations": {
      "vic": {
        "price": 1.5,
        "promoText": "Was $1.78 on May 2018 ",
        "packageSize": "400g",
        "packagePrice": "$3.75 per 1Kg"
      }
    }
  },
  {
    "id": "annalisa-beans-4-bean-mix",
    "brand": "Annalisa",
    "name": "4 Bean Mix",
    "imageUrl": "https://shop.coles.com.au/wcsstore/Coles-CAS/images/3/3/0/3309300-th.jpg",
    "categories": ["pantry"],
    "tags": ["pasta-rice-grains", "beans-legumes"],
    "locations": {
      "vic": {
        "price": 1.5,
        "promoText": " ",
        "packageSize": "400g",
        "packagePrice": "$3.75 per 1Kg"
      }
    }
  },
  {
    "id": "coles-beans-kidney-red-organic",
    "brand": "Coles",
    "name": "Organic Red Kidney Beans",
    "imageUrl": "https://shop.coles.com.au/wcsstore/Coles-CAS/images/9/7/7/9776182-th.jpg",
    "categories": ["pantry"],
    "tags": ["pasta-rice-grains", "beans-legumes"],
    "locations": {
      "vic": {
        "price": 1.3,
        "promoText": " ",
        "packageSize": "400g",
        "packagePrice": "$0.33 per 100G"
      }
    }
  },
  {
    "id": "annalisa-beans-butter",
    "brand": "Annalisa",
    "name": "Butter Beans",
    "imageUrl": "https://shop.coles.com.au/wcsstore/Coles-CAS/images/4/9/1/491489-th.jpg",
    "categories": ["pantry"],
    "tags": ["pasta-rice-grains", "beans-legumes"],
    "locations": {
      "vic": {
        "price": 1.5,
        "promoText": " ",
        "packageSize": "400g",
        "packagePrice": "$3.75 per 1Kg"
      }
    }
  },
  {
    "id": "bio-nature-lentils-organic",
    "brand": "Bio Nature",
    "name": "Organic Lentils",
    "imageUrl": "https://shop.coles.com.au/wcsstore/Coles-CAS/images/8/5/1/8515605-th.jpg",
    "categories": ["pantry"],
    "tags": ["pasta-rice-grains", "beans-legumes"],
    "locations": {
      "vic": {
        "price": 1.6,
        "promoText": "Was $1.79 on Feb 2016 ",
        "packageSize": "400g",
        "packagePrice": "$4.00 per 1Kg"
      }
    }
  },
  {
    "id": "coles-beans-4-bean-mix-organic",
    "brand": "Coles",
    "name": "Organic Four Bean Mix",
    "imageUrl": "https://shop.coles.com.au/wcsstore/Coles-CAS/images/9/7/7/9776230-th.jpg",
    "categories": ["pantry"],
    "tags": ["pasta-rice-grains", "beans-legumes"],
    "locations": {
      "vic": {
        "price": 1.3,
        "promoText": " ",
        "packageSize": "400g",
        "packagePrice": "$0.33 per 100G"
      }
    }
  },
  {
    "id": "coles-beans-butter-organic",
    "brand": "Coles",
    "name": "Organic Butter Beans",
    "imageUrl": "https://shop.coles.com.au/wcsstore/Coles-CAS/images/9/7/7/9776310-th.jpg",
    "categories": ["pantry"],
    "tags": ["pasta-rice-grains", "beans-legumes"],
    "locations": {
      "vic": {
        "price": 1.3,
        "promoText": " ",
        "packageSize": "400g",
        "packagePrice": "$0.33 per 100G"
      }
    }
  },
  {
    "id": "edgell-beans-mix-mexican",
    "brand": "Edgell",
    "name": "Mexican Mix Beans",
    "imageUrl": "https://shop.coles.com.au/wcsstore/Coles-CAS/images/3/1/8/3185718-th.jpg",
    "categories": ["pantry"],
    "tags": ["pasta-rice-grains", "beans-legumes"],
    "locations": {
      "vic": {
        "price": 1.5,
        "promoText": "Was $1.78 on May 2018 ",
        "packageSize": "400g",
        "packagePrice": "$3.75 per 1Kg"
      }
    }
  },
  {
    "id": "edgell-beans-four-bean-mix-no-added-salt",
    "brand": "Edgell",
    "name": "Four Bean Mix No Added Salt",
    "imageUrl": "https://shop.coles.com.au/wcsstore/Coles-CAS/images/6/0/9/6095906-th.jpg",
    "categories": ["pantry"],
    "tags": ["pasta-rice-grains", "beans-legumes"],
    "locations": {
      "vic": {
        "price": 1.5,
        "promoText": "Was $1.78 on May 2018 ",
        "packageSize": "400g",
        "packagePrice": "$3.75 per 1Kg"
      }
    }
  },
  {
    "id": "edgell-snack-cans-chickpea-olive-oil-garlic",
    "brand": "Edgell",
    "name": "Snack Time Chick Peas Olive Oil Garlic & Rosemary",
    "imageUrl": "https://shop.coles.com.au/wcsstore/Coles-CAS/images/3/5/9/3592573-th.jpg",
    "categories": ["pantry"],
    "tags": ["pasta-rice-grains", "beans-legumes"],
    "locations": {
      "vic": {
        "price": 1.3,
        "promoText": " ",
        "packageSize": "70g",
        "packagePrice": "$18.57 per 1Kg"
      }
    }
  },
  {
    "id": "coles-beans-mexican-chilli",
    "brand": "Coles",
    "name": "Mexican Chilli Beans",
    "imageUrl": "https://shop.coles.com.au/wcsstore/Coles-CAS/images/9/5/4/9549431-th.jpg",
    "categories": ["pantry"],
    "tags": ["pasta-rice-grains", "beans-legumes"],
    "locations": {
      "vic": {
        "price": 1.5,
        "promoText": " ",
        "packageSize": "420g",
        "packagePrice": "$3.57 per 1Kg"
      }
    }
  },
  {
    "id": "coles--sliced-green-beans",
    "brand": "Coles",
    "name": "Sliced Green Beans",
    "imageUrl": "https://shop.coles.com.au/wcsstore/Coles-CAS/images/2/1/9/2191453-th.jpg",
    "categories": ["pantry"],
    "tags": ["pasta-rice-grains", "beans-legumes"],
    "locations": {
      "vic": {
        "price": 1.1,
        "promoText": " ",
        "packageSize": "410g",
        "packagePrice": "$2.68 per 1Kg"
      }
    }
  },
  {
    "id": "edgell-chickpeas-125g-cans",
    "brand": "Edgell",
    "name": "Chick Peas",
    "imageUrl": "https://shop.coles.com.au/wcsstore/Coles-CAS/images/6/6/9/6691050-th.jpg",
    "categories": ["pantry"],
    "tags": ["pasta-rice-grains", "beans-legumes"],
    "locations": {
      "vic": {
        "price": 3,
        "promoText": "Was $4.25 on Aug 2016 ",
        "packageSize": "4 pack",
        "packagePrice": "$6.00 per 1Kg"
      }
    }
  },
  {
    "id": "edgell-beans-red-kidney-no-added-salt",
    "brand": "Edgell",
    "name": "Red Kidney Beans No Added Salt",
    "imageUrl": "https://shop.coles.com.au/wcsstore/Coles-CAS/images/6/0/9/6095939-th.jpg",
    "categories": ["pantry"],
    "tags": ["pasta-rice-grains", "beans-legumes"],
    "locations": {
      "vic": {
        "price": 1.5,
        "promoText": "Was $1.78 on May 2018 ",
        "packageSize": "400g",
        "packagePrice": "$3.75 per 1Kg"
      }
    }
  },
  {
    "id": "edgell-pouch-no-drain-red-kidney-bean",
    "brand": "Edgell",
    "name": "Red Kidney Beans Pouch",
    "imageUrl": "https://shop.coles.com.au/wcsstore/Coles-CAS/images/3/5/3/3535387-th.jpg",
    "categories": ["pantry"],
    "tags": ["pasta-rice-grains", "beans-legumes"],
    "locations": {
      "vic": {
        "price": 1.5,
        "promoText": " ",
        "packageSize": "100g",
        "packagePrice": "$15.00 per 1Kg"
      }
    }
  },
  {
    "id": "edgell-pouch-no-drain-beans-black",
    "brand": "Edgell",
    "name": "Black Beans Pouch",
    "imageUrl": "https://shop.coles.com.au/wcsstore/Coles-CAS/images/3/5/3/3535296-th.jpg",
    "categories": ["pantry"],
    "tags": ["pasta-rice-grains", "beans-legumes"],
    "locations": {
      "vic": {
        "price": 1.5,
        "promoText": " ",
        "packageSize": "100g",
        "packagePrice": "$15.00 per 1Kg"
      }
    }
  },
  {
    "id": "edgell-snack-cans-red-kidney-beans-chilli",
    "brand": "Edgell",
    "name": "Snack Time Red Kidney Beans With Chilli & Olive Oil",
    "imageUrl": "https://shop.coles.com.au/wcsstore/Coles-CAS/images/3/5/9/3592879-th.jpg",
    "categories": ["pantry"],
    "tags": ["pasta-rice-grains", "beans-legumes"],
    "locations": {
      "vic": {
        "price": 1.3,
        "promoText": " ",
        "packageSize": "70g",
        "packagePrice": "$18.57 per 1Kg"
      }
    }
  },
  {
    "id": "edgell-snack-cans-chickpeas-vinaigrette",
    "brand": "Edgell",
    "name": "Snack Time Chick Peas With Zesty Vinaigrette",
    "imageUrl": "https://shop.coles.com.au/wcsstore/Coles-CAS/images/3/5/9/3592835-th.jpg",
    "categories": ["pantry"],
    "tags": ["pasta-rice-grains", "beans-legumes"],
    "locations": {
      "vic": {
        "price": 1.3,
        "promoText": " ",
        "packageSize": "70g",
        "packagePrice": "$18.57 per 1Kg"
      }
    }
  },
  {
    "id": "bio-nature-beans-cannellini-organic",
    "brand": "Bio Nature",
    "name": "Organic Cannellini Beans",
    "imageUrl": "https://shop.coles.com.au/wcsstore/Coles-CAS/images/8/5/1/8515456-th.jpg",
    "categories": ["pantry"],
    "tags": ["pasta-rice-grains", "beans-legumes"],
    "locations": {
      "vic": {
        "price": 1.6,
        "promoText": "Was $1.79 on Feb 2016 ",
        "packageSize": "400g",
        "packagePrice": "$4.00 per 1Kg"
      }
    }
  },
  {
    "id": "edgell-beans-green-sliced",
    "brand": "Edgell",
    "name": "Green Beans Picked & Sliced",
    "imageUrl": "https://shop.coles.com.au/wcsstore/Coles-CAS/images/1/3/1/131687-th.jpg",
    "categories": ["pantry"],
    "tags": ["pasta-rice-grains", "beans-legumes"],
    "locations": {
      "vic": {
        "price": 1.3,
        "promoText": " ",
        "packageSize": "215g",
        "packagePrice": "$6.05 per 1Kg"
      }
    }
  },
  {
    "id": "edgell-pouch-no-drain-chick-pea",
    "brand": "Edgell",
    "name": "Chick Peas Pouch",
    "imageUrl": "https://shop.coles.com.au/wcsstore/Coles-CAS/images/3/5/3/3535365-th.jpg",
    "categories": ["pantry"],
    "tags": ["pasta-rice-grains", "beans-legumes"],
    "locations": {
      "vic": {
        "price": 1.5,
        "promoText": " ",
        "packageSize": "100g",
        "packagePrice": "$15.00 per 1Kg"
      }
    }
  },
  {
    "id": "edgell-snack-cans-chickpea-olive-oil-seaslt",
    "brand": "Edgell",
    "name": "Snack Time Chick Peas With Olive Oil & Seaslt",
    "imageUrl": "https://shop.coles.com.au/wcsstore/Coles-CAS/images/3/5/9/3592824-th.jpg",
    "categories": ["pantry"],
    "tags": ["pasta-rice-grains", "beans-legumes"],
    "locations": {
      "vic": {
        "price": 1.3,
        "promoText": " ",
        "packageSize": "70g",
        "packagePrice": "$18.57 per 1Kg"
      }
    }
  },
  {
    "id": "coles-cous-cous",
    "brand": "Coles",
    "name": "CousCous",
    "imageUrl": "https://shop.coles.com.au/wcsstore/Coles-CAS/images/8/6/4/8641268-th.jpg",
    "categories": ["pantry"],
    "tags": ["pasta-rice-grains", "polenta-other-grains"],
    "locations": {
      "vic": {
        "price": 1.75,
        "promoText": " ",
        "packageSize": "500g",
        "packagePrice": "$0.35 per 100G"
      }
    }
  },
  {
    "id": "san-remo-cous-cous",
    "brand": "San Remo",
    "name": "CousCous",
    "imageUrl": "https://shop.coles.com.au/wcsstore/Coles-CAS/images/6/0/7/6079397-th.jpg",
    "categories": ["pantry"],
    "tags": ["pasta-rice-grains", "polenta-other-grains"],
    "locations": {
      "vic": {
        "price": 2.8,
        "promoText": " ",
        "packageSize": "500g",
        "packagePrice": "$0.56 per 100G"
      }
    }
  },
  {
    "id": "blu-gourmet-pearl-couscous",
    "brand": "Blu",
    "name": "Gourmet Pearl Couscous",
    "imageUrl": "https://shop.coles.com.au/wcsstore/Coles-CAS/images/3/6/1/3611601-th.jpg",
    "categories": ["pantry"],
    "tags": ["pasta-rice-grains", "polenta-other-grains"],
    "locations": {
      "vic": {
        "price": 5,
        "promoText": " ",
        "packageSize": "400g",
        "packagePrice": "$1.25 per 100G"
      }
    }
  },
  {
    "id": "stagg-meal-pork-dynamite",
    "brand": "Stagg Chili",
    "name": "Dynamite Hot Chili With Beans",
    "imageUrl": "https://shop.coles.com.au/wcsstore/Coles-CAS/images/3/3/9/3398173-th.jpg",
    "categories": ["pantry"],
    "tags": ["canned-fods-soups-nodles", "canned-beans-legumes"],
    "locations": {
      "vic": {
        "price": 4,
        "promoText": " ",
        "packageSize": "425g",
        "packagePrice": "$0.94 per 100G"
      }
    }
  },
  {
    "id": "edgell-red-kidney-beans",
    "brand": "Edgell",
    "name": "Red Kidney Bean Salad",
    "imageUrl": "https://shop.coles.com.au/wcsstore/Coles-CAS/images/2/7/4/2743695-th.jpg",
    "categories": ["pantry"],
    "tags": ["canned-fods-soups-nodles", "canned-beans-legumes"],
    "locations": {
      "vic": {
        "price": 3.5,
        "promoText": " ",
        "packageSize": "200g",
        "packagePrice": "$1.75 per 100G"
      }
    }
  },
  {
    "id": "edgell-lentil-sald",
    "brand": "Edgell",
    "name": "Lentil Bean Salad",
    "imageUrl": "https://shop.coles.com.au/wcsstore/Coles-CAS/images/2/7/4/2743709-th.jpg",
    "categories": ["pantry"],
    "tags": ["canned-fods-soups-nodles", "canned-beans-legumes"],
    "locations": {
      "vic": {
        "price": 3.5,
        "promoText": " ",
        "packageSize": "200g",
        "packagePrice": "$1.75 per 100G"
      }
    }
  },
  {
    "id": "stagg-meal-vegetable-chilli",
    "brand": "Stagg Chili",
    "name": "Vegetable Garden With Four Bean Chili",
    "imageUrl": "https://shop.coles.com.au/wcsstore/Coles-CAS/images/3/3/9/3398140-th.jpg",
    "categories": ["pantry"],
    "tags": ["canned-fods-soups-nodles", "canned-beans-legumes"],
    "locations": {
      "vic": {
        "price": 4,
        "promoText": " ",
        "packageSize": "425g",
        "packagePrice": "$0.94 per 100G"
      }
    }
  },
  {
    "id": "maggi-2-minute-noodles-chicken-5366972p",
    "brand": "Maggi",
    "name": "2 Minute Chicken Noodles 360g",
    "imageUrl": "https://shop.coles.com.au/wcsstore/Coles-CAS/images/5/3/6/5366972-th.jpg",
    "categories": ["pantry"],
    "tags": ["canned-fods-soups-nodles", "nodles"],
    "locations": {
      "vic": {
        "price": 3.95,
        "promoText": " ",
        "packageSize": "5 pack",
        "packagePrice": "$0.79 per 1Ea"
      }
    }
  },
  {
    "id": "kraft-easy-mac-microwaveable-macaroni-cheese-snack-9789300p",
    "brand": "Kraft",
    "name": "Easy Mac Classic Cheese Pasta & Sauce Microwavable Macaroni Meal Multi 4 Pack",
    "imageUrl": "https://shop.coles.com.au/wcsstore/Coles-CAS/images/9/7/8/9789300-th.jpg",
    "categories": ["pantry"],
    "tags": ["canned-fods-soups-nodles", "nodles"],
    "locations": {
      "vic": {
        "price": 3.3,
        "promoText": "$0.70 ",
        "packageSize": "280g",
        "packagePrice": "$1.18 per 100G"
      }
    }
  },
  {
    "id": "maggi-noodle-cup-chicken",
    "brand": "Maggi",
    "name": "2 Minute Noodles Chicken Single Cup",
    "imageUrl": "https://shop.coles.com.au/wcsstore/Coles-CAS/images/8/1/0/8109284-th.jpg",
    "categories": ["pantry"],
    "tags": ["canned-fods-soups-nodles", "nodles"],
    "locations": {
      "vic": {
        "price": 1.8,
        "promoText": " ",
        "packageSize": "60g",
        "packagePrice": "$3.00 per 100G"
      }
    }
  },
  {
    "id": "maggi-2-minute-noodles-beef",
    "brand": "Maggi",
    "name": "Beef Flavour 2 Minute Noodles 5 Pack",
    "imageUrl": "https://shop.coles.com.au/wcsstore/Coles-CAS/images/5/3/6/5366983-th.jpg",
    "categories": ["pantry"],
    "tags": ["canned-fods-soups-nodles", "nodles"],
    "locations": {
      "vic": {
        "price": 3.95,
        "promoText": " ",
        "packageSize": "370g",
        "packagePrice": "$1.07 per 100G"
      }
    }
  },
  {
    "id": "kraft-easy-mac-microwaveable-cheese-bowl",
    "brand": "Kraft",
    "name": "Easy Mac Classic Cheese Pasta & Sauce Microwavable Macaroni Meal",
    "imageUrl": "https://shop.coles.com.au/wcsstore/Coles-CAS/images/5/8/1/5815817-th.jpg",
    "categories": ["pantry"],
    "tags": ["canned-fods-soups-nodles", "nodles"],
    "locations": {
      "vic": {
        "price": 1.9,
        "promoText": "$0.30 ",
        "packageSize": "73g",
        "packagePrice": "$2.60 per 100G"
      }
    }
  },
  {
    "id": "suimin-noodles-cup-chicken-noodle",
    "brand": "Suimin",
    "name": "Chicken Noodle Noodle Cup",
    "imageUrl": "https://shop.coles.com.au/wcsstore/Coles-CAS/images/6/8/6/6861445-th.jpg",
    "categories": ["pantry"],
    "tags": ["canned-fods-soups-nodles", "nodles"],
    "locations": {
      "vic": {
        "price": 1.5,
        "promoText": "Any 4 $5",
        "packageSize": "70g",
        "packagePrice": "$2.14 per 100G"
      }
    }
  },
  {
    "id": "fantastic-noodles-bowl-chicken",
    "brand": "Fantastic",
    "name": "Chicken Noodles Bowl",
    "imageUrl": "https://shop.coles.com.au/wcsstore/Coles-CAS/images/6/9/9/6992421-th.jpg",
    "categories": ["pantry"],
    "tags": ["canned-fods-soups-nodles", "nodles"],
    "locations": {
      "vic": {
        "price": 1.6,
        "promoText": " ",
        "packageSize": "85g",
        "packagePrice": "$1.88 per 100G"
      }
    }
  },
  {
    "id": "fantastic-noodles-cup-chicken",
    "brand": "Fantastic",
    "name": "Chicken Noodle Cup",
    "imageUrl": "https://shop.coles.com.au/wcsstore/Coles-CAS/images/5/5/8/5588840-th.jpg",
    "categories": ["pantry"],
    "tags": ["canned-fods-soups-nodles", "nodles"],
    "locations": {
      "vic": {
        "price": 1.6,
        "promoText": " ",
        "packageSize": "70g",
        "packagePrice": "$2.29 per 100G"
      }
    }
  },
  {
    "id": "changs-noodles-hokkien-value-4-pack",
    "brand": "Chang's",
    "name": "Shelf Fresh Noodles Hokkien Style 4 pack",
    "imageUrl": "https://shop.coles.com.au/wcsstore/Coles-CAS/images/9/6/2/9623283-th.jpg",
    "categories": ["pantry"],
    "tags": ["canned-fods-soups-nodles", "nodles"],
    "locations": {
      "vic": {
        "price": 3.15,
        "promoText": "$0.90 ",
        "packageSize": "800g",
        "packagePrice": "$0.39 per 100G"
      }
    }
  },
  {
    "id": "coles-chicken-noodle-cup",
    "brand": "Coles",
    "name": "Chicken Flavoured Instant Noodles Cup",
    "imageUrl": "https://shop.coles.com.au/wcsstore/Coles-CAS/images/3/2/6/3269862-th.jpg",
    "categories": ["pantry"],
    "tags": ["canned-fods-soups-nodles", "nodles"],
    "locations": {
      "vic": {
        "price": 0.75,
        "promoText": " ",
        "packageSize": "70g",
        "packagePrice": "$1.07 per 100G"
      }
    }
  },
  {
    "id": "indomie-noodle-cup-mi-goreng",
    "brand": "Indomie",
    "name": "Mi Goreng Fried Noodle Cup",
    "imageUrl": "https://shop.coles.com.au/wcsstore/Coles-CAS/images/8/3/6/8364420-th.jpg",
    "categories": ["pantry"],
    "tags": ["canned-fods-soups-nodles", "nodles"],
    "locations": {
      "vic": {
        "price": 1.8,
        "promoText": " ",
        "packageSize": "75g",
        "packagePrice": "$2.40 per 100G"
      }
    }
  },
  {
    "id": "maggi-noodle-cup-chicken-4-pack",
    "brand": "Maggi",
    "name": "2 Minute Noodles Chicken Cup 4 Pack",
    "imageUrl": "https://shop.coles.com.au/wcsstore/Coles-CAS/images/8/1/0/8100950-th.jpg",
    "categories": ["pantry"],
    "tags": ["canned-fods-soups-nodles", "nodles"],
    "locations": {
      "vic": {
        "price": 5,
        "promoText": "Was $6.50 on Oct 2017 ",
        "packageSize": "240g",
        "packagePrice": "$2.08 per 100G"
      }
    }
  },
  {
    "id": "maggi-noodle-cup-oriental",
    "brand": "Maggi",
    "name": "2 Minute Noodles Oriental Single Cup",
    "imageUrl": "https://shop.coles.com.au/wcsstore/Coles-CAS/images/8/1/0/8109229-th.jpg",
    "categories": ["pantry"],
    "tags": ["canned-fods-soups-nodles", "nodles"],
    "locations": {
      "vic": {
        "price": 1.8,
        "promoText": " ",
        "packageSize": "60g",
        "packagePrice": "$3.00 per 100G"
      }
    }
  },
  {
    "id": "suimin-noodles-cup-prawn-chicken",
    "brand": "Suimin",
    "name": "Prawn & Chicken Noodle Cup",
    "imageUrl": "https://shop.coles.com.au/wcsstore/Coles-CAS/images/1/9/2/192386-th.jpg",
    "categories": ["pantry"],
    "tags": ["canned-fods-soups-nodles", "nodles"],
    "locations": {
      "vic": {
        "price": 1.5,
        "promoText": "Any 4 $5",
        "packageSize": "70g",
        "packagePrice": "$2.14 per 100G"
      }
    }
  },
  {
    "id": "fantastic-noodles-cup-beef",
    "brand": "Fantastic",
    "name": "Beef Noodle Cup",
    "imageUrl": "https://shop.coles.com.au/wcsstore/Coles-CAS/images/5/5/8/5588792-th.jpg",
    "categories": ["pantry"],
    "tags": ["canned-fods-soups-nodles", "nodles"],
    "locations": {
      "vic": {
        "price": 1.6,
        "promoText": " ",
        "packageSize": "70g",
        "packagePrice": "$2.29 per 100G"
      }
    }
  },
  {
    "id": "lian-pho-bo-rice-noodles-bowl-beef-flavour",
    "brand": "Lian Pho",
    "name": "Bo Beef Flavour Vietnamese Style Instant Rice Noodles Bowl",
    "imageUrl": "https://shop.coles.com.au/wcsstore/Coles-CAS/images/3/5/8/3581170-th.jpg",
    "categories": ["pantry"],
    "tags": ["canned-fods-soups-nodles", "nodles"],
    "locations": {
      "vic": {
        "price": 2.5,
        "promoText": " ",
        "packageSize": "70g",
        "packagePrice": "$3.57 per 100G"
      }
    }
  },
  {
    "id": "maggi%09-noodles-2-minute-chicken-12-pack",
    "brand": "Maggi",
    "name": "2 Minute Noodles Chicken 12 Pack",
    "imageUrl": "https://shop.coles.com.au/wcsstore/Coles-CAS/images/1/6/1/1616626-th.jpg",
    "categories": ["pantry"],
    "tags": ["canned-fods-soups-nodles", "nodles"],
    "locations": {
      "vic": {
        "price": 8,
        "promoText": "Was $9.00 on Mar 2018 ",
        "packageSize": "864g",
        "packagePrice": "$0.93 per 100G"
      }
    }
  },
  {
    "id": "suimin-noodles-cup-hot-spicy",
    "brand": "Suimin",
    "name": "Hot & Spicy Noodle Cup",
    "imageUrl": "https://shop.coles.com.au/wcsstore/Coles-CAS/images/5/5/6/5566097-th.jpg",
    "categories": ["pantry"],
    "tags": ["canned-fods-soups-nodles", "nodles"],
    "locations": {
      "vic": {
        "price": 1.5,
        "promoText": "Any 4 $5",
        "packageSize": "70g",
        "packagePrice": "$2.14 per 100G"
      }
    }
  },
  {
    "id": "suimin-noodles-cup-braised-beef",
    "brand": "Suimin",
    "name": "Braised Beef Noodle Cup",
    "imageUrl": "https://shop.coles.com.au/wcsstore/Coles-CAS/images/1/9/2/192364-th.jpg",
    "categories": ["pantry"],
    "tags": ["canned-fods-soups-nodles", "nodles"],
    "locations": {
      "vic": {
        "price": 1.5,
        "promoText": "Any 4 $5",
        "packageSize": "70g",
        "packagePrice": "$2.14 per 100G"
      }
    }
  },
  {
    "id": "coles-beef-noodle-cup",
    "brand": "Coles",
    "name": "Beef Flavoured Instant Noodles Cup",
    "imageUrl": "https://shop.coles.com.au/wcsstore/Coles-CAS/images/3/2/6/3269851-th.jpg",
    "categories": ["pantry"],
    "tags": ["canned-fods-soups-nodles", "nodles"],
    "locations": {
      "vic": {
        "price": 0.75,
        "promoText": " ",
        "packageSize": "70g",
        "packagePrice": "$1.07 per 100G"
      }
    }
  },
  {
    "id": "fantastic-noodles-bowl-beef",
    "brand": "Fantastic",
    "name": "Beef Noodles Bowl",
    "imageUrl": "https://shop.coles.com.au/wcsstore/Coles-CAS/images/6/9/8/6988355-th.jpg",
    "categories": ["pantry"],
    "tags": ["canned-fods-soups-nodles", "nodles"],
    "locations": {
      "vic": {
        "price": 1.6,
        "promoText": " ",
        "packageSize": "85g",
        "packagePrice": "$1.88 per 100G"
      }
    }
  },
  {
    "id": "maggi--noodle-cup-beef-4-pack",
    "brand": "Maggi",
    "name": "2 Minute Noodles Beef Cup 4 Pack",
    "imageUrl": "https://shop.coles.com.au/wcsstore/Coles-CAS/images/8/1/0/8100949-th.jpg",
    "categories": ["pantry"],
    "tags": ["canned-fods-soups-nodles", "nodles"],
    "locations": {
      "vic": {
        "price": 5,
        "promoText": "Was $6.50 on Oct 2017 ",
        "packageSize": "232g",
        "packagePrice": "$2.16 per 100G"
      }
    }
  },
  {
    "id": "maggi-fusian-noodle-cup-hot-spicy",
    "brand": "Maggi",
    "name": "2 Minute Noodles Fusian Mi Goreng Hot & Spicy Cup",
    "imageUrl": "https://shop.coles.com.au/wcsstore/Coles-CAS/images/8/0/9/8097710-th.jpg",
    "categories": ["pantry"],
    "tags": ["canned-fods-soups-nodles", "nodles"],
    "locations": {
      "vic": {
        "price": 1.8,
        "promoText": " ",
        "packageSize": "65g",
        "packagePrice": "$2.77 per 100G"
      }
    }
  },
  {
    "id": "suimin-tom-yum-noodle-bowl",
    "brand": "Suimin",
    "name": "Tom Yum Noodle Bowl",
    "imageUrl": "https://shop.coles.com.au/wcsstore/Coles-CAS/images/2/7/8/2786767-th.jpg",
    "categories": ["pantry"],
    "tags": ["canned-fods-soups-nodles", "nodles"],
    "locations": {
      "vic": {
        "price": 2,
        "promoText": " ",
        "packageSize": "110g",
        "packagePrice": "$1.82 per 100G"
      }
    }
  },
  {
    "id": "changs-noodles-crunchy",
    "brand": "Chang's",
    "name": "Crunchy Fried Noodles",
    "imageUrl": "https://shop.coles.com.au/wcsstore/Coles-CAS/images/6/4/6/6467498-th.jpg",
    "categories": ["pantry"],
    "tags": ["canned-fods-soups-nodles", "nodles"],
    "locations": {
      "vic": {
        "price": 1.4,
        "promoText": " ",
        "packageSize": "100g",
        "packagePrice": "$1.40 per 100G"
      }
    }
  },
  {
    "id": "changs-noodles-rice-fried",
    "brand": "Chang's",
    "name": "Gluten Free Fried Noodles",
    "imageUrl": "https://shop.coles.com.au/wcsstore/Coles-CAS/images/5/2/4/5249775-th.jpg",
    "categories": ["pantry"],
    "tags": ["canned-fods-soups-nodles", "nodles"],
    "locations": {
      "vic": {
        "price": 1.6,
        "promoText": "$0.40 ",
        "packageSize": "100g",
        "packagePrice": "$1.60 per 100G"
      }
    }
  },
  {
    "id": "fantastic-noodles-cup-oriental",
    "brand": "Fantastic",
    "name": "Oriental Noodle Cup",
    "imageUrl": "https://shop.coles.com.au/wcsstore/Coles-CAS/images/6/0/4/6046730-th.jpg",
    "categories": ["pantry"],
    "tags": ["canned-fods-soups-nodles", "nodles"],
    "locations": {
      "vic": {
        "price": 1.6,
        "promoText": " ",
        "packageSize": "70g",
        "packagePrice": "$2.29 per 100G"
      }
    }
  },
  {
    "id": "fantastic-noodle-cup-crispy-bacon",
    "brand": "Fantastic",
    "name": "Crispy Bacon Noodle Cup",
    "imageUrl": "https://shop.coles.com.au/wcsstore/Coles-CAS/images/6/0/4/6046740-th.jpg",
    "categories": ["pantry"],
    "tags": ["canned-fods-soups-nodles", "nodles"],
    "locations": {
      "vic": {
        "price": 1.6,
        "promoText": " ",
        "packageSize": "70g",
        "packagePrice": "$2.29 per 100G"
      }
    }
  },
  {
    "id": "lian-pho-ga-rice-noodles-bowl-chicken-flavour",
    "brand": "Lian Pho",
    "name": "Ga Chicken Flavour Vietnamese Style Instant Rice Noodles Bowl",
    "imageUrl": "https://shop.coles.com.au/wcsstore/Coles-CAS/images/3/5/8/3581191-th.jpg",
    "categories": ["pantry"],
    "tags": ["canned-fods-soups-nodles", "nodles"],
    "locations": {
      "vic": {
        "price": 2.5,
        "promoText": " ",
        "packageSize": "70g",
        "packagePrice": "$3.57 per 100G"
      }
    }
  },
  {
    "id": "obento-udon-noodles",
    "brand": "Obento",
    "name": "Udon Noodles",
    "imageUrl": "https://shop.coles.com.au/wcsstore/Coles-CAS/images/5/9/8/5982943-th.jpg",
    "categories": ["pantry"],
    "tags": ["canned-fods-soups-nodles", "nodles"],
    "locations": {
      "vic": {
        "price": 1.4,
        "promoText": " ",
        "packageSize": "200g",
        "packagePrice": "$0.70 per 100G"
      }
    }
  },
  {
    "id": "suimin-noodles-cup-chicken-oriental",
    "brand": "Suimin",
    "name": "Oriental Chicken Noodle Cup",
    "imageUrl": "https://shop.coles.com.au/wcsstore/Coles-CAS/images/5/2/2/5224210-th.jpg",
    "categories": ["pantry"],
    "tags": ["canned-fods-soups-nodles", "nodles"],
    "locations": {
      "vic": {
        "price": 1.5,
        "promoText": "Any 4 $5",
        "packageSize": "70g",
        "packagePrice": "$2.14 per 100G"
      }
    }
  },
  {
    "id": "suimin-curry-prawn-noodle-cup",
    "brand": "Suimin",
    "name": "Curried Prawn Noodle Cup",
    "imageUrl": "https://shop.coles.com.au/wcsstore/Coles-CAS/images/2/0/2/202435-th.jpg",
    "categories": ["pantry"],
    "tags": ["canned-fods-soups-nodles", "nodles"],
    "locations": {
      "vic": {
        "price": 1.5,
        "promoText": "Any 4 $5",
        "packageSize": "70g",
        "packagePrice": "$2.14 per 100G"
      }
    }
  },
  {
    "id": "suimin-red-curry-noodle-bowl",
    "brand": "Suimin",
    "name": "Red Curry Noodle Bowl",
    "imageUrl": "https://shop.coles.com.au/wcsstore/Coles-CAS/images/2/7/8/2786756-th.jpg",
    "categories": ["pantry"],
    "tags": ["canned-fods-soups-nodles", "nodles"],
    "locations": {
      "vic": {
        "price": 2,
        "promoText": " ",
        "packageSize": "110g",
        "packagePrice": "$1.82 per 100G"
      }
    }
  },
  {
    "id": "hart-soul-peanut-satay-noodle-bowl-135g",
    "brand": "Hart & Soul",
    "name": "Gluten Free Peanut Satay Saucy Noodles",
    "imageUrl": "https://shop.coles.com.au/wcsstore/Coles-CAS/images/3/2/7/3270894-th.jpg",
    "categories": ["pantry"],
    "tags": ["canned-fods-soups-nodles", "nodles"],
    "locations": {
      "vic": {
        "price": 4.5,
        "promoText": " ",
        "packageSize": "135g",
        "packagePrice": "$3.33 per 100G"
      }
    }
  },
  {
    "id": "maggi-noodle-cup-beef",
    "brand": "Maggi",
    "name": "2 Minute Noodles Beef Single Cup",
    "imageUrl": "https://shop.coles.com.au/wcsstore/Coles-CAS/images/8/1/0/8109273-th.jpg",
    "categories": ["pantry"],
    "tags": ["canned-fods-soups-nodles", "nodles"],
    "locations": {
      "vic": {
        "price": 1.8,
        "promoText": " ",
        "packageSize": "58g",
        "packagePrice": "$3.10 per 100G"
      }
    }
  },
  {
    "id": "maggi-fusian-noodle-cup-soy-mild-spice",
    "brand": "Maggi",
    "name": "2 Minute Noodles Fusian Mi Goreng Soy & Mild Spice Cup",
    "imageUrl": "https://shop.coles.com.au/wcsstore/Coles-CAS/images/8/0/9/8097720-th.jpg",
    "categories": ["pantry"],
    "tags": ["canned-fods-soups-nodles", "nodles"],
    "locations": {
      "vic": {
        "price": 1.8,
        "promoText": " ",
        "packageSize": "64g",
        "packagePrice": "$2.81 per 100G"
      }
    }
  },
  {
    "id": "red-panda-noodle-bowl-braised-beef",
    "brand": "Red Panda",
    "name": "Braised Beef Flavoured Noodles Bowl",
    "imageUrl": "https://shop.coles.com.au/wcsstore/Coles-CAS/images/3/5/8/3581227-th.jpg",
    "categories": ["pantry"],
    "tags": ["canned-fods-soups-nodles", "nodles"],
    "locations": {
      "vic": {
        "price": 1.4,
        "promoText": " ",
        "packageSize": "90g",
        "packagePrice": "$1.56 per 100G"
      }
    }
  },
  {
    "id": "love-dole-pineapple-chunks-in-juice-2378272p",
    "brand": "Dole",
    "name": "Pineapple Chunks In Juice",
    "imageUrl": "https://shop.coles.com.au/wcsstore/Coles-CAS/images/2/3/7/2378272-th.jpg",
    "categories": ["pantry"],
    "tags": ["canned-fods-soups-nodles", "canned-fruit"],
    "locations": {
      "vic": {
        "price": 1.9,
        "promoText": "$0.30 ",
        "packageSize": "432g",
        "packagePrice": "$4.40 per 1Kg"
      }
    }
  },
  {
    "id": "love-dole-sliced-pineapple-in-juice",
    "brand": "Dole",
    "name": "Sliced Pineapple In Juice",
    "imageUrl": "https://shop.coles.com.au/wcsstore/Coles-CAS/images/2/3/7/2378206-th.jpg",
    "categories": ["pantry"],
    "tags": ["canned-fods-soups-nodles", "canned-fruit"],
    "locations": {
      "vic": {
        "price": 1.9,
        "promoText": "$0.30 ",
        "packageSize": "432g",
        "packagePrice": "$4.40 per 1Kg"
      }
    }
  },
  {
    "id": "love-dole-crushed-pineapple-in-juice",
    "brand": "Dole",
    "name": "Crushed Pineapple In Juice",
    "imageUrl": "https://shop.coles.com.au/wcsstore/Coles-CAS/images/2/3/7/2378400-th.jpg",
    "categories": ["pantry"],
    "tags": ["canned-fods-soups-nodles", "canned-fruit"],
    "locations": {
      "vic": {
        "price": 1.9,
        "promoText": "$0.30 ",
        "packageSize": "432g",
        "packagePrice": "$4.40 per 1Kg"
      }
    }
  },
  {
    "id": "goulburn-valley-peach-slices-in-natural-juice",
    "brand": "Goulburn Valley",
    "name": "Peaches Slices In Natural Juice",
    "imageUrl": "https://shop.coles.com.au/wcsstore/Coles-CAS/images/1/8/5/1857451-th.jpg",
    "categories": ["pantry"],
    "tags": ["canned-fods-soups-nodles", "canned-fruit"],
    "locations": {
      "vic": {
        "price": 3.7,
        "promoText": "Was $4.10 on Jun 2016 ",
        "packageSize": "700g",
        "packagePrice": "$5.29 per 1Kg"
      }
    }
  },
  {
    "id": "coles-smart-buy-pineapple-pieces-in-syrup",
    "brand": "Coles",
    "name": "Pineapple Pieces in Syrup",
    "imageUrl": "https://shop.coles.com.au/wcsstore/Coles-CAS/images/7/5/7/7579770-th.jpg",
    "categories": ["pantry"],
    "tags": ["canned-fods-soups-nodles", "canned-fruit"],
    "locations": {
      "vic": {
        "price": 1.2,
        "promoText": " ",
        "packageSize": "425g",
        "packagePrice": "$2.82 per 1Kg"
      }
    }
  },
  {
    "id": "golden-circle-pineapple-pieces-in-natural-juice-117788p",
    "brand": "Golden Circle",
    "name": "Pineapple Pieces in Natural Juice Canned",
    "imageUrl": "https://shop.coles.com.au/wcsstore/Coles-CAS/images/1/1/7/117788-th.jpg",
    "categories": ["pantry"],
    "tags": ["canned-fods-soups-nodles", "canned-fruit"],
    "locations": {
      "vic": {
        "price": 3.25,
        "promoText": " ",
        "packageSize": "440g",
        "packagePrice": "$7.39 per 1Kg"
      }
    }
  },
  {
    "id": "ardmona-bakers-pie-filling-apple",
    "brand": "Ardmona",
    "name": "Apple Pie Slices Canned",
    "imageUrl": "https://shop.coles.com.au/wcsstore/Coles-CAS/images/2/6/7/267973-th.jpg",
    "categories": ["pantry"],
    "tags": ["canned-fods-soups-nodles", "canned-fruit"],
    "locations": {
      "vic": {
        "price": 4.25,
        "promoText": " ",
        "packageSize": "800g",
        "packagePrice": "$5.31 per 1Kg"
      }
    }
  },
  {
    "id": "golden-circle-pineapple-pieces-in-natural-juice-2915713p",
    "brand": "Golden Circle",
    "name": "Australian Pineapple Pieces In Juice",
    "imageUrl": "https://shop.coles.com.au/wcsstore/Coles-CAS/images/2/9/1/2915713-th.jpg",
    "categories": ["pantry"],
    "tags": ["canned-fods-soups-nodles", "canned-fruit"],
    "locations": {
      "vic": {
        "price": 2.4,
        "promoText": " ",
        "packageSize": "225g",
        "packagePrice": "$10.67 per 1Kg"
      }
    }
  },
  {
    "id": "coles-apricot-halves-in-juice-4396402p",
    "brand": "Coles",
    "name": "Apricot Halves in Juice canned",
    "imageUrl": "https://shop.coles.com.au/wcsstore/Coles-CAS/images/4/3/9/4396402-th.jpg",
    "categories": ["pantry"],
    "tags": ["canned-fods-soups-nodles", "canned-fruit"],
    "locations": {
      "vic": {
        "price": 2,
        "promoText": " ",
        "packageSize": "410g",
        "packagePrice": "$4.88 per 1Kg"
      }
    }
  },
  {
    "id": "coles-peach-slices-in-juice-373405p",
    "brand": "Coles",
    "name": "Sliced Peach in Natural Juice Canned",
    "imageUrl": "https://shop.coles.com.au/wcsstore/Coles-CAS/images/3/7/3/373405-th.jpg",
    "categories": ["pantry"],
    "tags": ["canned-fods-soups-nodles", "canned-fruit"],
    "locations": {
      "vic": {
        "price": 2.8,
        "promoText": " ",
        "packageSize": "825g",
        "packagePrice": "$3.39 per 1Kg"
      }
    }
  },
  {
    "id": "coles-lychees-pitted-in-syrup",
    "brand": "Coles",
    "name": "Whole Pitted Lychees In Syrup",
    "imageUrl": "https://shop.coles.com.au/wcsstore/Coles-CAS/images/4/2/1/4217671-th.jpg",
    "categories": ["pantry"],
    "tags": ["canned-fods-soups-nodles", "canned-fruit"],
    "locations": {
      "vic": {
        "price": 2.75,
        "promoText": " ",
        "packageSize": "560g",
        "packagePrice": "$4.91 per 1Kg"
      }
    }
  },
  {
    "id": "coles-peach-slices-in-juice",
    "brand": "Coles",
    "name": "Australian Peach Slices in Juice",
    "imageUrl": "https://shop.coles.com.au/wcsstore/Coles-CAS/images/4/3/4/4343665-th.jpg",
    "categories": ["pantry"],
    "tags": ["canned-fods-soups-nodles", "canned-fruit"],
    "locations": {
      "vic": {
        "price": 2,
        "promoText": " ",
        "packageSize": "410g",
        "packagePrice": "$0.49 per 100G"
      }
    }
  },
  {
    "id": "coles-peach-slices-in-syrup",
    "brand": "Coles",
    "name": "Peach Slices In Syrup",
    "imageUrl": "https://shop.coles.com.au/wcsstore/Coles-CAS/images/3/4/6/3464970-th.jpg",
    "categories": ["pantry"],
    "tags": ["canned-fods-soups-nodles", "canned-fruit"],
    "locations": {
      "vic": {
        "price": 2,
        "promoText": " ",
        "packageSize": "825g",
        "packagePrice": "$0.24 per 100G"
      }
    }
  },
  {
    "id": "spc-peaches-sliced-in-juice",
    "brand": "SPC",
    "name": "Peach Slices in Juice Canned",
    "imageUrl": "https://shop.coles.com.au/wcsstore/Coles-CAS/images/3/1/4/314723-th.jpg",
    "categories": ["pantry"],
    "tags": ["canned-fods-soups-nodles", "canned-fruit"],
    "locations": {
      "vic": {
        "price": 3.5,
        "promoText": " ",
        "packageSize": "825g",
        "packagePrice": "$4.24 per 1Kg"
      }
    }
  },
  {
    "id": "spc--little-tubs-of-apple-strawberry-puree--4-pack",
    "brand": "SPC",
    "name": "Little Tubs of Apple & Strawberry Puree 120g",
    "imageUrl": "https://shop.coles.com.au/wcsstore/Coles-CAS/images/2/8/3/2834054-th.jpg",
    "categories": ["pantry"],
    "tags": ["canned-fods-soups-nodles", "canned-fruit"],
    "locations": {
      "vic": {
        "price": 4,
        "promoText": " ",
        "packageSize": "4 pack",
        "packagePrice": "$8.33 per 1Kg"
      }
    }
  },
  {
    "id": "love-dole-pineapple-slices-in-juice",
    "brand": "Dole",
    "name": "Pineapple Slices In Juice",
    "imageUrl": "https://shop.coles.com.au/wcsstore/Coles-CAS/images/2/3/7/2378374-th.jpg",
    "categories": ["pantry"],
    "tags": ["canned-fods-soups-nodles", "canned-fruit"],
    "locations": {
      "vic": {
        "price": 1.6,
        "promoText": " ",
        "packageSize": "227g",
        "packagePrice": "$7.05 per 1Kg"
      }
    }
  },
  {
    "id": "goulburn-valley-fruit-salad-in-natural-juice",
    "brand": "Goulburn Valley",
    "name": "Fruit Salad In Juice",
    "imageUrl": "https://shop.coles.com.au/wcsstore/Coles-CAS/images/1/8/5/1857495-th.jpg",
    "categories": ["pantry"],
    "tags": ["canned-fods-soups-nodles", "canned-fruit"],
    "locations": {
      "vic": {
        "price": 3.7,
        "promoText": "Was $4.10 on Jun 2016 ",
        "packageSize": "700g",
        "packagePrice": "$5.29 per 1Kg"
      }
    }
  },
  {
    "id": "coles-brand-passionfruit-pulp",
    "brand": "Coles",
    "name": "Passionfruit Pulp",
    "imageUrl": "https://shop.coles.com.au/wcsstore/Coles-CAS/images/4/1/6/4164972-th.jpg",
    "categories": ["pantry"],
    "tags": ["canned-fods-soups-nodles", "canned-fruit"],
    "locations": {
      "vic": {
        "price": 1.5,
        "promoText": " ",
        "packageSize": "170g",
        "packagePrice": "$8.82 per 1Kg"
      }
    }
  },
  {
    "id": "coles-pear-slices-in-juice-canned",
    "brand": "Coles",
    "name": "Sliced Pear in Juice Canned",
    "imageUrl": "https://shop.coles.com.au/wcsstore/Coles-CAS/images/2/3/6/2366284-th.jpg",
    "categories": ["pantry"],
    "tags": ["canned-fods-soups-nodles", "canned-fruit"],
    "locations": {
      "vic": {
        "price": 2.8,
        "promoText": " ",
        "packageSize": "825g",
        "packagePrice": "$3.39 per 1Kg"
      }
    }
  },
  {
    "id": "coles-australian-peaches-in-juice",
    "brand": "Coles",
    "name": "Sliced Peaches In Juice",
    "imageUrl": "https://shop.coles.com.au/wcsstore/Coles-CAS/images/3/2/4/3245693-th.jpg",
    "categories": ["pantry"],
    "tags": ["canned-fods-soups-nodles", "canned-fruit"],
    "locations": {
      "vic": {
        "price": 3.5,
        "promoText": " ",
        "packageSize": "695g",
        "packagePrice": "$5.04 per 1Kg"
      }
    }
  },
  {
    "id": "dole-tropical-gold-pineapple-pieces-in-juice",
    "brand": "Dole",
    "name": "Pineapple Pieces in Juice Pouch",
    "imageUrl": "https://shop.coles.com.au/wcsstore/Coles-CAS/images/3/2/1/3215003-th.jpg",
    "categories": ["pantry"],
    "tags": ["canned-fods-soups-nodles", "canned-fruit"],
    "locations": {
      "vic": {
        "price": 3,
        "promoText": " ",
        "packageSize": "400g",
        "packagePrice": "$7.50 per 1Kg"
      }
    }
  },
  {
    "id": "goulburn-valley-apricot-halves-in-juice",
    "brand": "Goulburn Valley",
    "name": "Apricot Halves In Juice",
    "imageUrl": "https://shop.coles.com.au/wcsstore/Coles-CAS/images/1/8/5/1857484-th.jpg",
    "categories": ["pantry"],
    "tags": ["canned-fods-soups-nodles", "canned-fruit"],
    "locations": {
      "vic": {
        "price": 3.7,
        "promoText": "Was $4.10 on Jun 2016 ",
        "packageSize": "700g",
        "packagePrice": "$5.29 per 1Kg"
      }
    }
  },
  {
    "id": "coles-fruit-cups-peaches-in-syrup-4-pack",
    "brand": "Coles",
    "name": "Diced Peaches in Syrup 4 pack",
    "imageUrl": "https://shop.coles.com.au/wcsstore/Coles-CAS/images/9/8/3/9837731-th.jpg",
    "categories": ["pantry"],
    "tags": ["canned-fods-soups-nodles", "canned-fruit"],
    "locations": {
      "vic": {
        "price": 2.2,
        "promoText": " ",
        "packageSize": "480g",
        "packagePrice": "$4.58 per 1Kg"
      }
    }
  },
  {
    "id": "coles-two-fruits-in-juice",
    "brand": "Coles",
    "name": "Two Fruits in Juice Canned",
    "imageUrl": "https://shop.coles.com.au/wcsstore/Coles-CAS/images/4/3/4/4343440-th.jpg",
    "categories": ["pantry"],
    "tags": ["canned-fods-soups-nodles", "canned-fruit"],
    "locations": {
      "vic": {
        "price": 2,
        "promoText": " ",
        "packageSize": "410g",
        "packagePrice": "$4.88 per 1Kg"
      }
    }
  },
  {
    "id": "coles-fruit-salad-in-syrup",
    "brand": "Coles",
    "name": "Fruit Salad In Syrup",
    "imageUrl": "https://shop.coles.com.au/wcsstore/Coles-CAS/images/3/4/6/3465011-th.jpg",
    "categories": ["pantry"],
    "tags": ["canned-fods-soups-nodles", "canned-fruit"],
    "locations": {
      "vic": {
        "price": 2,
        "promoText": " ",
        "packageSize": "825g",
        "packagePrice": "$0.24 per 100G"
      }
    }
  },
  {
    "id": "coles-apricot-halves-in-syrup",
    "brand": "Coles",
    "name": "Apricot Halves In Syrup",
    "imageUrl": "https://shop.coles.com.au/wcsstore/Coles-CAS/images/3/4/6/3464959-th.jpg",
    "categories": ["pantry"],
    "tags": ["canned-fods-soups-nodles", "canned-fruit"],
    "locations": {
      "vic": {
        "price": 2,
        "promoText": " ",
        "packageSize": "825g",
        "packagePrice": "$0.24 per 100G"
      }
    }
  },
  {
    "id": "love-dole-pineapple-chunks-in-juice",
    "brand": "Dole",
    "name": "Pineapple Chunks In Juice",
    "imageUrl": "https://shop.coles.com.au/wcsstore/Coles-CAS/images/2/3/7/2378396-th.jpg",
    "categories": ["pantry"],
    "tags": ["canned-fods-soups-nodles", "canned-fruit"],
    "locations": {
      "vic": {
        "price": 1.6,
        "promoText": " ",
        "packageSize": "227g",
        "packagePrice": "$7.05 per 1Kg"
      }
    }
  },
  {
    "id": "golden-circle-strawberry-squeeze-squeezy-pouch",
    "brand": "Golden Circle",
    "name": "Strawberry Squeeze Squeezy Pouch",
    "imageUrl": "https://shop.coles.com.au/wcsstore/Coles-CAS/images/1/8/5/1857815-th.jpg",
    "categories": ["pantry"],
    "tags": ["canned-fods-soups-nodles", "canned-fruit"],
    "locations": {
      "vic": {
        "price": 1.5,
        "promoText": "Was $1.89 on May 2018 ",
        "packageSize": "120g",
        "packagePrice": "$12.50 per 1Kg"
      }
    }
  },
  {
    "id": "spc--aussie-diced-peaches-4-pack",
    "brand": "SPC",
    "name": "Aussie Diced Peaches in Juice 120g",
    "imageUrl": "https://shop.coles.com.au/wcsstore/Coles-CAS/images/2/8/3/2833867-th.jpg",
    "categories": ["pantry"],
    "tags": ["canned-fods-soups-nodles", "canned-fruit"],
    "locations": {
      "vic": {
        "price": 4,
        "promoText": " ",
        "packageSize": "4 pack",
        "packagePrice": "$8.33 per 1Kg"
      }
    }
  },
  {
    "id": "spc-4pk-peach-cup-less-sugar",
    "brand": "SPC",
    "name": "Peach Cup Less Sugar",
    "imageUrl": "https://shop.coles.com.au/wcsstore/Coles-CAS/images/3/8/2/3823064-th.jpg",
    "categories": ["pantry"],
    "tags": ["canned-fods-soups-nodles", "canned-fruit"],
    "locations": {
      "vic": {
        "price": 4,
        "promoText": " ",
        "packageSize": "4 pack",
        "packagePrice": "$8.33 per 1Kg"
      }
    }
  },
  {
    "id": "always-fresh-cherries-sour-pitted",
    "brand": "Always Fresh",
    "name": "Cherries Pitted Morello",
    "imageUrl": "https://shop.coles.com.au/wcsstore/Coles-CAS/images/9/2/3/9230429-th.jpg",
    "categories": ["pantry"],
    "tags": ["canned-fods-soups-nodles", "canned-fruit"],
    "locations": {
      "vic": {
        "price": 4,
        "promoText": " ",
        "packageSize": "680g",
        "packagePrice": "$5.88 per 1Kg"
      }
    }
  },
  {
    "id": "coles-smart-buy-pineapple-slices-in-syrup",
    "brand": "Coles",
    "name": "Pineapple Slices in Syrup",
    "imageUrl": "https://shop.coles.com.au/wcsstore/Coles-CAS/images/7/5/7/7579908-th.jpg",
    "categories": ["pantry"],
    "tags": ["canned-fods-soups-nodles", "canned-fruit"],
    "locations": {
      "vic": {
        "price": 1.1,
        "promoText": " ",
        "packageSize": "425g",
        "packagePrice": "$2.59 per 1Kg"
      }
    }
  },
  {
    "id": "spc-canned-prunes-in-natural-juice",
    "brand": "SPC",
    "name": "Canned Prunes In Natural Juice",
    "imageUrl": "https://shop.coles.com.au/wcsstore/Coles-CAS/images/2/3/6/2360619-th.jpg",
    "categories": ["pantry"],
    "tags": ["canned-fods-soups-nodles", "canned-fruit"],
    "locations": {
      "vic": {
        "price": 2.7,
        "promoText": " ",
        "packageSize": "425g",
        "packagePrice": "$6.35 per 1Kg"
      }
    }
  },
  {
    "id": "spc-4pk-fruit-salad-less-sugar",
    "brand": "SPC",
    "name": "Fruit Salad Less Sugar",
    "imageUrl": "https://shop.coles.com.au/wcsstore/Coles-CAS/images/3/8/2/3822673-th.jpg",
    "categories": ["pantry"],
    "tags": ["canned-fods-soups-nodles", "canned-fruit"],
    "locations": {
      "vic": {
        "price": 4,
        "promoText": " ",
        "packageSize": "4 pack",
        "packagePrice": "$8.33 per 1Kg"
      }
    }
  },
  {
    "id": "coles-fruit-cups-pears-in-syrup-4-pack",
    "brand": "Coles",
    "name": "Dice Pears in Syrup Fruit Cups 4 Pack",
    "imageUrl": "https://shop.coles.com.au/wcsstore/Coles-CAS/images/9/8/3/9837710-th.jpg",
    "categories": ["pantry"],
    "tags": ["canned-fods-soups-nodles", "canned-fruit"],
    "locations": {
      "vic": {
        "price": 2.2,
        "promoText": " ",
        "packageSize": "500g",
        "packagePrice": "$4.40 per 1Kg"
      }
    }
  },
  {
    "id": "coles-pears-in-blackcurrant-jelly",
    "brand": "Coles",
    "name": "Pears in Blackcurrant Flavoured Jelly",
    "imageUrl": "https://shop.coles.com.au/wcsstore/Coles-CAS/images/2/3/4/2345273-th.jpg",
    "categories": ["pantry"],
    "tags": ["canned-fods-soups-nodles", "canned-fruit"],
    "locations": {
      "vic": {
        "price": 2.2,
        "promoText": " ",
        "packageSize": "500g",
        "packagePrice": "$4.40 per 1Kg"
      }
    }
  },
  {
    "id": "coles-plums-in-juice",
    "brand": "Coles",
    "name": "Whole Plums In Juice",
    "imageUrl": "https://shop.coles.com.au/wcsstore/Coles-CAS/images/3/2/4/3245718-th.jpg",
    "categories": ["pantry"],
    "tags": ["canned-fods-soups-nodles", "canned-fruit"],
    "locations": {
      "vic": {
        "price": 3.5,
        "promoText": " ",
        "packageSize": "695g",
        "packagePrice": "$0.50 per 100G"
      }
    }
  },
  {
    "id": "golden-circle-pineapple-sliced-in-natural-juice",
    "brand": "Golden Circle",
    "name": "Pineapple Slices in Natural Juice Canned",
    "imageUrl": "https://shop.coles.com.au/wcsstore/Coles-CAS/images/1/9/9/199997-th.jpg",
    "categories": ["pantry"],
    "tags": ["canned-fods-soups-nodles", "canned-fruit"],
    "locations": {
      "vic": {
        "price": 3.25,
        "promoText": " ",
        "packageSize": "440g",
        "packagePrice": "$7.39 per 1Kg"
      }
    }
  },
  {
    "id": "goulburn-valley-pear-slices-in-natural-juice",
    "brand": "Goulburn Valley",
    "name": "Pear Slices In Juice",
    "imageUrl": "https://shop.coles.com.au/wcsstore/Coles-CAS/images/1/8/5/1857473-th.jpg",
    "categories": ["pantry"],
    "tags": ["canned-fods-soups-nodles", "canned-fruit"],
    "locations": {
      "vic": {
        "price": 3.7,
        "promoText": "Was $4.10 on Jun 2016 ",
        "packageSize": "700g",
        "packagePrice": "$5.29 per 1Kg"
      }
    }
  },
  {
    "id": "goulburn-valley-peach-slices-in-mango-nectar",
    "brand": "Goulburn Valley",
    "name": "Peach Slices In Mango Nectar",
    "imageUrl": "https://shop.coles.com.au/wcsstore/Coles-CAS/images/1/8/5/1857462-th.jpg",
    "categories": ["pantry"],
    "tags": ["canned-fods-soups-nodles", "canned-fruit"],
    "locations": {
      "vic": {
        "price": 3.7,
        "promoText": "Was $4.10 on Jun 2016 ",
        "packageSize": "700g",
        "packagePrice": "$5.29 per 1Kg"
      }
    }
  },
  {
    "id": "spc--aussie-made-diced-fruit-salad-4-pack",
    "brand": "SPC",
    "name": "Aussie Made Diced Fruit Salad in Juice 120g",
    "imageUrl": "https://shop.coles.com.au/wcsstore/Coles-CAS/images/2/8/3/2833798-th.jpg",
    "categories": ["pantry"],
    "tags": ["canned-fods-soups-nodles", "canned-fruit"],
    "locations": {
      "vic": {
        "price": 4,
        "promoText": " ",
        "packageSize": "4 pack",
        "packagePrice": "$8.33 per 1Kg"
      }
    }
  },
  {
    "id": "spc-diced-peaches-in-orange-jelly",
    "brand": "SPC",
    "name": "Diced Peaches In Orange Jelly",
    "imageUrl": "https://shop.coles.com.au/wcsstore/Coles-CAS/images/2/8/9/2898738-th.jpg",
    "categories": ["pantry"],
    "tags": ["canned-fods-soups-nodles", "canned-fruit"],
    "locations": {
      "vic": {
        "price": 4,
        "promoText": " ",
        "packageSize": "480g",
        "packagePrice": "$8.33 per 1Kg"
      }
    }
  },
  {
    "id": "coles-fruit-cups-mandarin-in-syrup-4-pack",
    "brand": "Coles",
    "name": "Mandarin in Syrup Fruit Cups 4 Pack",
    "imageUrl": "https://shop.coles.com.au/wcsstore/Coles-CAS/images/9/8/3/9837753-th.jpg",
    "categories": ["pantry"],
    "tags": ["canned-fods-soups-nodles", "canned-fruit"],
    "locations": {
      "vic": {
        "price": 2.2,
        "promoText": " ",
        "packageSize": "500g",
        "packagePrice": "$4.40 per 1Kg"
      }
    }
  },
  {
    "id": "coles-mango-sliced-in-syrup",
    "brand": "Coles",
    "name": "Mango Slices In Syrup",
    "imageUrl": "https://shop.coles.com.au/wcsstore/Coles-CAS/images/9/0/3/9030215-th.jpg",
    "categories": ["pantry"],
    "tags": ["canned-fods-soups-nodles", "canned-fruit"],
    "locations": {
      "vic": {
        "price": 1.55,
        "promoText": " ",
        "packageSize": "425g",
        "packagePrice": "$3.65 per 1Kg"
      }
    }
  },
  {
    "id": "coles-fruit-cups-fruit-salad-in-syrup-4-pack",
    "brand": "Coles",
    "name": "Fruit Salad in Syrup 4 pack",
    "imageUrl": "https://shop.coles.com.au/wcsstore/Coles-CAS/images/9/8/3/9837742-th.jpg",
    "categories": ["pantry"],
    "tags": ["canned-fods-soups-nodles", "canned-fruit"],
    "locations": {
      "vic": {
        "price": 2.2,
        "promoText": " ",
        "packageSize": "500g",
        "packagePrice": "$4.40 per 1Kg"
      }
    }
  },
  {
    "id": "coles-fruit-salad-in-juice",
    "brand": "Coles",
    "name": "Fruit Salad in Juice",
    "imageUrl": "https://shop.coles.com.au/wcsstore/Coles-CAS/images/5/3/3/5332609-th.jpg",
    "categories": ["pantry"],
    "tags": ["canned-fods-soups-nodles", "canned-fruit"],
    "locations": {
      "vic": {
        "price": 2.8,
        "promoText": " ",
        "packageSize": "825g",
        "packagePrice": "$3.39 per 1Kg"
      }
    }
  },
  {
    "id": "coles-blueberries",
    "brand": "Coles",
    "name": "Blueberries In Syrup",
    "imageUrl": "https://shop.coles.com.au/wcsstore/Coles-CAS/images/4/1/6/4164961-th.jpg",
    "categories": ["pantry"],
    "tags": ["canned-fods-soups-nodles", "canned-fruit"],
    "locations": {
      "vic": {
        "price": 3.8,
        "promoText": " ",
        "packageSize": "415g",
        "packagePrice": "$9.16 per 1Kg"
      }
    }
  },
  {
    "id": "coles-brand-cherries-black-pitted-in-syrup",
    "brand": "Coles",
    "name": "Black Pitted Cherries in Syrup",
    "imageUrl": "https://shop.coles.com.au/wcsstore/Coles-CAS/images/5/3/5/5357723-th.jpg",
    "categories": ["pantry"],
    "tags": ["canned-fods-soups-nodles", "canned-fruit"],
    "locations": {
      "vic": {
        "price": 3.8,
        "promoText": " ",
        "packageSize": "425g",
        "packagePrice": "$8.94 per 1Kg"
      }
    }
  },
  {
    "id": "coles-australian-pears-in-juice",
    "brand": "Coles",
    "name": "Pear Slices In Juice",
    "imageUrl": "https://shop.coles.com.au/wcsstore/Coles-CAS/images/3/2/4/3245707-th.jpg",
    "categories": ["pantry"],
    "tags": ["canned-fods-soups-nodles", "canned-fruit"],
    "locations": {
      "vic": {
        "price": 3.5,
        "promoText": " ",
        "packageSize": "695g",
        "packagePrice": "$5.04 per 1Kg"
      }
    }
  },
  {
    "id": "coles-pineapple-in-juice",
    "brand": "Coles",
    "name": "Pineapple In Juice",
    "imageUrl": "https://shop.coles.com.au/wcsstore/Coles-CAS/images/3/2/4/3245729-th.jpg",
    "categories": ["pantry"],
    "tags": ["canned-fods-soups-nodles", "canned-fruit"],
    "locations": {
      "vic": {
        "price": 3.5,
        "promoText": " ",
        "packageSize": "695g",
        "packagePrice": "$0.50 per 100G"
      }
    }
  },
  {
    "id": "golden-circle-pine-mango-mash-up-squeezy-pouch",
    "brand": "Golden Circle",
    "name": "Pine Mango Mashup Squeezy Pouch",
    "imageUrl": "https://shop.coles.com.au/wcsstore/Coles-CAS/images/1/8/5/1857804-th.jpg",
    "categories": ["pantry"],
    "tags": ["canned-fods-soups-nodles", "canned-fruit"],
    "locations": {
      "vic": {
        "price": 1.5,
        "promoText": "Was $1.89 on May 2018 ",
        "packageSize": "120g",
        "packagePrice": "$12.50 per 1Kg"
      }
    }
  },
  {
    "id": "golden-circle-full-a-fruits-tropical-smash",
    "brand": "Golden Circle",
    "name": "Apple Pineapple and Banana Tropical Smash",
    "imageUrl": "https://shop.coles.com.au/wcsstore/Coles-CAS/images/2/3/6/2366309-th.jpg",
    "categories": ["pantry"],
    "tags": ["canned-fods-soups-nodles", "canned-fruit"],
    "locations": {
      "vic": {
        "price": 1.5,
        "promoText": "Was $1.90 on May 2018 ",
        "packageSize": "120g",
        "packagePrice": "$12.50 per 1Kg"
      }
    }
  },
  {
    "id": "goulburn-valley-sliced-mangoes-in-juice",
    "brand": "Goulburn Valley",
    "name": "Mangoes Slices In Natural Juice",
    "imageUrl": "https://shop.coles.com.au/wcsstore/Coles-CAS/images/1/8/6/1860140-th.jpg",
    "categories": ["pantry"],
    "tags": ["canned-fods-soups-nodles", "canned-fruit"],
    "locations": {
      "vic": {
        "price": 5.1,
        "promoText": " ",
        "packageSize": "685g",
        "packagePrice": "$7.45 per 1Kg"
      }
    }
  },
  {
    "id": "goulburn-valley--two-fruits-in-juice",
    "brand": "Goulburn Valley",
    "name": "Two Fruits In Juice 170g",
    "imageUrl": "https://shop.coles.com.au/wcsstore/Coles-CAS/images/2/8/3/2833710-th.jpg",
    "categories": ["pantry"],
    "tags": ["canned-fods-soups-nodles", "canned-fruit"],
    "locations": {
      "vic": {
        "price": 4,
        "promoText": " ",
        "packageSize": "2 pack",
        "packagePrice": "$1.18 per 100G"
      }
    }
  },
  {
    "id": "spc--aussie-diced-pears",
    "brand": "SPC",
    "name": "Aussie Diced Pears in Juice 120g",
    "imageUrl": "https://shop.coles.com.au/wcsstore/Coles-CAS/images/2/8/3/2833834-th.jpg",
    "categories": ["pantry"],
    "tags": ["canned-fods-soups-nodles", "canned-fruit"],
    "locations": {
      "vic": {
        "price": 4,
        "promoText": " ",
        "packageSize": "4 pack",
        "packagePrice": "$8.33 per 1Kg"
      }
    }
  },
  {
    "id": "spc--tropics-diced-mangoes-4-pack",
    "brand": "SPC",
    "name": "Tropics Diced & Juicy Mangoes in Juice 120g",
    "imageUrl": "https://shop.coles.com.au/wcsstore/Coles-CAS/images/2/8/3/2833812-th.jpg",
    "categories": ["pantry"],
    "tags": ["canned-fods-soups-nodles", "canned-fruit"],
    "locations": {
      "vic": {
        "price": 4,
        "promoText": " ",
        "packageSize": "4 pack",
        "packagePrice": "$8.33 per 1Kg"
      }
    }
  },
  {
    "id": "spc--little-tubs-of-apple-puree--4-pack",
    "brand": "SPC",
    "name": "Little Tubs of Apple Puree 120g",
    "imageUrl": "https://shop.coles.com.au/wcsstore/Coles-CAS/images/2/8/3/2834043-th.jpg",
    "categories": ["pantry"],
    "tags": ["canned-fods-soups-nodles", "canned-fruit"],
    "locations": {
      "vic": {
        "price": 4,
        "promoText": " ",
        "packageSize": "4 pack",
        "packagePrice": "$8.33 per 1Kg"
      }
    }
  },
  {
    "id": "spc-diced-fruit-in-juice-2833856p",
    "brand": "SPC",
    "name": "Aussie Diced Apricots in Juice 120g",
    "imageUrl": "https://shop.coles.com.au/wcsstore/Coles-CAS/images/2/8/3/2833856-th.jpg",
    "categories": ["pantry"],
    "tags": ["canned-fods-soups-nodles", "canned-fruit"],
    "locations": {
      "vic": {
        "price": 4,
        "promoText": " ",
        "packageSize": "4 pack",
        "packagePrice": "$8.33 per 1Kg"
      }
    }
  },
  {
    "id": "barkers-mixed-berry-compote",
    "brand": "Barkers",
    "name": "Mixed Berry Compote",
    "imageUrl": "https://shop.coles.com.au/wcsstore/Coles-CAS/images/3/2/2/3229438-th.jpg",
    "categories": ["pantry"],
    "tags": ["canned-fods-soups-nodles", "canned-fruit"],
    "locations": {
      "vic": {
        "price": 4.5,
        "promoText": " ",
        "packageSize": "300g",
        "packagePrice": "$15.00 per 1Kg"
      }
    }
  },
  {
    "id": "coles-fruit-cups-pineapple-in-syrup-4-pack",
    "brand": "Coles",
    "name": "Pineapple in Syrup Fruit Cups 4 Pack",
    "imageUrl": "https://shop.coles.com.au/wcsstore/Coles-CAS/images/9/8/3/9837684-th.jpg",
    "categories": ["pantry"],
    "tags": ["canned-fods-soups-nodles", "canned-fruit"],
    "locations": {
      "vic": {
        "price": 2.2,
        "promoText": " ",
        "packageSize": "500g",
        "packagePrice": "$4.40 per 1Kg"
      }
    }
  },
  {
    "id": "coles-berries-mixed",
    "brand": "Coles",
    "name": "Mixed  Berries",
    "imageUrl": "https://shop.coles.com.au/wcsstore/Coles-CAS/images/6/6/0/6608454-th.jpg",
    "categories": ["pantry"],
    "tags": ["canned-fods-soups-nodles", "canned-fruit"],
    "locations": {
      "vic": {
        "price": 3.8,
        "promoText": " ",
        "packageSize": "425g",
        "packagePrice": "$8.94 per 1Kg"
      }
    }
  },
  {
    "id": "coles-banana-passionfruit-fruit-pouch",
    "brand": "Coles",
    "name": "Banana & Passionfruit Fruit Puree Blend Pouch",
    "imageUrl": "https://shop.coles.com.au/wcsstore/Coles-CAS/images/2/7/2/2729402-th.jpg",
    "categories": ["pantry"],
    "tags": ["canned-fods-soups-nodles", "canned-fruit"],
    "locations": {
      "vic": {
        "price": 0.95,
        "promoText": " ",
        "packageSize": "90g",
        "packagePrice": "$10.56 per 1Kg"
      }
    }
  },
  {
    "id": "coles-mango-puree-fruit-pouch",
    "brand": "Coles",
    "name": "Mango Fruit Puree Blend Pouch",
    "imageUrl": "https://shop.coles.com.au/wcsstore/Coles-CAS/images/2/7/2/2729424-th.jpg",
    "categories": ["pantry"],
    "tags": ["canned-fods-soups-nodles", "canned-fruit"],
    "locations": {
      "vic": {
        "price": 0.95,
        "promoText": " ",
        "packageSize": "90g",
        "packagePrice": "$10.56 per 1Kg"
      }
    }
  },
  {
    "id": "coles-strawberry-puree-fruit-pouch",
    "brand": "Coles",
    "name": "Strawberry Fruit Puree Blend Pouch",
    "imageUrl": "https://shop.coles.com.au/wcsstore/Coles-CAS/images/2/7/2/2729435-th.jpg",
    "categories": ["pantry"],
    "tags": ["canned-fods-soups-nodles", "canned-fruit"],
    "locations": {
      "vic": {
        "price": 0.95,
        "promoText": " ",
        "packageSize": "90g",
        "packagePrice": "$10.56 per 1Kg"
      }
    }
  },
  {
    "id": "coles-australian-two-fruits-in-juice",
    "brand": "Coles",
    "name": "Two Fruits In Juice",
    "imageUrl": "https://shop.coles.com.au/wcsstore/Coles-CAS/images/3/2/4/3245682-th.jpg",
    "categories": ["pantry"],
    "tags": ["canned-fods-soups-nodles", "canned-fruit"],
    "locations": {
      "vic": {
        "price": 3.5,
        "promoText": " ",
        "packageSize": "695g",
        "packagePrice": "$5.04 per 1Kg"
      }
    }
  },
  {
    "id": "golden-circle-canned-pineapple-slices-in-syrup",
    "brand": "Golden Circle",
    "name": "Canned Pineapple Slices In Syrup",
    "imageUrl": "https://shop.coles.com.au/wcsstore/Coles-CAS/images/1/1/7/117777-th.jpg",
    "categories": ["pantry"],
    "tags": ["canned-fods-soups-nodles", "canned-fruit"],
    "locations": {
      "vic": {
        "price": 3.25,
        "promoText": " ",
        "packageSize": "450g",
        "packagePrice": "$7.22 per 1Kg"
      }
    }
  },
  {
    "id": "golden-circle-canned-pineapple-sliced-in-sy",
    "brand": "Golden Circle",
    "name": "Pineapple Slices In Syrup",
    "imageUrl": "https://shop.coles.com.au/wcsstore/Coles-CAS/images/2/8/3/2830326-th.jpg",
    "categories": ["pantry"],
    "tags": ["canned-fods-soups-nodles", "canned-fruit"],
    "locations": {
      "vic": {
        "price": 5.8,
        "promoText": " ",
        "packageSize": "850g",
        "packagePrice": "$6.82 per 1Kg"
      }
    }
  },
  {
    "id": "golden-circle-australian-pineapple-pieces-in-syrup-117766p",
    "brand": "Golden Circle",
    "name": "Australian Pineapple Pieces In Syrup",
    "imageUrl": "https://shop.coles.com.au/wcsstore/Coles-CAS/images/1/1/7/117766-th.jpg",
    "categories": ["pantry"],
    "tags": ["canned-fods-soups-nodles", "canned-fruit"],
    "locations": {
      "vic": {
        "price": 3.25,
        "promoText": " ",
        "packageSize": "450g",
        "packagePrice": "$7.22 per 1Kg"
      }
    }
  },
  {
    "id": "goulburn-valley-peaches-in-juice",
    "brand": "Goulburn Valley",
    "name": "Peaches In Juice 170g",
    "imageUrl": "https://shop.coles.com.au/wcsstore/Coles-CAS/images/2/8/3/2833700-th.jpg",
    "categories": ["pantry"],
    "tags": ["canned-fods-soups-nodles", "canned-fruit"],
    "locations": {
      "vic": {
        "price": 4,
        "promoText": " ",
        "packageSize": "2 pack",
        "packagePrice": "$1.18 per 100G"
      }
    }
  },
  {
    "id": "goulburn-valley-fruit-plus-apple-berry-chia",
    "brand": "Goulburn Valley",
    "name": "Fruit Plus Apple & Berry Enriched With Chia",
    "imageUrl": "https://shop.coles.com.au/wcsstore/Coles-CAS/images/3/2/1/3212082-th.jpg",
    "categories": ["pantry"],
    "tags": ["canned-fods-soups-nodles", "canned-fruit"],
    "locations": {
      "vic": {
        "price": 2.2,
        "promoText": " ",
        "packageSize": "140g",
        "packagePrice": "$15.71 per 1Kg"
      }
    }
  },
  {
    "id": "goulburn-valley-fruitplus-apple-banana-hon-coconut",
    "brand": "Goulburn Valley",
    "name": "Apple Banana & Honey Enriched With Coconut Fruit Plus",
    "imageUrl": "https://shop.coles.com.au/wcsstore/Coles-CAS/images/3/2/1/3212130-th.jpg",
    "categories": ["pantry"],
    "tags": ["canned-fods-soups-nodles", "canned-fruit"],
    "locations": {
      "vic": {
        "price": 2.2,
        "promoText": " ",
        "packageSize": "140g",
        "packagePrice": "$15.71 per 1Kg"
      }
    }
  },
  {
    "id": "spc--tropics-dicedl-fruit-salad",
    "brand": "SPC",
    "name": "Diced Tropical Fruit Salad in Juice 113g",
    "imageUrl": "https://shop.coles.com.au/wcsstore/Coles-CAS/images/2/8/3/2833845-th.jpg",
    "categories": ["pantry"],
    "tags": ["canned-fods-soups-nodles", "canned-fruit"],
    "locations": {
      "vic": {
        "price": 4,
        "promoText": " ",
        "packageSize": "4 pack",
        "packagePrice": "$8.85 per 1Kg"
      }
    }
  },
  {
    "id": "spc-diced-peaches-in-mango-jelly",
    "brand": "SPC",
    "name": "Diced Peaches In Mango Jelly",
    "imageUrl": "https://shop.coles.com.au/wcsstore/Coles-CAS/images/2/8/9/2898727-th.jpg",
    "categories": ["pantry"],
    "tags": ["canned-fods-soups-nodles", "canned-fruit"],
    "locations": {
      "vic": {
        "price": 4,
        "promoText": " ",
        "packageSize": "480g",
        "packagePrice": "$8.33 per 1Kg"
      }
    }
  },
  {
    "id": "spc-puree-n-simple-apple-banana-4x90g",
    "brand": "SPC",
    "name": "Puree & Simple Apple & Banana 4x90g Pouches",
    "imageUrl": "https://shop.coles.com.au/wcsstore/Coles-CAS/images/3/2/1/3212220-th.jpg",
    "categories": ["pantry"],
    "tags": ["canned-fods-soups-nodles", "canned-fruit"],
    "locations": {
      "vic": {
        "price": 5,
        "promoText": " ",
        "packageSize": "360g",
        "packagePrice": "$13.89 per 1Kg"
      }
    }
  },
  {
    "id": "spc-puree-n-simple-apple-strawberry-4x90g",
    "brand": "SPC",
    "name": "Puree & Simple Apple & Strawberry 4x90g Pouches",
    "imageUrl": "https://shop.coles.com.au/wcsstore/Coles-CAS/images/3/2/1/3212242-th.jpg",
    "categories": ["pantry"],
    "tags": ["canned-fods-soups-nodles", "canned-fruit"],
    "locations": {
      "vic": {
        "price": 5,
        "promoText": " ",
        "packageSize": "360g",
        "packagePrice": "$13.89 per 1Kg"
      }
    }
  },
  {
    "id": "spc-4pk-apricot-less-sugar",
    "brand": "SPC",
    "name": "Apricot Less Sugar",
    "imageUrl": "https://shop.coles.com.au/wcsstore/Coles-CAS/images/3/8/2/3823031-th.jpg",
    "categories": ["pantry"],
    "tags": ["canned-fods-soups-nodles", "canned-fruit"],
    "locations": {
      "vic": {
        "price": 4,
        "promoText": " ",
        "packageSize": "4 pack",
        "packagePrice": "$8.33 per 1Kg"
      }
    }
  },
  {
    "id": "coles-tomatoes-diced-italian",
    "brand": "Coles",
    "name": "Italian Diced Tomatoes",
    "imageUrl": "https://shop.coles.com.au/wcsstore/Coles-CAS/images/5/5/4/5548754-th.jpg",
    "categories": ["pantry"],
    "tags": ["canned-fods-soups-nodles", "canned-vegetables"],
    "locations": {
      "vic": {
        "price": 0.8,
        "promoText": " ",
        "packageSize": "400g",
        "packagePrice": "$2.00 per 1Kg"
      }
    }
  },
  {
    "id": "annalisa-tomatoes-diced",
    "brand": "Annalisa",
    "name": "BPA Free Diced Tomatoes",
    "imageUrl": "https://shop.coles.com.au/wcsstore/Coles-CAS/images/5/9/9/5999775-th.jpg",
    "categories": ["pantry"],
    "tags": ["canned-fods-soups-nodles", "canned-vegetables"],
    "locations": {
      "vic": {
        "price": 1.4,
        "promoText": " ",
        "packageSize": "400g",
        "packagePrice": "$0.35 per 100G"
      }
    }
  },
  {
    "id": "ardmona-tomatoes-chopped-no-added-salt-4558967p",
    "brand": "Ardmona",
    "name": "Diced Tomatoes",
    "imageUrl": "https://shop.coles.com.au/wcsstore/Coles-CAS/images/4/5/5/4558967-th.jpg",
    "categories": ["pantry"],
    "tags": ["canned-fods-soups-nodles", "canned-vegetables"],
    "locations": {
      "vic": {
        "price": 1.4,
        "promoText": " ",
        "packageSize": "400g",
        "packagePrice": "$3.50 per 1Kg"
      }
    }
  },
  {
    "id": "ardmona-tomatoes-crushed-4687074p",
    "brand": "Ardmona",
    "name": "Crushed Tomatoes",
    "imageUrl": "https://shop.coles.com.au/wcsstore/Coles-CAS/images/4/6/8/4687074-th.jpg",
    "categories": ["pantry"],
    "tags": ["canned-fods-soups-nodles", "canned-vegetables"],
    "locations": {
      "vic": {
        "price": 1.4,
        "promoText": " ",
        "packageSize": "400g",
        "packagePrice": "$0.35 per 100G"
      }
    }
  },
  {
    "id": "mutti-polpa-tomatoes-finely-chopped",
    "brand": "Mutti",
    "name": "Polpa Tomatoes Finely Chopped 2x 400g",
    "imageUrl": "https://shop.coles.com.au/wcsstore/Coles-CAS/images/1/0/2/1025357-th.jpg",
    "categories": ["pantry"],
    "tags": ["canned-fods-soups-nodles", "canned-vegetables"],
    "locations": {
      "vic": {
        "price": 3,
        "promoText": " ",
        "packageSize": "2 Pack",
        "packagePrice": "$3.75 per 1Kg"
      }
    }
  },
  {
    "id": "coles-corn-kernels-4774066p",
    "brand": "Coles",
    "name": "Corn Kernels",
    "imageUrl": "https://shop.coles.com.au/wcsstore/Coles-CAS/images/4/7/7/4774066-th.jpg",
    "categories": ["pantry"],
    "tags": ["canned-fods-soups-nodles", "canned-vegetables"],
    "locations": {
      "vic": {
        "price": 0.9,
        "promoText": " ",
        "packageSize": "420g",
        "packagePrice": "$2.14 per 1Kg"
      }
    }
  },
  {
    "id": "coles-tomatoes-diced",
    "brand": "Coles",
    "name": "Italian Diced Tomatoes",
    "imageUrl": "https://shop.coles.com.au/wcsstore/Coles-CAS/images/6/2/3/6238990-th.jpg",
    "categories": ["pantry"],
    "tags": ["canned-fods-soups-nodles", "canned-vegetables"],
    "locations": {
      "vic": {
        "price": 1.5,
        "promoText": " ",
        "packageSize": "800g",
        "packagePrice": "$1.88 per 1Kg"
      }
    }
  },
  {
    "id": "coles-smart-buy-tomatoes-diced",
    "brand": "Coles",
    "name": "Chopped Tomatoes",
    "imageUrl": "https://shop.coles.com.au/wcsstore/Coles-CAS/images/4/2/1/4218380-th.jpg",
    "categories": ["pantry"],
    "tags": ["canned-fods-soups-nodles", "canned-vegetables"],
    "locations": {
      "vic": {
        "price": 0.6,
        "promoText": " ",
        "packageSize": "400g",
        "packagePrice": "$1.50 per 1Kg"
      }
    }
  },
  {
    "id": "coles-tomatoes-diced-organic",
    "brand": "Coles",
    "name": "Organic Diced Tomatoes",
    "imageUrl": "https://shop.coles.com.au/wcsstore/Coles-CAS/images/9/3/8/9388660-th.jpg",
    "categories": ["pantry"],
    "tags": ["canned-fods-soups-nodles", "canned-vegetables"],
    "locations": {
      "vic": {
        "price": 1.1,
        "promoText": " ",
        "packageSize": "400g",
        "packagePrice": "$2.75 per 1Kg"
      }
    }
  },
  {
    "id": "annalisa-tomatoes-peeled",
    "brand": "Annalisa",
    "name": "Peeled Tomatoes",
    "imageUrl": "https://shop.coles.com.au/wcsstore/Coles-CAS/images/1/4/1/141363-th.jpg",
    "categories": ["pantry"],
    "tags": ["canned-fods-soups-nodles", "canned-vegetables"],
    "locations": {
      "vic": {
        "price": 1.4,
        "promoText": " ",
        "packageSize": "400g",
        "packagePrice": "$3.50 per 1Kg"
      }
    }
  },
  {
    "id": "edgell-corn-kernels-132045p",
    "brand": "Edgell",
    "name": "Corn Kernels",
    "imageUrl": "https://shop.coles.com.au/wcsstore/Coles-CAS/images/1/3/2/132045-th.jpg",
    "categories": ["pantry"],
    "tags": ["canned-fods-soups-nodles", "canned-vegetables"],
    "locations": {
      "vic": {
        "price": 1.5,
        "promoText": "Was $1.77 on May 2018 ",
        "packageSize": "420g",
        "packagePrice": "$3.57 per 1Kg"
      }
    }
  },
  {
    "id": "coles-tomatoes-diced-australian",
    "brand": "Coles",
    "name": "Diced Australian Tomatoes",
    "imageUrl": "https://shop.coles.com.au/wcsstore/Coles-CAS/images/4/4/5/4457019-th.jpg",
    "categories": ["pantry"],
    "tags": ["canned-fods-soups-nodles", "canned-vegetables"],
    "locations": {
      "vic": {
        "price": 1,
        "promoText": " ",
        "packageSize": "400g",
        "packagePrice": "$2.50 per 1Kg"
      }
    }
  },
  {
    "id": "coles-tomatoes-whole-peeled-italian",
    "brand": "Coles",
    "name": "Italian Whole Peeled Tomatoes",
    "imageUrl": "https://shop.coles.com.au/wcsstore/Coles-CAS/images/9/0/9/9093215-th.jpg",
    "categories": ["pantry"],
    "tags": ["canned-fods-soups-nodles", "canned-vegetables"],
    "locations": {
      "vic": {
        "price": 0.8,
        "promoText": " ",
        "packageSize": "400g",
        "packagePrice": "$2.00 per 1Kg"
      }
    }
  },
  {
    "id": "coles-corn-creamed",
    "brand": "Coles",
    "name": "Creamed Corn",
    "imageUrl": "https://shop.coles.com.au/wcsstore/Coles-CAS/images/3/4/0/340472-th.jpg",
    "categories": ["pantry"],
    "tags": ["canned-fods-soups-nodles", "canned-vegetables"],
    "locations": {
      "vic": {
        "price": 0.95,
        "promoText": " ",
        "packageSize": "420g",
        "packagePrice": "$2.26 per 1Kg"
      }
    }
  },
  {
    "id": "edgell-corn-creamed-163300p",
    "brand": "Edgell",
    "name": "Creamed Corn",
    "imageUrl": "https://shop.coles.com.au/wcsstore/Coles-CAS/images/1/6/3/163300-th.jpg",
    "categories": ["pantry"],
    "tags": ["canned-fods-soups-nodles", "canned-vegetables"],
    "locations": {
      "vic": {
        "price": 1.5,
        "promoText": "Was $1.77 on May 2018 ",
        "packageSize": "420g",
        "packagePrice": "$3.57 per 1Kg"
      }
    }
  },
  {
    "id": "edgell-corn-kernels-super-sweet-125g-cans",
    "brand": "Edgell",
    "name": "Super Sweet Corn Kernels",
    "imageUrl": "https://shop.coles.com.au/wcsstore/Coles-CAS/images/9/4/0/9402284-th.jpg",
    "categories": ["pantry"],
    "tags": ["canned-fods-soups-nodles", "canned-vegetables"],
    "locations": {
      "vic": {
        "price": 3,
        "promoText": "Was $4.40 on Aug 2016 ",
        "packageSize": "4 pack",
        "packagePrice": "$6.00 per 1Kg"
      }
    }
  },
  {
    "id": "coles-corn-kernels-125g-cans",
    "brand": "Coles",
    "name": "Corn Kernels",
    "imageUrl": "https://shop.coles.com.au/wcsstore/Coles-CAS/images/6/3/8/6385860-th.jpg",
    "categories": ["pantry"],
    "tags": ["canned-fods-soups-nodles", "canned-vegetables"],
    "locations": {
      "vic": {
        "price": 2.2,
        "promoText": " ",
        "packageSize": "4 pack",
        "packagePrice": "$4.40 per 1Kg"
      }
    }
  },
  {
    "id": "coles-corn-spears-young",
    "brand": "Coles",
    "name": "Baby Corn Spears",
    "imageUrl": "https://shop.coles.com.au/wcsstore/Coles-CAS/images/8/7/0/8701042-th.jpg",
    "categories": ["pantry"],
    "tags": ["canned-fods-soups-nodles", "canned-vegetables"],
    "locations": {
      "vic": {
        "price": 1,
        "promoText": " ",
        "packageSize": "410g",
        "packagePrice": "$0.24 per 100G"
      }
    }
  },
  {
    "id": "ardmona-tomatoes-peeled-whole",
    "brand": "Ardmona",
    "name": "Whole Peeled Tomatoes",
    "imageUrl": "https://shop.coles.com.au/wcsstore/Coles-CAS/images/4/8/4/4840014-th.jpg",
    "categories": ["pantry"],
    "tags": ["canned-fods-soups-nodles", "canned-vegetables"],
    "locations": {
      "vic": {
        "price": 1.4,
        "promoText": " ",
        "packageSize": "400g",
        "packagePrice": "$3.50 per 1Kg"
      }
    }
  },
  {
    "id": "edgell-corn-kernels-125g-cans",
    "brand": "Edgell",
    "name": "Corn Kernels 125g",
    "imageUrl": "https://shop.coles.com.au/wcsstore/Coles-CAS/images/9/4/0/9402262-th.jpg",
    "categories": ["pantry"],
    "tags": ["canned-fods-soups-nodles", "canned-vegetables"],
    "locations": {
      "vic": {
        "price": 3,
        "promoText": "Was $4.00 on Aug 2016 ",
        "packageSize": "4 pack",
        "packagePrice": "$6.00 per 1Kg"
      }
    }
  },
  {
    "id": "edgell-beetroot-sliced-131552p",
    "brand": "Edgell",
    "name": "Sliced Beetroot",
    "imageUrl": "https://shop.coles.com.au/wcsstore/Coles-CAS/images/1/3/1/131552-th.jpg",
    "categories": ["pantry"],
    "tags": ["canned-fods-soups-nodles", "canned-vegetables"],
    "locations": {
      "vic": {
        "price": 1.2,
        "promoText": " ",
        "packageSize": "225g",
        "packagePrice": "$5.33 per 1Kg"
      }
    }
  },
  {
    "id": "mutti-tomatoes-baby-roma",
    "brand": "Mutti",
    "name": "Baby Roma Tomatoes",
    "imageUrl": "https://shop.coles.com.au/wcsstore/Coles-CAS/images/1/0/2/1025142-th.jpg",
    "categories": ["pantry"],
    "tags": ["canned-fods-soups-nodles", "canned-vegetables"],
    "locations": {
      "vic": {
        "price": 1.5,
        "promoText": "$0.50 ",
        "packageSize": "400g",
        "packagePrice": "$3.75 per 1Kg"
      }
    }
  },
  {
    "id": "coles-tomatoes-crushed-with-basil-oregano",
    "brand": "Coles",
    "name": "Italian Crushed Tomatoes with Basil & Oregano",
    "imageUrl": "https://shop.coles.com.au/wcsstore/Coles-CAS/images/8/6/7/8675667-th.jpg",
    "categories": ["pantry"],
    "tags": ["canned-fods-soups-nodles", "canned-vegetables"],
    "locations": {
      "vic": {
        "price": 1.2,
        "promoText": " ",
        "packageSize": "400g",
        "packagePrice": "$3.00 per 1Kg"
      }
    }
  },
  {
    "id": "coles-tomatoes-whole-peeled",
    "brand": "Coles",
    "name": "Italian Whole Peeled Tomatoes",
    "imageUrl": "https://shop.coles.com.au/wcsstore/Coles-CAS/images/6/2/3/6239008-th.jpg",
    "categories": ["pantry"],
    "tags": ["canned-fods-soups-nodles", "canned-vegetables"],
    "locations": {
      "vic": {
        "price": 1.5,
        "promoText": " ",
        "packageSize": "800g",
        "packagePrice": "$1.88 per 1Kg"
      }
    }
  },
  {
    "id": "coles-tomatoes-whole-peeled-organic",
    "brand": "Coles",
    "name": "Organic Whole Peeled Italian Tomatoes",
    "imageUrl": "https://shop.coles.com.au/wcsstore/Coles-CAS/images/9/3/8/9388650-th.jpg",
    "categories": ["pantry"],
    "tags": ["canned-fods-soups-nodles", "canned-vegetables"],
    "locations": {
      "vic": {
        "price": 1.1,
        "promoText": " ",
        "packageSize": "400g",
        "packagePrice": "$2.75 per 1Kg"
      }
    }
  },
  {
    "id": "ardmona-tomato-duo-chopped-finely",
    "brand": "Ardmona",
    "name": "Classic Rich & Thick Tomatoes",
    "imageUrl": "https://shop.coles.com.au/wcsstore/Coles-CAS/images/4/5/1/4515749-th.jpg",
    "categories": ["pantry"],
    "tags": ["canned-fods-soups-nodles", "canned-vegetables"],
    "locations": {
      "vic": {
        "price": 1.8,
        "promoText": " ",
        "packageSize": "410g",
        "packagePrice": "$4.39 per 1Kg"
      }
    }
  },
  {
    "id": "ardmona-tomato-cherry",
    "brand": "Ardmona",
    "name": "Whole Unpeeled Cherry Tomatoes",
    "imageUrl": "https://shop.coles.com.au/wcsstore/Coles-CAS/images/3/2/1/3218012-th.jpg",
    "categories": ["pantry"],
    "tags": ["canned-fods-soups-nodles", "canned-vegetables"],
    "locations": {
      "vic": {
        "price": 2,
        "promoText": " ",
        "packageSize": "400g",
        "packagePrice": "$0.50 per 100G"
      }
    }
  },
  {
    "id": "coles-corn-kernels",
    "brand": "Coles",
    "name": "Corn Kernels",
    "imageUrl": "https://shop.coles.com.au/wcsstore/Coles-CAS/images/4/7/7/4774077-th.jpg",
    "categories": ["pantry"],
    "tags": ["canned-fods-soups-nodles", "canned-vegetables"],
    "locations": {
      "vic": {
        "price": 0.85,
        "promoText": " ",
        "packageSize": "125g",
        "packagePrice": "$0.68 per 100G"
      }
    }
  },
  {
    "id": "coles-tomatoes-crushed-with-mixed-herbs",
    "brand": "Coles",
    "name": "Italian Crushed Tomatoes with Mixed Herbs",
    "imageUrl": "https://shop.coles.com.au/wcsstore/Coles-CAS/images/8/6/7/8675678-th.jpg",
    "categories": ["pantry"],
    "tags": ["canned-fods-soups-nodles", "canned-vegetables"],
    "locations": {
      "vic": {
        "price": 1.2,
        "promoText": " ",
        "packageSize": "400g",
        "packagePrice": "$3.00 per 1Kg"
      }
    }
  },
  {
    "id": "edgell-corn-kernels-no-added-salt",
    "brand": "Edgell",
    "name": "Corn Kernels No Added Salt",
    "imageUrl": "https://shop.coles.com.au/wcsstore/Coles-CAS/images/4/4/3/443792-th.jpg",
    "categories": ["pantry"],
    "tags": ["canned-fods-soups-nodles", "canned-vegetables"],
    "locations": {
      "vic": {
        "price": 1.5,
        "promoText": "Was $1.77 on May 2018 ",
        "packageSize": "420g",
        "packagePrice": "$3.57 per 1Kg"
      }
    }
  },
  {
    "id": "edgell-sauerkraut",
    "brand": "Edgell",
    "name": "Sauerkraut",
    "imageUrl": "https://shop.coles.com.au/wcsstore/Coles-CAS/images/1/3/2/132442-th.jpg",
    "categories": ["pantry"],
    "tags": ["canned-fods-soups-nodles", "canned-vegetables"],
    "locations": {
      "vic": {
        "price": 3.2,
        "promoText": " ",
        "packageSize": "410g",
        "packagePrice": "$7.81 per 1Kg"
      }
    }
  },
  {
    "id": "mutti-cherry-tomatoes",
    "brand": "Mutti",
    "name": "Cherry Tomatoes",
    "imageUrl": "https://shop.coles.com.au/wcsstore/Coles-CAS/images/2/6/1/2612948-th.jpg",
    "categories": ["pantry"],
    "tags": ["canned-fods-soups-nodles", "canned-vegetables"],
    "locations": {
      "vic": {
        "price": 2.1,
        "promoText": " ",
        "packageSize": "400g",
        "packagePrice": "$5.25 per 1Kg"
      }
    }
  },
  {
    "id": "coles-diced-beetroot-1597805p",
    "brand": "Coles",
    "name": "Diced Beetroot",
    "imageUrl": "https://shop.coles.com.au/wcsstore/Coles-CAS/images/1/5/9/1597805-th.jpg",
    "categories": ["pantry"],
    "tags": ["canned-fods-soups-nodles", "canned-vegetables"],
    "locations": {
      "vic": {
        "price": 1.3,
        "promoText": " ",
        "packageSize": "425g",
        "packagePrice": "$3.06 per 1Kg"
      }
    }
  },
  {
    "id": "edgell-corn-kernels-super-sweet-6836889p",
    "brand": "Edgell",
    "name": "Super Sweet Corn Kernels",
    "imageUrl": "https://shop.coles.com.au/wcsstore/Coles-CAS/images/6/8/3/6836889-th.jpg",
    "categories": ["pantry"],
    "tags": ["canned-fods-soups-nodles", "canned-vegetables"],
    "locations": {
      "vic": {
        "price": 1.5,
        "promoText": "$0.55 ",
        "packageSize": "420g",
        "packagePrice": "$3.57 per 1Kg"
      }
    }
  },
  {
    "id": "edgell-capsicum-diced",
    "brand": "Edgell",
    "name": "Diced Capsicum",
    "imageUrl": "https://shop.coles.com.au/wcsstore/Coles-CAS/images/1/3/2/132464-th.jpg",
    "categories": ["pantry"],
    "tags": ["canned-fods-soups-nodles", "canned-vegetables"],
    "locations": {
      "vic": {
        "price": 1.4,
        "promoText": " ",
        "packageSize": "125g",
        "packagePrice": "$11.20 per 1Kg"
      }
    }
  },
  {
    "id": "golden-circle-beetroot-sliced-131541p",
    "brand": "Golden Circle",
    "name": "Sliced Beetroot",
    "imageUrl": "https://shop.coles.com.au/wcsstore/Coles-CAS/images/1/3/1/131541-th.jpg",
    "categories": ["pantry"],
    "tags": ["canned-fods-soups-nodles", "canned-vegetables"],
    "locations": {
      "vic": {
        "price": 1.8,
        "promoText": " ",
        "packageSize": "450g",
        "packagePrice": "$4.00 per 1Kg"
      }
    }
  },
  {
    "id": "coles-beetroot-baby",
    "brand": "Coles",
    "name": "Baby Beets",
    "imageUrl": "https://shop.coles.com.au/wcsstore/Coles-CAS/images/7/2/3/7233030-th.jpg",
    "categories": ["pantry"],
    "tags": ["canned-fods-soups-nodles", "canned-vegetables"],
    "locations": {
      "vic": {
        "price": 1.75,
        "promoText": " ",
        "packageSize": "450g",
        "packagePrice": "$3.89 per 1Kg"
      }
    }
  },
  {
    "id": "coles-champignons-pieces-stems",
    "brand": "Coles",
    "name": "Champignons Pieces & Stems",
    "imageUrl": "https://shop.coles.com.au/wcsstore/Coles-CAS/images/8/7/9/8795760-th.jpg",
    "categories": ["pantry"],
    "tags": ["canned-fods-soups-nodles", "canned-vegetables"],
    "locations": {
      "vic": {
        "price": 1.7,
        "promoText": " ",
        "packageSize": "425g",
        "packagePrice": "$4.00 per 1Kg"
      }
    }
  },
  {
    "id": "edgell-baby-beets",
    "brand": "Edgell",
    "name": "Picked & Peeled Baby Beets",
    "imageUrl": "https://shop.coles.com.au/wcsstore/Coles-CAS/images/3/1/8/3185671-th.jpg",
    "categories": ["pantry"],
    "tags": ["canned-fods-soups-nodles", "canned-vegetables"],
    "locations": {
      "vic": {
        "price": 2,
        "promoText": " ",
        "packageSize": "425g",
        "packagePrice": "$4.71 per 1Kg"
      }
    }
  },
  {
    "id": "mutti-polpa-tomatoes-baby-roma",
    "brand": "Mutti",
    "name": "Finely Chopped Baby Tomatoes Polpa",
    "imageUrl": "https://shop.coles.com.au/wcsstore/Coles-CAS/images/3/5/8/3587405-th.jpg",
    "categories": ["pantry"],
    "tags": ["canned-fods-soups-nodles", "canned-vegetables"],
    "locations": {
      "vic": {
        "price": 3.15,
        "promoText": " ",
        "packageSize": "600g",
        "packagePrice": "$0.53 per 100G"
      }
    }
  },
  {
    "id": "always-fresh-artichoke-hearts-whole",
    "brand": "Always Fresh",
    "name": "Artichoke Hearts",
    "imageUrl": "https://shop.coles.com.au/wcsstore/Coles-CAS/images/1/3/2/132475-th.jpg",
    "categories": ["pantry"],
    "tags": ["canned-fods-soups-nodles", "canned-vegetables"],
    "locations": {
      "vic": {
        "price": 4,
        "promoText": " ",
        "packageSize": "400g",
        "packagePrice": "$10.00 per 1Kg"
      }
    }
  },
  {
    "id": "ardmona-tomato-duo-chopped-onion-garlic",
    "brand": "Ardmona",
    "name": "Rich & Thick Tomatoes With Onion Garlic",
    "imageUrl": "https://shop.coles.com.au/wcsstore/Coles-CAS/images/4/6/8/4686402-th.jpg",
    "categories": ["pantry"],
    "tags": ["canned-fods-soups-nodles", "canned-vegetables"],
    "locations": {
      "vic": {
        "price": 1.8,
        "promoText": " ",
        "packageSize": "410g",
        "packagePrice": "$4.39 per 1Kg"
      }
    }
  },
  {
    "id": "coles-carrots-baby",
    "brand": "Coles",
    "name": "Baby Carrots",
    "imageUrl": "https://shop.coles.com.au/wcsstore/Coles-CAS/images/5/4/3/5433173-th.jpg",
    "categories": ["pantry"],
    "tags": ["canned-fods-soups-nodles", "canned-vegetables"],
    "locations": {
      "vic": {
        "price": 1.5,
        "promoText": " ",
        "packageSize": "410g",
        "packagePrice": "$3.66 per 1Kg"
      }
    }
  },
  {
    "id": "coles-corn-kernels-no-added-salt",
    "brand": "Coles",
    "name": "Corn Kernels No Added Salt",
    "imageUrl": "https://shop.coles.com.au/wcsstore/Coles-CAS/images/6/3/5/6355246-th.jpg",
    "categories": ["pantry"],
    "tags": ["canned-fods-soups-nodles", "canned-vegetables"],
    "locations": {
      "vic": {
        "price": 0.9,
        "promoText": " ",
        "packageSize": "420g",
        "packagePrice": "$2.14 per 1Kg"
      }
    }
  },
  {
    "id": "coles-smart-buy-beetroot-sliced",
    "brand": "Coles",
    "name": "Sliced Beetroot",
    "imageUrl": "https://shop.coles.com.au/wcsstore/Coles-CAS/images/5/3/8/5387597-th.jpg",
    "categories": ["pantry"],
    "tags": ["canned-fods-soups-nodles", "canned-vegetables"],
    "locations": {
      "vic": {
        "price": 0.8,
        "promoText": " ",
        "packageSize": "425g",
        "packagePrice": "$0.19 per 100G"
      }
    }
  },
  {
    "id": "deb-potato-mashed-instant-plain",
    "brand": "Deb",
    "name": "Instant Mashed Plain Potato",
    "imageUrl": "https://shop.coles.com.au/wcsstore/Coles-CAS/images/1/3/2/132635-th.jpg",
    "categories": ["pantry"],
    "tags": ["canned-fods-soups-nodles", "canned-vegetables"],
    "locations": {
      "vic": {
        "price": 5.75,
        "promoText": " ",
        "packageSize": "350g",
        "packagePrice": "$16.43 per 1Kg"
      }
    }
  },
  {
    "id": "edgell-peas-baby",
    "brand": "Edgell",
    "name": "Baby Peas",
    "imageUrl": "https://shop.coles.com.au/wcsstore/Coles-CAS/images/6/8/3/6836302-th.jpg",
    "categories": ["pantry"],
    "tags": ["canned-fods-soups-nodles", "canned-vegetables"],
    "locations": {
      "vic": {
        "price": 1.5,
        "promoText": "$0.50 ",
        "packageSize": "420g",
        "packagePrice": "$3.57 per 1Kg"
      }
    }
  },
  {
    "id": "edgell-beetroot-sliced-131563p",
    "brand": "Edgell",
    "name": "Sliced Beetroot",
    "imageUrl": "https://shop.coles.com.au/wcsstore/Coles-CAS/images/1/3/1/131563-th.jpg",
    "categories": ["pantry"],
    "tags": ["canned-fods-soups-nodles", "canned-vegetables"],
    "locations": {
      "vic": {
        "price": 1.5,
        "promoText": "Was $1.75 on May 2018 ",
        "packageSize": "425g",
        "packagePrice": "$3.53 per 1Kg"
      }
    }
  },
  {
    "id": "always-fresh-bean-sprouts",
    "brand": "Always Fresh",
    "name": "Riviana Bean Sprouts Whole",
    "imageUrl": "https://shop.coles.com.au/wcsstore/Coles-CAS/images/4/2/4/4244517-th.jpg",
    "categories": ["pantry"],
    "tags": ["canned-fods-soups-nodles", "canned-vegetables"],
    "locations": {
      "vic": {
        "price": 1.6,
        "promoText": " ",
        "packageSize": "200g",
        "packagePrice": "$8.00 per 1Kg"
      }
    }
  },
  {
    "id": "ardmona-tomato-duo-with-herbs",
    "brand": "Ardmona",
    "name": "Rich & Thick Tomatoes With Herbs",
    "imageUrl": "https://shop.coles.com.au/wcsstore/Coles-CAS/images/5/3/2/5324462-th.jpg",
    "categories": ["pantry"],
    "tags": ["canned-fods-soups-nodles", "canned-vegetables"],
    "locations": {
      "vic": {
        "price": 1.8,
        "promoText": " ",
        "packageSize": "410g",
        "packagePrice": "$4.39 per 1Kg"
      }
    }
  },
  {
    "id": "ardmona-tomato-duo-chopped-garlic-basil",
    "brand": "Ardmona",
    "name": "Rich & Thick Tomatoes With Garlic & Basil",
    "imageUrl": "https://shop.coles.com.au/wcsstore/Coles-CAS/images/4/5/1/4515738-th.jpg",
    "categories": ["pantry"],
    "tags": ["canned-fods-soups-nodles", "canned-vegetables"],
    "locations": {
      "vic": {
        "price": 1.8,
        "promoText": " ",
        "packageSize": "410g",
        "packagePrice": "$4.39 per 1Kg"
      }
    }
  },
  {
    "id": "coles-champignons-whole",
    "brand": "Coles",
    "name": "Whole Champignons",
    "imageUrl": "https://shop.coles.com.au/wcsstore/Coles-CAS/images/8/7/9/8795716-th.jpg",
    "categories": ["pantry"],
    "tags": ["canned-fods-soups-nodles", "canned-vegetables"],
    "locations": {
      "vic": {
        "price": 1.35,
        "promoText": " ",
        "packageSize": "425g",
        "packagePrice": "$3.18 per 1Kg"
      }
    }
  },
  {
    "id": "coles-asparagus-spears",
    "brand": "Coles",
    "name": "Asparagus Spears",
    "imageUrl": "https://shop.coles.com.au/wcsstore/Coles-CAS/images/5/8/4/5841817-th.jpg",
    "categories": ["pantry"],
    "tags": ["canned-fods-soups-nodles", "canned-vegetables"],
    "locations": {
      "vic": {
        "price": 2.5,
        "promoText": " ",
        "packageSize": "425g",
        "packagePrice": "$5.88 per 1Kg"
      }
    }
  },
  {
    "id": "coles-champignons-whole-336500p",
    "brand": "Coles",
    "name": "Whole Champignons",
    "imageUrl": "https://shop.coles.com.au/wcsstore/Coles-CAS/images/3/3/6/336500-th.jpg",
    "categories": ["pantry"],
    "tags": ["canned-fods-soups-nodles", "canned-vegetables"],
    "locations": {
      "vic": {
        "price": 0.85,
        "promoText": " ",
        "packageSize": "190g",
        "packagePrice": "$4.47 per 1Kg"
      }
    }
  },
  {
    "id": "coles-water-chestnuts-sliced",
    "brand": "Coles",
    "name": "Sliced Water Chestnuts",
    "imageUrl": "https://shop.coles.com.au/wcsstore/Coles-CAS/images/5/2/9/5293020-th.jpg",
    "categories": ["pantry"],
    "tags": ["canned-fods-soups-nodles", "canned-vegetables"],
    "locations": {
      "vic": {
        "price": 1.1,
        "promoText": " ",
        "packageSize": "225g",
        "packagePrice": "$4.89 per 1Kg"
      }
    }
  },
  {
    "id": "coles-sliced-mushrooms-in-butter-sauce-canned-131869p",
    "brand": "Coles",
    "name": "Sliced Mushrooms in Butter Sauce Canned",
    "imageUrl": "https://shop.coles.com.au/wcsstore/Coles-CAS/images/1/3/1/131869-th.jpg",
    "categories": ["pantry"],
    "tags": ["canned-fods-soups-nodles", "canned-vegetables"],
    "locations": {
      "vic": {
        "price": 1.55,
        "promoText": " ",
        "packageSize": "220g",
        "packagePrice": "$7.05 per 1Kg"
      }
    }
  },
  {
    "id": "coles-diced-tomatoes-mexican-style",
    "brand": "Coles",
    "name": "Diced Tomatoes Mexican Style",
    "imageUrl": "https://shop.coles.com.au/wcsstore/Coles-CAS/images/3/6/6/3666090-th.jpg",
    "categories": ["pantry"],
    "tags": ["canned-fods-soups-nodles", "canned-vegetables"],
    "locations": {
      "vic": {
        "price": 1.2,
        "promoText": " ",
        "packageSize": "400g",
        "packagePrice": "$3.00 per 1Kg"
      }
    }
  },
  {
    "id": "edgell-beetroot-sliced-summer-style",
    "brand": "Edgell",
    "name": "Sliced Beetroot Summer Style",
    "imageUrl": "https://shop.coles.com.au/wcsstore/Coles-CAS/images/5/8/2/5828706-th.jpg",
    "categories": ["pantry"],
    "tags": ["canned-fods-soups-nodles", "canned-vegetables"],
    "locations": {
      "vic": {
        "price": 1.5,
        "promoText": "Was $1.75 on May 2018 ",
        "packageSize": "425g",
        "packagePrice": "$3.53 per 1Kg"
      }
    }
  },
  {
    "id": "edgell-peas-garden",
    "brand": "Edgell",
    "name": "Garden Peas",
    "imageUrl": "https://shop.coles.com.au/wcsstore/Coles-CAS/images/1/3/1/131632-th.jpg",
    "categories": ["pantry"],
    "tags": ["canned-fods-soups-nodles", "canned-vegetables"],
    "locations": {
      "vic": {
        "price": 1.1,
        "promoText": " ",
        "packageSize": "220g",
        "packagePrice": "$5.00 per 1Kg"
      }
    }
  },
  {
    "id": "edgell-beetroot-sliced",
    "brand": "Edgell",
    "name": "Sliced Beetroot",
    "imageUrl": "https://shop.coles.com.au/wcsstore/Coles-CAS/images/1/3/1/131574-th.jpg",
    "categories": ["pantry"],
    "tags": ["canned-fods-soups-nodles", "canned-vegetables"],
    "locations": {
      "vic": {
        "price": 2.55,
        "promoText": " ",
        "packageSize": "825g",
        "packagePrice": "$3.09 per 1Kg"
      }
    }
  },
  {
    "id": "edgell-peas-garden-131643p",
    "brand": "Edgell",
    "name": "Garden Peas",
    "imageUrl": "https://shop.coles.com.au/wcsstore/Coles-CAS/images/1/3/1/131643-th.jpg",
    "categories": ["pantry"],
    "tags": ["canned-fods-soups-nodles", "canned-vegetables"],
    "locations": {
      "vic": {
        "price": 1.45,
        "promoText": " ",
        "packageSize": "420g",
        "packagePrice": "$3.45 per 1Kg"
      }
    }
  },
  {
    "id": "edgell-corn-creamed-9402171p",
    "brand": "Edgell",
    "name": "Creamed Corn",
    "imageUrl": "https://shop.coles.com.au/wcsstore/Coles-CAS/images/9/4/0/9402171-th.jpg",
    "categories": ["pantry"],
    "tags": ["canned-fods-soups-nodles", "canned-vegetables"],
    "locations": {
      "vic": {
        "price": 3,
        "promoText": "Was $4.00 on Aug 2016 ",
        "packageSize": "4 pack",
        "packagePrice": "$6.00 per 1Kg"
      }
    }
  },
  {
    "id": "coles-champignons-pieces-stems-307207p",
    "brand": "Coles",
    "name": "Champignons Pieces & Stems",
    "imageUrl": "https://shop.coles.com.au/wcsstore/Coles-CAS/images/3/0/7/307207-th.jpg",
    "categories": ["pantry"],
    "tags": ["canned-fods-soups-nodles", "canned-vegetables"],
    "locations": {
      "vic": {
        "price": 0.88,
        "promoText": " ",
        "packageSize": "190g",
        "packagePrice": "$4.63 per 1Kg"
      }
    }
  },
  {
    "id": "coles-peas-baby",
    "brand": "Coles",
    "name": "Baby Peas",
    "imageUrl": "https://shop.coles.com.au/wcsstore/Coles-CAS/images/5/4/3/5433162-th.jpg",
    "categories": ["pantry"],
    "tags": ["canned-fods-soups-nodles", "canned-vegetables"],
    "locations": {
      "vic": {
        "price": 0.85,
        "promoText": " ",
        "packageSize": "420g",
        "packagePrice": "$2.02 per 1Kg"
      }
    }
  },
  {
    "id": "coles-smart-buy-potato-mashed-instant",
    "brand": "Coles",
    "name": "Instant Mashed Potato",
    "imageUrl": "https://shop.coles.com.au/wcsstore/Coles-CAS/images/9/0/9/9096280-th.jpg",
    "categories": ["pantry"],
    "tags": ["canned-fods-soups-nodles", "canned-vegetables"],
    "locations": {
      "vic": {
        "price": 1.2,
        "promoText": " ",
        "packageSize": "125g",
        "packagePrice": "$9.60 per 1Kg"
      }
    }
  },
  {
    "id": "coles-datterini-tomatoes-whole-unpeled",
    "brand": "Coles",
    "name": "Datterini Tomatoes Whole Unpeeled",
    "imageUrl": "https://shop.coles.com.au/wcsstore/Coles-CAS/images/3/6/6/3665510-th.jpg",
    "categories": ["pantry"],
    "tags": ["canned-fods-soups-nodles", "canned-vegetables"],
    "locations": {
      "vic": {
        "price": 1.2,
        "promoText": " ",
        "packageSize": "400g",
        "packagePrice": "$3.00 per 1Kg"
      }
    }
  },
  {
    "id": "edgell-peas-baby-super-sweet-corn",
    "brand": "Edgell",
    "name": "Baby Peas & Super Sweet Corn",
    "imageUrl": "https://shop.coles.com.au/wcsstore/Coles-CAS/images/6/8/3/6835809-th.jpg",
    "categories": ["pantry"],
    "tags": ["canned-fods-soups-nodles", "canned-vegetables"],
    "locations": {
      "vic": {
        "price": 1.5,
        "promoText": "$0.50 ",
        "packageSize": "420g",
        "packagePrice": "$3.57 per 1Kg"
      }
    }
  },
  {
    "id": "edgell-mushrooms-sliced-in-butter-sauce",
    "brand": "Edgell",
    "name": "Sliced Mushrooms in Butter Sauce",
    "imageUrl": "https://shop.coles.com.au/wcsstore/Coles-CAS/images/1/3/1/131905-th.jpg",
    "categories": ["pantry"],
    "tags": ["canned-fods-soups-nodles", "canned-vegetables"],
    "locations": {
      "vic": {
        "price": 1.6,
        "promoText": " ",
        "packageSize": "220g",
        "packagePrice": "$7.27 per 1Kg"
      }
    }
  },
  {
    "id": "edgell-corn-kernels-3185740p",
    "brand": "Edgell",
    "name": "Corn Kernels",
    "imageUrl": "https://shop.coles.com.au/wcsstore/Coles-CAS/images/3/1/8/3185740-th.jpg",
    "categories": ["pantry"],
    "tags": ["canned-fods-soups-nodles", "canned-vegetables"],
    "locations": {
      "vic": {
        "price": 1.3,
        "promoText": " ",
        "packageSize": "300g",
        "packagePrice": "$4.33 per 1Kg"
      }
    }
  },
  {
    "id": "edgell-mushrom-sliced-butter-sc",
    "brand": "Edgell",
    "name": "Mushroom Sliced Butter",
    "imageUrl": "https://shop.coles.com.au/wcsstore/Coles-CAS/images/5/1/8/5181015-th.jpg",
    "categories": ["pantry"],
    "tags": ["canned-fods-soups-nodles", "canned-vegetables"],
    "locations": {
      "vic": {
        "price": 2.19,
        "promoText": " ",
        "packageSize": "410g",
        "packagePrice": "$5.34 per 1Kg"
      }
    }
  },
  {
    "id": "golden-circle-beetroot-sliced-131585p",
    "brand": "Golden Circle",
    "name": "Sliced Beetroot",
    "imageUrl": "https://shop.coles.com.au/wcsstore/Coles-CAS/images/1/3/1/131585-th.jpg",
    "categories": ["pantry"],
    "tags": ["canned-fods-soups-nodles", "canned-vegetables"],
    "locations": {
      "vic": {
        "price": 2,
        "promoText": "Was $2.75 on Jan 2016 ",
        "packageSize": "850g",
        "packagePrice": "$2.35 per 1Kg"
      }
    }
  },
  {
    "id": "golden-circle-pickled-baby-beetroot",
    "brand": "Golden Circle",
    "name": "Pickled Baby Beetroot",
    "imageUrl": "https://shop.coles.com.au/wcsstore/Coles-CAS/images/1/6/5/1655297-th.jpg",
    "categories": ["pantry"],
    "tags": ["canned-fods-soups-nodles", "canned-vegetables"],
    "locations": {
      "vic": {
        "price": 3,
        "promoText": " ",
        "packageSize": "440g",
        "packagePrice": "$6.82 per 1Kg"
      }
    }
  },
  {
    "id": "three-three-beetroot-whole",
    "brand": "Three Threes",
    "name": "Sweet Whole Baby Beets",
    "imageUrl": "https://shop.coles.com.au/wcsstore/Coles-CAS/images/3/3/4/3348051-th.jpg",
    "categories": ["pantry"],
    "tags": ["canned-fods-soups-nodles", "canned-vegetables"],
    "locations": {
      "vic": {
        "price": 3,
        "promoText": " ",
        "packageSize": "415g",
        "packagePrice": "$7.23 per 1Kg"
      }
    }
  },
  {
    "id": "always-fresh-asparagus-spears-springwater",
    "brand": "Always Fresh",
    "name": "Asparagus SpringWater",
    "imageUrl": "https://shop.coles.com.au/wcsstore/Coles-CAS/images/4/6/9/4692314-th.jpg",
    "categories": ["pantry"],
    "tags": ["canned-fods-soups-nodles", "canned-vegetables"],
    "locations": {
      "vic": {
        "price": 4.3,
        "promoText": " ",
        "packageSize": "340g",
        "packagePrice": "$12.65 per 1Kg"
      }
    }
  },
  {
    "id": "always-fresh-bamboo-shoots-sliced",
    "brand": "Always Fresh",
    "name": "Riviana Bamboo Shoots",
    "imageUrl": "https://shop.coles.com.au/wcsstore/Coles-CAS/images/3/0/2/302531-th.jpg",
    "categories": ["pantry"],
    "tags": ["canned-fods-soups-nodles", "canned-vegetables"],
    "locations": {
      "vic": {
        "price": 1.3,
        "promoText": " ",
        "packageSize": "230g",
        "packagePrice": "$5.65 per 1Kg"
      }
    }
  },
  {
    "id": "always-fresh-water-chestnuts-whole",
    "brand": "Always Fresh",
    "name": "Riviana Water Chestnuts  Whole",
    "imageUrl": "https://shop.coles.com.au/wcsstore/Coles-CAS/images/2/5/5/255657-th.jpg",
    "categories": ["pantry"],
    "tags": ["canned-fods-soups-nodles", "canned-vegetables"],
    "locations": {
      "vic": {
        "price": 1.3,
        "promoText": " ",
        "packageSize": "230g",
        "packagePrice": "$5.65 per 1Kg"
      }
    }
  },
  {
    "id": "ita-canned-tomatoes",
    "brand": "Anna Italian",
    "name": "Canned Tomatoes",
    "imageUrl": "https://shop.coles.com.au/wcsstore/ColesResponsiveStorefrontAssetStore/dist/ccfc54aed6e361b650bcf0582f7b576b/img/img_product-placeholder.png",
    "categories": ["pantry"],
    "tags": ["canned-fods-soups-nodles", "canned-vegetables"],
    "locations": {
      "vic": {
        "price": 6,
        "promoText": " ",
        "packageSize": "480g",
        "packagePrice": "$1.25 per 1Kg"
      }
    }
  },
  {
    "id": "coles-asparagus-cuts-tips-can",
    "brand": "Coles",
    "name": "Asparagus Cuts & Tips",
    "imageUrl": "https://shop.coles.com.au/wcsstore/Coles-CAS/images/8/8/6/8865028-th.jpg",
    "categories": ["pantry"],
    "tags": ["canned-fods-soups-nodles", "canned-vegetables"],
    "locations": {
      "vic": {
        "price": 2,
        "promoText": " ",
        "packageSize": "425g",
        "packagePrice": "$4.71 per 1Kg"
      }
    }
  },
  {
    "id": "coles-smart-buy-peas-dehydrated",
    "brand": "Coles",
    "name": "Peas Dehydrated",
    "imageUrl": "https://shop.coles.com.au/wcsstore/Coles-CAS/images/1/3/2/132577-th.jpg",
    "categories": ["pantry"],
    "tags": ["canned-fods-soups-nodles", "canned-vegetables"],
    "locations": {
      "vic": {
        "price": 1.5,
        "promoText": " ",
        "packageSize": "100g",
        "packagePrice": "$15.00 per 1Kg"
      }
    }
  },
  {
    "id": "coles-baby-potatoes-whole",
    "brand": "Coles",
    "name": "Whole Baby Potatoes",
    "imageUrl": "https://shop.coles.com.au/wcsstore/Coles-CAS/images/8/9/2/8923929-th.jpg",
    "categories": ["pantry"],
    "tags": ["canned-fods-soups-nodles", "canned-vegetables"],
    "locations": {
      "vic": {
        "price": 1.6,
        "promoText": " ",
        "packageSize": "410g",
        "packagePrice": "$3.90 per 1Kg"
      }
    }
  },
  {
    "id": "coles-sliced-beetroot",
    "brand": "Coles",
    "name": "Sliced Beetroot",
    "imageUrl": "https://shop.coles.com.au/wcsstore/Coles-CAS/images/1/5/9/1597816-th.jpg",
    "categories": ["pantry"],
    "tags": ["canned-fods-soups-nodles", "canned-vegetables"],
    "locations": {
      "vic": {
        "price": 1.3,
        "promoText": " ",
        "packageSize": "425g",
        "packagePrice": "$3.06 per 1Kg"
      }
    }
  },
  {
    "id": "coles-sliced-beetroot-1597827p",
    "brand": "Coles",
    "name": "Sliced Beetroot",
    "imageUrl": "https://shop.coles.com.au/wcsstore/Coles-CAS/images/1/5/9/1597827-th.jpg",
    "categories": ["pantry"],
    "tags": ["canned-fods-soups-nodles", "canned-vegetables"],
    "locations": {
      "vic": {
        "price": 2,
        "promoText": " ",
        "packageSize": "825g",
        "packagePrice": "$2.42 per 1Kg"
      }
    }
  },
  {
    "id": "coles-sliced-mushrooms-in-butter-sauce-canned",
    "brand": "Coles",
    "name": "Sliced Mushrooms in Butter Sauce",
    "imageUrl": "https://shop.coles.com.au/wcsstore/Coles-CAS/images/1/9/0/190733-th.jpg",
    "categories": ["pantry"],
    "tags": ["canned-fods-soups-nodles", "canned-vegetables"],
    "locations": {
      "vic": {
        "price": 2.8,
        "promoText": " ",
        "packageSize": "410g",
        "packagePrice": "$6.83 per 1Kg"
      }
    }
  },
  {
    "id": "coles-peas-and-carrots",
    "brand": "Coles",
    "name": "Peas & Carrots",
    "imageUrl": "https://shop.coles.com.au/wcsstore/Coles-CAS/images/2/0/4/2043478-th.jpg",
    "categories": ["pantry"],
    "tags": ["canned-fods-soups-nodles", "canned-vegetables"],
    "locations": {
      "vic": {
        "price": 1.35,
        "promoText": " ",
        "packageSize": "420g",
        "packagePrice": "$3.21 per 1Kg"
      }
    }
  },
  {
    "id": "coles-baby-beets",
    "brand": "Coles",
    "name": "Baby Beets",
    "imageUrl": "https://shop.coles.com.au/wcsstore/Coles-CAS/images/3/5/0/3508362-th.jpg",
    "categories": ["pantry"],
    "tags": ["canned-fods-soups-nodles", "canned-vegetables"],
    "locations": {
      "vic": {
        "price": 2.5,
        "promoText": " ",
        "packageSize": "850g",
        "packagePrice": "$2.94 per 1Kg"
      }
    }
  },
  {
    "id": "deb-potato-mashed-instant-onion",
    "brand": "Deb",
    "name": "Instant Mashed Onion Potato",
    "imageUrl": "https://shop.coles.com.au/wcsstore/Coles-CAS/images/1/3/2/132646-th.jpg",
    "categories": ["pantry"],
    "tags": ["canned-fods-soups-nodles", "canned-vegetables"],
    "locations": {
      "vic": {
        "price": 1.95,
        "promoText": " ",
        "packageSize": "115g",
        "packagePrice": "$16.96 per 1Kg"
      }
    }
  },
  {
    "id": "edgell-peas-corn-carrots",
    "brand": "Edgell",
    "name": "Peas Corn & Carrots",
    "imageUrl": "https://shop.coles.com.au/wcsstore/Coles-CAS/images/8/5/6/8565647-th.jpg",
    "categories": ["pantry"],
    "tags": ["canned-fods-soups-nodles", "canned-vegetables"],
    "locations": {
      "vic": {
        "price": 1.5,
        "promoText": "$0.50 ",
        "packageSize": "420g",
        "packagePrice": "$3.57 per 1Kg"
      }
    }
  },
  {
    "id": "edgell-vegetables-mixed",
    "brand": "Edgell",
    "name": "Mixed Vegetables",
    "imageUrl": "https://shop.coles.com.au/wcsstore/Coles-CAS/images/1/3/2/132431-th.jpg",
    "categories": ["pantry"],
    "tags": ["canned-fods-soups-nodles", "canned-vegetables"],
    "locations": {
      "vic": {
        "price": 2.7,
        "promoText": " ",
        "packageSize": "420g",
        "packagePrice": "$6.43 per 1Kg"
      }
    }
  },
  {
    "id": "edgell-peas-carrots",
    "brand": "Edgell",
    "name": "Peas & Carrots",
    "imageUrl": "https://shop.coles.com.au/wcsstore/Coles-CAS/images/1/0/0/100763-th.jpg",
    "categories": ["pantry"],
    "tags": ["canned-fods-soups-nodles", "canned-vegetables"],
    "locations": {
      "vic": {
        "price": 1.5,
        "promoText": "$0.50 ",
        "packageSize": "420g",
        "packagePrice": "$3.57 per 1Kg"
      }
    }
  },
  {
    "id": "edgell-asparagus-spears-green",
    "brand": "Edgell",
    "name": "Green Asparagus  Spears",
    "imageUrl": "https://shop.coles.com.au/wcsstore/Coles-CAS/images/9/7/0/9704749-th.jpg",
    "categories": ["pantry"],
    "tags": ["canned-fods-soups-nodles", "canned-vegetables"],
    "locations": {
      "vic": {
        "price": 4.75,
        "promoText": " ",
        "packageSize": "425g",
        "packagePrice": "$11.18 per 1Kg"
      }
    }
  },
  {
    "id": "edgell-potato-mashed-instant",
    "brand": "Edgell",
    "name": "Instant Mashed Potato",
    "imageUrl": "https://shop.coles.com.au/wcsstore/Coles-CAS/images/9/5/8/9581139-th.jpg",
    "categories": ["pantry"],
    "tags": ["canned-fods-soups-nodles", "canned-vegetables"],
    "locations": {
      "vic": {
        "price": 1.7,
        "promoText": " ",
        "packageSize": "100g",
        "packagePrice": "$17.00 per 1Kg"
      }
    }
  },
  {
    "id": "edgell-tiny-taters",
    "brand": "Edgell",
    "name": "Tiny Taters",
    "imageUrl": "https://shop.coles.com.au/wcsstore/Coles-CAS/images/1/5/8/1588101-th.jpg",
    "categories": ["pantry"],
    "tags": ["canned-fods-soups-nodles", "canned-vegetables"],
    "locations": {
      "vic": {
        "price": 3.1,
        "promoText": " ",
        "packageSize": "822g",
        "packagePrice": "$3.77 per 1Kg"
      }
    }
  },
  {
    "id": "edgell-beetroot-diced",
    "brand": "Edgell",
    "name": "Picked & Peeled Diced Beetroot",
    "imageUrl": "https://shop.coles.com.au/wcsstore/Coles-CAS/images/3/1/8/3185660-th.jpg",
    "categories": ["pantry"],
    "tags": ["canned-fods-soups-nodles", "canned-vegetables"],
    "locations": {
      "vic": {
        "price": 1.5,
        "promoText": "$0.50 ",
        "packageSize": "425g",
        "packagePrice": "$3.53 per 1Kg"
      }
    }
  },
  {
    "id": "golden-circle-peas-corn-7647859p",
    "brand": "Golden Circle",
    "name": "Corn & Peas",
    "imageUrl": "https://shop.coles.com.au/wcsstore/Coles-CAS/images/7/6/4/7647859-th.jpg",
    "categories": ["pantry"],
    "tags": ["canned-fods-soups-nodles", "canned-vegetables"],
    "locations": {
      "vic": {
        "price": 1.8,
        "promoText": " ",
        "packageSize": "410g",
        "packagePrice": "$4.39 per 1Kg"
      }
    }
  },
  {
    "id": "always-fresh-champignons-whole",
    "brand": "Riviana",
    "name": "Champignons Whole",
    "imageUrl": "https://shop.coles.com.au/wcsstore/Coles-CAS/images/3/9/0/390787-th.jpg",
    "categories": ["pantry"],
    "tags": ["canned-fods-soups-nodles", "canned-vegetables"],
    "locations": {
      "vic": {
        "price": 2.7,
        "promoText": " ",
        "packageSize": "425g",
        "packagePrice": "$6.35 per 1Kg"
      }
    }
  },
  {
    "id": "three-three-beetroot-sliced",
    "brand": "Three Threes",
    "name": "Sweet Sliced Beetroot",
    "imageUrl": "https://shop.coles.com.au/wcsstore/Coles-CAS/images/3/3/4/3348084-th.jpg",
    "categories": ["pantry"],
    "tags": ["canned-fods-soups-nodles", "canned-vegetables"],
    "locations": {
      "vic": {
        "price": 3,
        "promoText": " ",
        "packageSize": "415g",
        "packagePrice": "$7.23 per 1Kg"
      }
    }
  },
  {
    "id": "plumrose-leg-ham-283754p",
    "brand": "Plumrose",
    "name": "Leg Ham",
    "imageUrl": "https://shop.coles.com.au/wcsstore/Coles-CAS/images/2/8/3/283754-th.jpg",
    "categories": ["pantry"],
    "tags": ["canned-fods-soups-nodles", "canned-meat"],
    "locations": {
      "vic": {
        "price": 7.9,
        "promoText": " ",
        "packageSize": "340g",
        "packagePrice": "$23.24 per 1Kg"
      }
    }
  },
  {
    "id": "spam-ham-classic",
    "brand": "Spam",
    "name": "Classic Ham",
    "imageUrl": "https://shop.coles.com.au/wcsstore/Coles-CAS/images/1/1/8/118521-th.jpg",
    "categories": ["pantry"],
    "tags": ["canned-fods-soups-nodles", "canned-meat"],
    "locations": {
      "vic": {
        "price": 5.5,
        "promoText": " ",
        "packageSize": "340g",
        "packagePrice": "$16.18 per 1Kg"
      }
    }
  },
  {
    "id": "hamper-corned-beef-118612p",
    "brand": "Hamper",
    "name": "Corned Beef",
    "imageUrl": "https://shop.coles.com.au/wcsstore/Coles-CAS/images/1/1/8/118612-th.jpg",
    "categories": ["pantry"],
    "tags": ["canned-fods-soups-nodles", "canned-meat"],
    "locations": {
      "vic": {
        "price": 5.25,
        "promoText": "$1.25 ",
        "packageSize": "340g",
        "packagePrice": "$15.44 per 1Kg"
      }
    }
  },
  {
    "id": "podravka-beef-goulash",
    "brand": "Podravka",
    "name": "Beef Goulash",
    "imageUrl": "https://shop.coles.com.au/wcsstore/Coles-CAS/images/6/3/3/6331496-th.jpg",
    "categories": ["pantry"],
    "tags": ["canned-fods-soups-nodles", "canned-meat"],
    "locations": {
      "vic": {
        "price": 2,
        "promoText": "$2.00 ",
        "packageSize": "300g",
        "packagePrice": "$0.67 per 100G"
      }
    }
  },
  {
    "id": "spam-spiced-ham-lite-5229257p",
    "brand": "Spam",
    "name": "Lite Spiced Ham",
    "imageUrl": "https://shop.coles.com.au/wcsstore/Coles-CAS/images/5/2/2/5229257-th.jpg",
    "categories": ["pantry"],
    "tags": ["canned-fods-soups-nodles", "canned-meat"],
    "locations": {
      "vic": {
        "price": 5.5,
        "promoText": " ",
        "packageSize": "340g",
        "packagePrice": "$16.18 per 1Kg"
      }
    }
  },
  {
    "id": "heinz-big-eat-ravioli-bolognaise",
    "brand": "Heinz",
    "name": "Big Eat Ravioli Bolognese",
    "imageUrl": "https://shop.coles.com.au/wcsstore/Coles-CAS/images/8/4/9/8492259-th.jpg",
    "categories": ["pantry"],
    "tags": ["canned-fods-soups-nodles", "canned-meat"],
    "locations": {
      "vic": {
        "price": 2.5,
        "promoText": "Was $3.35 on Sep 2017 ",
        "packageSize": "410g",
        "packagePrice": "$0.61 per 100G"
      }
    }
  },
  {
    "id": "hormel-luncheon-meat",
    "brand": "Hormel",
    "name": "Luncheon Meat",
    "imageUrl": "https://shop.coles.com.au/wcsstore/Coles-CAS/images/9/5/1/9515520-th.jpg",
    "categories": ["pantry"],
    "tags": ["canned-fods-soups-nodles", "canned-meat"],
    "locations": {
      "vic": {
        "price": 3.5,
        "promoText": " ",
        "packageSize": "340g",
        "packagePrice": "$10.29 per 1Kg"
      }
    }
  },
  {
    "id": "spam-canned-ham-teriyaki",
    "brand": "Spam",
    "name": "Ham Teriyaki Canned",
    "imageUrl": "https://shop.coles.com.au/wcsstore/Coles-CAS/images/3/5/4/3543240-th.jpg",
    "categories": ["pantry"],
    "tags": ["canned-fods-soups-nodles", "canned-meat"],
    "locations": {
      "vic": {
        "price": 5.5,
        "promoText": " ",
        "packageSize": "340g",
        "packagePrice": "$16.18 per 1Kg"
      }
    }
  },
  {
    "id": "fray-bentos-steak-kidney-pie-with-puff-pastry",
    "brand": "Fray Bentos",
    "name": "Steak & Kidney Pie with Puff Pastry",
    "imageUrl": "https://shop.coles.com.au/wcsstore/Coles-CAS/images/2/4/3/243498-th.jpg",
    "categories": ["pantry"],
    "tags": ["canned-fods-soups-nodles", "canned-meat"],
    "locations": {
      "vic": {
        "price": 7.5,
        "promoText": " ",
        "packageSize": "425g",
        "packagePrice": "$1.76 per 100G"
      }
    }
  },
  {
    "id": "heinz-chicken-shredded-sweet-chilli",
    "brand": "Heinz",
    "name": "Sweet Chilli Shredded Chicken",
    "imageUrl": "https://shop.coles.com.au/wcsstore/Coles-CAS/images/7/3/7/7376944-th.jpg",
    "categories": ["pantry"],
    "tags": ["canned-fods-soups-nodles", "canned-meat"],
    "locations": {
      "vic": {
        "price": 1.5,
        "promoText": "Was $1.99 on Oct 2017 ",
        "packageSize": "85g",
        "packagePrice": "$17.65 per 1Kg"
      }
    }
  },
  {
    "id": "plumrose-cocktail-frankfurts",
    "brand": "Plumrose",
    "name": "Cocktail Frankfurts 25 pack",
    "imageUrl": "https://shop.coles.com.au/wcsstore/Coles-CAS/images/1/3/4/134765-th.jpg",
    "categories": ["pantry"],
    "tags": ["canned-fods-soups-nodles", "canned-meat"],
    "locations": {
      "vic": {
        "price": 4.3,
        "promoText": " ",
        "packageSize": "400g",
        "packagePrice": "$10.75 per 1Kg"
      }
    }
  },
  {
    "id": "spam-turkey-oven-roasted",
    "brand": "Spam",
    "name": "Oven Roasted Turkey",
    "imageUrl": "https://shop.coles.com.au/wcsstore/Coles-CAS/images/8/7/9/8793776-th.jpg",
    "categories": ["pantry"],
    "tags": ["canned-fods-soups-nodles", "canned-meat"],
    "locations": {
      "vic": {
        "price": 5.5,
        "promoText": " ",
        "packageSize": "340g",
        "packagePrice": "$1.62 per 100G"
      }
    }
  },
  {
    "id": "spam-canned-ham-with-real-bacon",
    "brand": "Spam",
    "name": "Ham with Real Bacon",
    "imageUrl": "https://shop.coles.com.au/wcsstore/Coles-CAS/images/7/3/1/7318744-th.jpg",
    "categories": ["pantry"],
    "tags": ["canned-fods-soups-nodles", "canned-meat"],
    "locations": {
      "vic": {
        "price": 5.5,
        "promoText": " ",
        "packageSize": "340g",
        "packagePrice": "$16.18 per 1Kg"
      }
    }
  },
  {
    "id": "coles-sweet-chilli-shredded-chicken",
    "brand": "Coles",
    "name": "Sweet Chilli Shredded Chicken Breast",
    "imageUrl": "https://shop.coles.com.au/wcsstore/Coles-CAS/images/2/0/3/2034740-th.jpg",
    "categories": ["pantry"],
    "tags": ["canned-fods-soups-nodles", "canned-meat"],
    "locations": {
      "vic": {
        "price": 1.3,
        "promoText": " ",
        "packageSize": "85g",
        "packagePrice": "$15.29 per 1Kg"
      }
    }
  },
  {
    "id": "coles-shredded-teriyaki-chicken",
    "brand": "Coles",
    "name": "Teriyaki Shredded Chicken Breast",
    "imageUrl": "https://shop.coles.com.au/wcsstore/Coles-CAS/images/2/0/3/2034761-th.jpg",
    "categories": ["pantry"],
    "tags": ["canned-fods-soups-nodles", "canned-meat"],
    "locations": {
      "vic": {
        "price": 1.3,
        "promoText": " ",
        "packageSize": "85g",
        "packagePrice": "$15.29 per 1Kg"
      }
    }
  },
  {
    "id": "hamper-corned-beef-lite",
    "brand": "Hamper",
    "name": "Lite Corned Beef",
    "imageUrl": "https://shop.coles.com.au/wcsstore/Coles-CAS/images/8/2/8/8281413-th.jpg",
    "categories": ["pantry"],
    "tags": ["canned-fods-soups-nodles", "canned-meat"],
    "locations": {
      "vic": {
        "price": 5.25,
        "promoText": "$1.25 ",
        "packageSize": "340g",
        "packagePrice": "$15.44 per 1Kg"
      }
    }
  },
  {
    "id": "heinz-chicken-shredded-lite-mayonnaise",
    "brand": "Heinz",
    "name": "Lite Mayonnaise Shredded Chicken",
    "imageUrl": "https://shop.coles.com.au/wcsstore/Coles-CAS/images/7/3/7/7376864-th.jpg",
    "categories": ["pantry"],
    "tags": ["canned-fods-soups-nodles", "canned-meat"],
    "locations": {
      "vic": {
        "price": 1.5,
        "promoText": "Was $1.99 on Oct 2017 ",
        "packageSize": "85g",
        "packagePrice": "$17.65 per 1Kg"
      }
    }
  },
  {
    "id": "spam-hot-spicy-ham",
    "brand": "Spam",
    "name": "Hot & Spicy Ham",
    "imageUrl": "https://shop.coles.com.au/wcsstore/Coles-CAS/images/9/0/4/9040263-th.jpg",
    "categories": ["pantry"],
    "tags": ["canned-fods-soups-nodles", "canned-meat"],
    "locations": {
      "vic": {
        "price": 5.5,
        "promoText": " ",
        "packageSize": "340g",
        "packagePrice": "$16.18 per 1Kg"
      }
    }
  },
  {
    "id": "vegeta-pork-cass-w-pot-carrot",
    "brand": "Vegeta",
    "name": "Pork Casserole With Potatoes & Carrots",
    "imageUrl": "https://shop.coles.com.au/wcsstore/Coles-CAS/images/3/5/3/3532673-th.jpg",
    "categories": ["pantry"],
    "tags": ["canned-fods-soups-nodles", "canned-meat"],
    "locations": {
      "vic": {
        "price": 2,
        "promoText": "$2.00 ",
        "packageSize": "400g",
        "packagePrice": "$0.50 per 100G"
      }
    }
  },
  {
    "id": "coles-beef-corned",
    "brand": "Coles",
    "name": "Corned Beef",
    "imageUrl": "https://shop.coles.com.au/wcsstore/Coles-CAS/images/5/5/8/5589707-th.jpg",
    "categories": ["pantry"],
    "tags": ["canned-fods-soups-nodles", "canned-meat"],
    "locations": {
      "vic": {
        "price": 2.5,
        "promoText": " ",
        "packageSize": "340g",
        "packagePrice": "$7.35 per 1Kg"
      }
    }
  },
  {
    "id": "hamper-corned-beef",
    "brand": "Hamper",
    "name": "Original Corned Beef",
    "imageUrl": "https://shop.coles.com.au/wcsstore/Coles-CAS/images/7/2/3/7230042-th.jpg",
    "categories": ["pantry"],
    "tags": ["canned-fods-soups-nodles", "canned-meat"],
    "locations": {
      "vic": {
        "price": 4.7,
        "promoText": " ",
        "packageSize": "200g",
        "packagePrice": "$23.50 per 1Kg"
      }
    }
  },
  {
    "id": "harvest-canned-meal-braised-steak-onions",
    "brand": "Harvest",
    "name": "Braised Steak & Onions",
    "imageUrl": "https://shop.coles.com.au/wcsstore/Coles-CAS/images/5/2/2/5227820-th.jpg",
    "categories": ["pantry"],
    "tags": ["canned-fods-soups-nodles", "canned-meat"],
    "locations": {
      "vic": {
        "price": 4,
        "promoText": " ",
        "packageSize": "425g",
        "packagePrice": "$0.94 per 100G"
      }
    }
  },
  {
    "id": "harvest-vegetables-sausages",
    "brand": "Harvest",
    "name": "Vegetables & Sausages",
    "imageUrl": "https://shop.coles.com.au/wcsstore/Coles-CAS/images/1/2/5/125334-th.jpg",
    "categories": ["pantry"],
    "tags": ["canned-fods-soups-nodles", "canned-meat"],
    "locations": {
      "vic": {
        "price": 4,
        "promoText": " ",
        "packageSize": "425g",
        "packagePrice": "$0.94 per 100G"
      }
    }
  },
  {
    "id": "harvest-vegetables-steak",
    "brand": "Harvest",
    "name": "Vegetables & Steak",
    "imageUrl": "https://shop.coles.com.au/wcsstore/Coles-CAS/images/1/2/5/125301-th.jpg",
    "categories": ["pantry"],
    "tags": ["canned-fods-soups-nodles", "canned-meat"],
    "locations": {
      "vic": {
        "price": 4,
        "promoText": " ",
        "packageSize": "425g",
        "packagePrice": "$0.94 per 100G"
      }
    }
  },
  {
    "id": "heinz-big-eat-breakfast-all-day",
    "brand": "Heinz",
    "name": "Big Eat All Day Breakfast",
    "imageUrl": "https://shop.coles.com.au/wcsstore/Coles-CAS/images/8/4/9/8490322-th.jpg",
    "categories": ["pantry"],
    "tags": ["canned-fods-soups-nodles", "canned-meat"],
    "locations": {
      "vic": {
        "price": 2.5,
        "promoText": "Was $3.35 on Sep 2017 ",
        "packageSize": "410g",
        "packagePrice": "$0.61 per 100G"
      }
    }
  },
  {
    "id": "heinz-big-eat-spaghetti-bolognaise",
    "brand": "Heinz",
    "name": "Big Eat Spaghetti Bolognese",
    "imageUrl": "https://shop.coles.com.au/wcsstore/Coles-CAS/images/8/4/8/8489797-th.jpg",
    "categories": ["pantry"],
    "tags": ["canned-fods-soups-nodles", "canned-meat"],
    "locations": {
      "vic": {
        "price": 2.5,
        "promoText": "Was $3.35 on Sep 2017 ",
        "packageSize": "410g",
        "packagePrice": "$0.61 per 100G"
      }
    }
  },
  {
    "id": "plumrose-leg-ham",
    "brand": "Plumrose",
    "name": "Leg Ham",
    "imageUrl": "https://shop.coles.com.au/wcsstore/Coles-CAS/images/5/1/2/5123369-th.jpg",
    "categories": ["pantry"],
    "tags": ["canned-fods-soups-nodles", "canned-meat"],
    "locations": {
      "vic": {
        "price": 5.8,
        "promoText": " ",
        "packageSize": "200g",
        "packagePrice": "$29.00 per 1Kg"
      }
    }
  },
  {
    "id": "plurose-meatballs-bbq",
    "brand": "Plumrose",
    "name": "BBQ Meatballs",
    "imageUrl": "https://shop.coles.com.au/wcsstore/Coles-CAS/images/3/5/3/3531976-th.jpg",
    "categories": ["pantry"],
    "tags": ["canned-fods-soups-nodles", "canned-meat"],
    "locations": {
      "vic": {
        "price": 4,
        "promoText": " ",
        "packageSize": "420g",
        "packagePrice": "$9.52 per 1Kg"
      }
    }
  },
  {
    "id": "plumrose-meatballs-tomato",
    "brand": "Plumrose",
    "name": "Tomato Meatballs",
    "imageUrl": "https://shop.coles.com.au/wcsstore/Coles-CAS/images/3/5/3/3531921-th.jpg",
    "categories": ["pantry"],
    "tags": ["canned-fods-soups-nodles", "canned-meat"],
    "locations": {
      "vic": {
        "price": 4,
        "promoText": " ",
        "packageSize": "420g",
        "packagePrice": "$9.52 per 1Kg"
      }
    }
  },
  {
    "id": "spam-spiced-ham",
    "brand": "Spam",
    "name": "Classic Spiced Ham",
    "imageUrl": "https://shop.coles.com.au/wcsstore/Coles-CAS/images/6/9/4/6940166-th.jpg",
    "categories": ["pantry"],
    "tags": ["canned-fods-soups-nodles", "canned-meat"],
    "locations": {
      "vic": {
        "price": 3.5,
        "promoText": " ",
        "packageSize": "200g",
        "packagePrice": "$17.50 per 1Kg"
      }
    }
  },
  {
    "id": "spam-spiced-ham-less-salt",
    "brand": "Spam",
    "name": "Spiced Ham Less Salt",
    "imageUrl": "https://shop.coles.com.au/wcsstore/Coles-CAS/images/3/9/9/399250-th.jpg",
    "categories": ["pantry"],
    "tags": ["canned-fods-soups-nodles", "canned-meat"],
    "locations": {
      "vic": {
        "price": 5.5,
        "promoText": " ",
        "packageSize": "340g",
        "packagePrice": "$16.18 per 1Kg"
      }
    }
  },
  {
    "id": "tom-piper-braised-steak-onion",
    "brand": "Tom Piper",
    "name": "Braised Steak & Onion",
    "imageUrl": "https://shop.coles.com.au/wcsstore/Coles-CAS/images/5/7/5/5750165-th.jpg",
    "categories": ["pantry"],
    "tags": ["canned-fods-soups-nodles", "canned-meat"],
    "locations": {
      "vic": {
        "price": 3,
        "promoText": " ",
        "packageSize": "400g",
        "packagePrice": "$0.75 per 100G"
      }
    }
  },
  {
    "id": "nestle-milk-condensed-sweetened",
    "brand": "Nestle",
    "name": "Sweetened Condensed Milk",
    "imageUrl": "https://shop.coles.com.au/wcsstore/Coles-CAS/images/1/2/6/126698-th.jpg",
    "categories": ["pantry"],
    "tags": ["canned-fods-soups-nodles", "condensed-evaporated-milk"],
    "locations": {
      "vic": {
        "price": 3.2,
        "promoText": " ",
        "packageSize": "395g",
        "packagePrice": "$0.81 per 100G"
      }
    }
  },
  {
    "id": "carnation-milk-evaporated-regular",
    "brand": "Carnation",
    "name": "Creamy Evaporated Milk",
    "imageUrl": "https://shop.coles.com.au/wcsstore/Coles-CAS/images/1/2/6/126665-th.jpg",
    "categories": ["pantry"],
    "tags": ["canned-fods-soups-nodles", "condensed-evaporated-milk"],
    "locations": {
      "vic": {
        "price": 2.7,
        "promoText": " ",
        "packageSize": "375mL",
        "packagePrice": "$7.20 per 1L"
      }
    }
  },
  {
    "id": "carnation-milk-evaporated-low-fat",
    "brand": "Carnation",
    "name": "Light & Creamy Low Fat Evaporated Milk",
    "imageUrl": "https://shop.coles.com.au/wcsstore/Coles-CAS/images/2/0/2/202559-th.jpg",
    "categories": ["pantry"],
    "tags": ["canned-fods-soups-nodles", "condensed-evaporated-milk"],
    "locations": {
      "vic": {
        "price": 2.7,
        "promoText": " ",
        "packageSize": "375mL",
        "packagePrice": "$7.20 per 1L"
      }
    }
  },
  {
    "id": "nestle-carnation-lite-cooking-cream",
    "brand": "Carnation",
    "name": "Lite Cooking Cream",
    "imageUrl": "https://shop.coles.com.au/wcsstore/Coles-CAS/images/1/9/4/1948127-th.jpg",
    "categories": ["pantry"],
    "tags": ["canned-fods-soups-nodles", "condensed-evaporated-milk"],
    "locations": {
      "vic": {
        "price": 3.5,
        "promoText": " ",
        "packageSize": "300mL",
        "packagePrice": "$11.67 per 1L"
      }
    }
  },
  {
    "id": "coles-sweetened-condensed-milk",
    "brand": "Coles",
    "name": "Sweetened Condensed Milk",
    "imageUrl": "https://shop.coles.com.au/wcsstore/Coles-CAS/images/1/9/9/1992140-th.jpg",
    "categories": ["pantry"],
    "tags": ["canned-fods-soups-nodles", "condensed-evaporated-milk"],
    "locations": {
      "vic": {
        "price": 1.6,
        "promoText": " ",
        "packageSize": "397g",
        "packagePrice": "$0.40 per 100G"
      }
    }
  },
  {
    "id": "australias-own-uht-cream",
    "brand": "Australia's Own",
    "name": "Delicious Aussie Multi-Purpose Cream",
    "imageUrl": "https://shop.coles.com.au/wcsstore/Coles-CAS/images/3/3/0/3306732-th.jpg",
    "categories": ["pantry"],
    "tags": ["canned-fods-soups-nodles", "condensed-evaporated-milk"],
    "locations": {
      "vic": {
        "price": 1.25,
        "promoText": " ",
        "packageSize": "200mL",
        "packagePrice": "$0.63 per 100mL"
      }
    }
  },
  {
    "id": "coles-light-evaporated-milk",
    "brand": "Coles",
    "name": "Full Cream Evaporated Milk",
    "imageUrl": "https://shop.coles.com.au/wcsstore/Coles-CAS/images/2/3/7/2376630-th.jpg",
    "categories": ["pantry"],
    "tags": ["canned-fods-soups-nodles", "condensed-evaporated-milk"],
    "locations": {
      "vic": {
        "price": 1.9,
        "promoText": " ",
        "packageSize": "385mL",
        "packagePrice": "$4.94 per 1L"
      }
    }
  },
  {
    "id": "nestle-milk-condensed-sweetened-tube",
    "brand": "Nestle",
    "name": "Sweetened Condensed Milk Tube",
    "imageUrl": "https://shop.coles.com.au/wcsstore/Coles-CAS/images/1/8/1/181200-th.jpg",
    "categories": ["pantry"],
    "tags": ["canned-fods-soups-nodles", "condensed-evaporated-milk"],
    "locations": {
      "vic": {
        "price": 3.6,
        "promoText": " ",
        "packageSize": "200g",
        "packagePrice": "$1.80 per 100G"
      }
    }
  },
  {
    "id": "nestle-milk-condensed-sweetened-skim",
    "brand": "Nestle",
    "name": "Sweetened Condensed Milk Skim",
    "imageUrl": "https://shop.coles.com.au/wcsstore/Coles-CAS/images/1/3/5/135826-th.jpg",
    "categories": ["pantry"],
    "tags": ["canned-fods-soups-nodles", "condensed-evaporated-milk"],
    "locations": {
      "vic": {
        "price": 3.2,
        "promoText": " ",
        "packageSize": "400g",
        "packagePrice": "$0.80 per 100G"
      }
    }
  },
  {
    "id": "nestle-milk-reduced-fat-cream",
    "brand": "Nestle",
    "name": "Reduced Fat Cream",
    "imageUrl": "https://shop.coles.com.au/wcsstore/Coles-CAS/images/8/6/6/8660783-th.jpg",
    "categories": ["pantry"],
    "tags": ["canned-fods-soups-nodles", "condensed-evaporated-milk"],
    "locations": {
      "vic": {
        "price": 3.5,
        "promoText": " ",
        "packageSize": "250mL",
        "packagePrice": "$14.00 per 1L"
      }
    }
  },
  {
    "id": "nestle-caramel-top-n-fill",
    "brand": "Nestle",
    "name": "Caramel Top N Fill",
    "imageUrl": "https://shop.coles.com.au/wcsstore/Coles-CAS/images/5/5/4/5546169-th.jpg",
    "categories": ["pantry"],
    "tags": ["canned-fods-soups-nodles", "condensed-evaporated-milk"],
    "locations": {
      "vic": {
        "price": 5,
        "promoText": " ",
        "packageSize": "380g",
        "packagePrice": "$1.32 per 100G"
      }
    }
  },
  {
    "id": "continental-pasta-sauce-value-pack-bacon-carbonara",
    "brand": "Continental",
    "name": "Value Pack Pasta & Sauce Creamy Bacon Carbonara Serves 5",
    "imageUrl": "https://shop.coles.com.au/wcsstore/Coles-CAS/images/4/7/2/4727372-th.jpg",
    "categories": ["pantry"],
    "tags": ["canned-fods-soups-nodles", "instant-meals-sides"],
    "locations": {
      "vic": {
        "price": 3,
        "promoText": "Any 2 $4.50",
        "packageSize": "145g",
        "packagePrice": "$2.07 per 100G"
      }
    }
  },
  {
    "id": "continental--oriental-fried-rice-value-pack",
    "brand": "Continental",
    "name": "Value Pack Oriental Fried Rice Serves 5",
    "imageUrl": "https://shop.coles.com.au/wcsstore/Coles-CAS/images/5/7/4/5748006-th.jpg",
    "categories": ["pantry"],
    "tags": ["canned-fods-soups-nodles", "instant-meals-sides"],
    "locations": {
      "vic": {
        "price": 3,
        "promoText": "Any 2 $4.50",
        "packageSize": "180g",
        "packagePrice": "$1.67 per 100G"
      }
    }
  },
  {
    "id": "continental-pasta-sauce-value-pack-alfredo",
    "brand": "Continental",
    "name": "Value Pack Pasta & Sauce Alfredo Serves 5",
    "imageUrl": "https://shop.coles.com.au/wcsstore/Coles-CAS/images/4/7/2/4727383-th.jpg",
    "categories": ["pantry"],
    "tags": ["canned-fods-soups-nodles", "instant-meals-sides"],
    "locations": {
      "vic": {
        "price": 3,
        "promoText": "Any 2 $4.50",
        "packageSize": "145g",
        "packagePrice": "$2.07 per 100G"
      }
    }
  },
  {
    "id": "san-remo-la-pasta-single-snack-alfredo",
    "brand": "San Remo",
    "name": "La Pasta Single Snack Alfredo Pasta & Sauce",
    "imageUrl": "https://shop.coles.com.au/wcsstore/Coles-CAS/images/5/1/7/5177244-th.jpg",
    "categories": ["pantry"],
    "tags": ["canned-fods-soups-nodles", "instant-meals-sides"],
    "locations": {
      "vic": {
        "price": 1,
        "promoText": " ",
        "packageSize": "80g",
        "packagePrice": "$1.25 per 100G"
      }
    }
  },
  {
    "id": "san-remo-la-pasta-pasta-sauce-carbonara-single-snack",
    "brand": "San Remo",
    "name": "La Pasta Single Snack Carbonara Pasta & Sauce",
    "imageUrl": "https://shop.coles.com.au/wcsstore/Coles-CAS/images/5/1/7/5177255-th.jpg",
    "categories": ["pantry"],
    "tags": ["canned-fods-soups-nodles", "instant-meals-sides"],
    "locations": {
      "vic": {
        "price": 1,
        "promoText": " ",
        "packageSize": "80g",
        "packagePrice": "$1.25 per 100G"
      }
    }
  },
  {
    "id": "san-remo-la-pasta-pasta-sauce-macaroni-cheese-single-snack",
    "brand": "San Remo",
    "name": "Single Snack Macaroni Cheese Pasta & Sauce",
    "imageUrl": "https://shop.coles.com.au/wcsstore/Coles-CAS/images/5/1/7/5177288-th.jpg",
    "categories": ["pantry"],
    "tags": ["canned-fods-soups-nodles", "instant-meals-sides"],
    "locations": {
      "vic": {
        "price": 1,
        "promoText": " ",
        "packageSize": "80g",
        "packagePrice": "$1.25 per 100G"
      }
    }
  },
  {
    "id": "kraft-macaroni-cheese-deluxe-dinner",
    "brand": "Kraft",
    "name": "Deluxe Mac & Cheese Dinner",
    "imageUrl": "https://shop.coles.com.au/wcsstore/Coles-CAS/images/1/5/2/152654-th.jpg",
    "categories": ["pantry"],
    "tags": ["canned-fods-soups-nodles", "instant-meals-sides"],
    "locations": {
      "vic": {
        "price": 5.2,
        "promoText": " ",
        "packageSize": "380g",
        "packagePrice": "$1.37 per 100G"
      }
    }
  },
  {
    "id": "kraft-macaroni-cheese",
    "brand": "Kraft",
    "name": "Original Mac & Cheese Pasta 4 Serves",
    "imageUrl": "https://shop.coles.com.au/wcsstore/Coles-CAS/images/3/0/7/307193-th.jpg",
    "categories": ["pantry"],
    "tags": ["canned-fods-soups-nodles", "instant-meals-sides"],
    "locations": {
      "vic": {
        "price": 2.9,
        "promoText": " ",
        "packageSize": "205g",
        "packagePrice": "$1.41 per 100G"
      }
    }
  },
  {
    "id": "indo-mie-noodles-instant-mi-goreng-fried",
    "brand": "Indomie",
    "name": "Fried Mi Goreng Instant Noodles 5 Pack",
    "imageUrl": "https://shop.coles.com.au/wcsstore/Coles-CAS/images/9/7/8/9789639-th.jpg",
    "categories": ["pantry"],
    "tags": ["canned-fods-soups-nodles", "instant-meals-sides"],
    "locations": {
      "vic": {
        "price": 2.75,
        "promoText": " ",
        "packageSize": "85g",
        "packagePrice": "$0.65 per 100G"
      }
    }
  },
  {
    "id": "nongshim-ramyun-noodle-5pack",
    "brand": "Nongshim",
    "name": "Shin Ramyun Noodle Soup 5 pack",
    "imageUrl": "https://shop.coles.com.au/wcsstore/Coles-CAS/images/3/5/8/3581293-th.jpg",
    "categories": ["pantry"],
    "tags": ["canned-fods-soups-nodles", "instant-meals-sides"],
    "locations": {
      "vic": {
        "price": 6,
        "promoText": " ",
        "packageSize": "600g",
        "packagePrice": "$1.00 per 100G"
      }
    }
  },
  {
    "id": "indomie-instant-noodles-mi-goreng-hot-spicy",
    "brand": "Indomie",
    "name": "Mi Goreng Hot & Spicy Instant Noodles 5 Pack",
    "imageUrl": "https://shop.coles.com.au/wcsstore/Coles-CAS/images/1/5/7/1573738-th.jpg",
    "categories": ["pantry"],
    "tags": ["canned-fods-soups-nodles", "instant-meals-sides"],
    "locations": {
      "vic": {
        "price": 2.75,
        "promoText": " ",
        "packageSize": "400g",
        "packagePrice": "$0.69 per 100G"
      }
    }
  },
  {
    "id": "coles-beef-instant-noodles-5-pack",
    "brand": "Coles",
    "name": "Beef Instant Noodles 5 Pack",
    "imageUrl": "https://shop.coles.com.au/wcsstore/Coles-CAS/images/3/0/2/3023589-th.jpg",
    "categories": ["pantry"],
    "tags": ["canned-fods-soups-nodles", "instant-meals-sides"],
    "locations": {
      "vic": {
        "price": 1,
        "promoText": " ",
        "packageSize": "425g",
        "packagePrice": "$0.24 per 100G"
      }
    }
  },
  {
    "id": "coles-chicken-instant-noodles-5-pack",
    "brand": "Coles",
    "name": "Chicken Flavoured Instant Noodles 5 Pack",
    "imageUrl": "https://shop.coles.com.au/wcsstore/Coles-CAS/images/3/0/2/3023476-th.jpg",
    "categories": ["pantry"],
    "tags": ["canned-fods-soups-nodles", "instant-meals-sides"],
    "locations": {
      "vic": {
        "price": 1,
        "promoText": " ",
        "packageSize": "425g",
        "packagePrice": "$0.24 per 100G"
      }
    }
  },
  {
    "id": "indo-mie-noodles-instant-fried-bbq-chicken",
    "brand": "Indomie",
    "name": "Fried BBQ Chicken Instant Noodles 5 Pack",
    "imageUrl": "https://shop.coles.com.au/wcsstore/Coles-CAS/images/7/3/9/7398277-th.jpg",
    "categories": ["pantry"],
    "tags": ["canned-fods-soups-nodles", "instant-meals-sides"],
    "locations": {
      "vic": {
        "price": 2.75,
        "promoText": " ",
        "packageSize": "85g",
        "packagePrice": "$0.65 per 100G"
      }
    }
  },
  {
    "id": "continental-pasta-sauce-value-pack-macaroni-cheese",
    "brand": "Continental",
    "name": "Value Pack Pasta & Sauce Macaroni Cheese Serves 5",
    "imageUrl": "https://shop.coles.com.au/wcsstore/Coles-CAS/images/4/7/2/4727645-th.jpg",
    "categories": ["pantry"],
    "tags": ["canned-fods-soups-nodles", "instant-meals-sides"],
    "locations": {
      "vic": {
        "price": 3,
        "promoText": "Any 2 $4.50",
        "packageSize": "170g",
        "packagePrice": "$1.76 per 100G"
      }
    }
  },
  {
    "id": "continental-pasta-sauce-bacon-carbonara",
    "brand": "Continental",
    "name": "Pasta & Sauce Creamy Bacon Carbonara",
    "imageUrl": "https://shop.coles.com.au/wcsstore/Coles-CAS/images/4/7/2/4725694-th.jpg",
    "categories": ["pantry"],
    "tags": ["canned-fods-soups-nodles", "instant-meals-sides"],
    "locations": {
      "vic": {
        "price": 2.1,
        "promoText": " ",
        "packageSize": "85g",
        "packagePrice": "$2.47 per 100G"
      }
    }
  },
  {
    "id": "coles-mi-goreng-instant-noodles-5-pack",
    "brand": "Coles",
    "name": "Mi Goreng Instant Noodles 5 Pack",
    "imageUrl": "https://shop.coles.com.au/wcsstore/Coles-CAS/images/3/0/2/3023647-th.jpg",
    "categories": ["pantry"],
    "tags": ["canned-fods-soups-nodles", "instant-meals-sides"],
    "locations": {
      "vic": {
        "price": 1.5,
        "promoText": " ",
        "packageSize": "425g",
        "packagePrice": "$0.35 per 100G"
      }
    }
  },
  {
    "id": "continental-pasta-sauce-chicken-curry",
    "brand": "Continental",
    "name": "Chicken Curry Pasta & Sauce Serves 3",
    "imageUrl": "https://shop.coles.com.au/wcsstore/Coles-CAS/images/4/7/2/4725763-th.jpg",
    "categories": ["pantry"],
    "tags": ["canned-fods-soups-nodles", "instant-meals-sides"],
    "locations": {
      "vic": {
        "price": 2.1,
        "promoText": " ",
        "packageSize": "90g",
        "packagePrice": "$2.33 per 100G"
      }
    }
  },
  {
    "id": "continental-convenience-meal-pasta-sauce-macaroni-cheese",
    "brand": "Continental",
    "name": "Macaroni Cheese Pasta & Sauce Serves 3",
    "imageUrl": "https://shop.coles.com.au/wcsstore/Coles-CAS/images/1/4/1/1416296-th.jpg",
    "categories": ["pantry"],
    "tags": ["canned-fods-soups-nodles", "instant-meals-sides"],
    "locations": {
      "vic": {
        "price": 2.1,
        "promoText": " ",
        "packageSize": "105g",
        "packagePrice": "$2.00 per 100G"
      }
    }
  },
  {
    "id": "continental-mushroom-chive-risotto",
    "brand": "Continental",
    "name": "Mushroom & Chive Risotto Serves 3",
    "imageUrl": "https://shop.coles.com.au/wcsstore/Coles-CAS/images/2/2/6/2263033-th.jpg",
    "categories": ["pantry"],
    "tags": ["canned-fods-soups-nodles", "instant-meals-sides"],
    "locations": {
      "vic": {
        "price": 2.75,
        "promoText": "Any 2 $4.50",
        "packageSize": "115g",
        "packagePrice": "$2.39 per 100G"
      }
    }
  },
  {
    "id": "continental-rices-oriental-fried-rice",
    "brand": "Continental",
    "name": "Oriental Fried Rice",
    "imageUrl": "https://shop.coles.com.au/wcsstore/Coles-CAS/images/5/4/3/5431510-th.jpg",
    "categories": ["pantry"],
    "tags": ["canned-fods-soups-nodles", "instant-meals-sides"],
    "locations": {
      "vic": {
        "price": 2.1,
        "promoText": " ",
        "packageSize": "115g",
        "packagePrice": "$1.83 per 100G"
      }
    }
  },
  {
    "id": "continental-rices-chicken",
    "brand": "Continental",
    "name": "Chicken Rice Serves 3",
    "imageUrl": "https://shop.coles.com.au/wcsstore/Coles-CAS/images/8/9/1/8918099-th.jpg",
    "categories": ["pantry"],
    "tags": ["canned-fods-soups-nodles", "instant-meals-sides"],
    "locations": {
      "vic": {
        "price": 2.1,
        "promoText": " ",
        "packageSize": "120g",
        "packagePrice": "$1.75 per 100G"
      }
    }
  },
  {
    "id": "continental-spinach-parmesan-bacon-pasta-sauce",
    "brand": "Continental",
    "name": "Creamy Spinach Parmesan & Bacon Pasta Serves 2",
    "imageUrl": "https://shop.coles.com.au/wcsstore/Coles-CAS/images/2/2/6/2262981-th.jpg",
    "categories": ["pantry"],
    "tags": ["canned-fods-soups-nodles", "instant-meals-sides"],
    "locations": {
      "vic": {
        "price": 2.75,
        "promoText": "Any 2 $4.50",
        "packageSize": "91g",
        "packagePrice": "$3.02 per 100G"
      }
    }
  },
  {
    "id": "continental-coconut-lemongrass-thai-rice",
    "brand": "Continental",
    "name": "Thai Coconut & Lemongrass Rice Serves 2",
    "imageUrl": "https://shop.coles.com.au/wcsstore/Coles-CAS/images/2/2/6/2262992-th.jpg",
    "categories": ["pantry"],
    "tags": ["canned-fods-soups-nodles", "instant-meals-sides"],
    "locations": {
      "vic": {
        "price": 2.75,
        "promoText": "Any 2 $4.50",
        "packageSize": "115g",
        "packagePrice": "$2.39 per 100G"
      }
    }
  },
  {
    "id": "ainsley-harriott-cous-cous-moroccan-medley",
    "brand": "Ainsley Harriott",
    "name": "Moroccan Medley Cous Cous",
    "imageUrl": "https://shop.coles.com.au/wcsstore/Coles-CAS/images/7/4/4/7448604-th.jpg",
    "categories": ["pantry"],
    "tags": ["canned-fods-soups-nodles", "instant-meals-sides"],
    "locations": {
      "vic": {
        "price": 1.9,
        "promoText": "Was $2.20 on Aug 2019 ",
        "packageSize": "100g",
        "packagePrice": "$1.90 per 100G"
      }
    }
  },
  {
    "id": "kraft-mac-cheese-8-pack",
    "brand": "Kraft",
    "name": "Mac & Cheese 8 Pack",
    "imageUrl": "https://shop.coles.com.au/wcsstore/Coles-CAS/images/3/5/3/3539560-th.jpg",
    "categories": ["pantry"],
    "tags": ["canned-fods-soups-nodles", "instant-meals-sides"],
    "locations": {
      "vic": {
        "price": 4,
        "promoText": "Was $4.80 on Jul 2019 ",
        "packageSize": "410g",
        "packagePrice": "$0.98 per 100G"
      }
    }
  },
  {
    "id": "san-remo-la-pasta-pasta-sauce-creamy-bacon-single-snack",
    "brand": "San Remo",
    "name": "La Pasta Single Snack Creamy Bacon Pasta & Sauce",
    "imageUrl": "https://shop.coles.com.au/wcsstore/Coles-CAS/images/5/1/7/5177299-th.jpg",
    "categories": ["pantry"],
    "tags": ["canned-fods-soups-nodles", "instant-meals-sides"],
    "locations": {
      "vic": {
        "price": 1,
        "promoText": " ",
        "packageSize": "80g",
        "packagePrice": "$1.25 per 100G"
      }
    }
  },
  {
    "id": "indo-mie-noodles-instant-mi-goreng-fried-satay",
    "brand": "Indomie",
    "name": "Fried Mi Goreng Satay Instant Noodles 5 Pack",
    "imageUrl": "https://shop.coles.com.au/wcsstore/Coles-CAS/images/4/6/0/4605080-th.jpg",
    "categories": ["pantry"],
    "tags": ["canned-fods-soups-nodles", "instant-meals-sides"],
    "locations": {
      "vic": {
        "price": 2.75,
        "promoText": " ",
        "packageSize": "80g",
        "packagePrice": "$0.69 per 100G"
      }
    }
  },
  {
    "id": "well-good-vegan-cheesy-mac-original-cheddar",
    "brand": "Well & Good",
    "name": "Traditional Cheddar Flavour Vegan Cheesy Mac",
    "imageUrl": "https://shop.coles.com.au/wcsstore/Coles-CAS/images/3/4/0/3405144-th.jpg",
    "categories": ["pantry"],
    "tags": ["canned-fods-soups-nodles", "instant-meals-sides"],
    "locations": {
      "vic": {
        "price": 4.75,
        "promoText": " ",
        "packageSize": "110g",
        "packagePrice": "$4.32 per 100G"
      }
    }
  },
  {
    "id": "continental-value-pack-p-s-four-cheeses",
    "brand": "Continental",
    "name": "Four Cheeses Pasta & Sauce Serves 5",
    "imageUrl": "https://shop.coles.com.au/wcsstore/Coles-CAS/images/8/4/6/8463760-th.jpg",
    "categories": ["pantry"],
    "tags": ["canned-fods-soups-nodles", "instant-meals-sides"],
    "locations": {
      "vic": {
        "price": 3,
        "promoText": "Any 2 $4.50",
        "packageSize": "170g",
        "packagePrice": "$1.76 per 100G"
      }
    }
  },
  {
    "id": "continental-pasta-sauce-four-cheeses",
    "brand": "Continental",
    "name": "Four Cheeses Pasta & Sauce Serves 3",
    "imageUrl": "https://shop.coles.com.au/wcsstore/Coles-CAS/images/4/7/2/4725800-th.jpg",
    "categories": ["pantry"],
    "tags": ["canned-fods-soups-nodles", "instant-meals-sides"],
    "locations": {
      "vic": {
        "price": 2.1,
        "promoText": " ",
        "packageSize": "100g",
        "packagePrice": "$2.10 per 100G"
      }
    }
  },
  {
    "id": "continental-pasta-sauce-sour-cream-chives",
    "brand": "Continental",
    "name": "Sour Cream & Chives Pasta & Sauce Serves 3",
    "imageUrl": "https://shop.coles.com.au/wcsstore/Coles-CAS/images/4/7/2/4725719-th.jpg",
    "categories": ["pantry"],
    "tags": ["canned-fods-soups-nodles", "instant-meals-sides"],
    "locations": {
      "vic": {
        "price": 2.1,
        "promoText": " ",
        "packageSize": "85g",
        "packagePrice": "$2.47 per 100G"
      }
    }
  },
  {
    "id": "continental-pasta-sauce-alfredo",
    "brand": "Continental",
    "name": "Alfredo Pasta & Sauce Serves 3",
    "imageUrl": "https://shop.coles.com.au/wcsstore/Coles-CAS/images/4/7/2/4725708-th.jpg",
    "categories": ["pantry"],
    "tags": ["canned-fods-soups-nodles", "instant-meals-sides"],
    "locations": {
      "vic": {
        "price": 2.1,
        "promoText": " ",
        "packageSize": "85g",
        "packagePrice": "$2.47 per 100G"
      }
    }
  },
  {
    "id": "continental-value-pack-pasta-sauce-chicken-curry",
    "brand": "Continental",
    "name": "Value Pack Pasta & Sauce Chicken Curry",
    "imageUrl": "https://shop.coles.com.au/wcsstore/Coles-CAS/images/4/7/2/4727340-th.jpg",
    "categories": ["pantry"],
    "tags": ["canned-fods-soups-nodles", "instant-meals-sides"],
    "locations": {
      "vic": {
        "price": 3,
        "promoText": "Any 2 $4.50",
        "packageSize": "150g",
        "packagePrice": "$2.00 per 100G"
      }
    }
  },
  {
    "id": "continental-convenience-meal-pasta-sauce-alfredo-garlic-herb",
    "brand": "Continental",
    "name": "Alfredo Garlic & Herb Pasta & Sauce Serves 3",
    "imageUrl": "https://shop.coles.com.au/wcsstore/Coles-CAS/images/1/4/1/1414042-th.jpg",
    "categories": ["pantry"],
    "tags": ["canned-fods-soups-nodles", "instant-meals-sides"],
    "locations": {
      "vic": {
        "price": 2.1,
        "promoText": " ",
        "packageSize": "85g",
        "packagePrice": "$2.47 per 100G"
      }
    }
  },
  {
    "id": "continental-creamy-tomato-parmesan-basil-pasta-sauce",
    "brand": "Continental",
    "name": "Creamy Tomato Parmesan & Basil Pasta Serves 2",
    "imageUrl": "https://shop.coles.com.au/wcsstore/Coles-CAS/images/2/2/6/2263102-th.jpg",
    "categories": ["pantry"],
    "tags": ["canned-fods-soups-nodles", "instant-meals-sides"],
    "locations": {
      "vic": {
        "price": 2.75,
        "promoText": "Any 2 $4.50",
        "packageSize": "98g",
        "packagePrice": "$2.81 per 100G"
      }
    }
  },
  {
    "id": "continental-aged-cheddar-parmesan-chives-pasta-sauce",
    "brand": "Continental",
    "name": "Aged Cheddar Parmesan & Chives Pasta & Sauce Serves 3",
    "imageUrl": "https://shop.coles.com.au/wcsstore/Coles-CAS/images/2/2/6/2263077-th.jpg",
    "categories": ["pantry"],
    "tags": ["canned-fods-soups-nodles", "instant-meals-sides"],
    "locations": {
      "vic": {
        "price": 2.75,
        "promoText": "Any 2 $4.50",
        "packageSize": "90g",
        "packagePrice": "$3.06 per 100G"
      }
    }
  },
  {
    "id": "continental-roast-chicken-leek-risotto",
    "brand": "Continental",
    "name": "Roast Chicken & Leek Risotto Serves 2",
    "imageUrl": "https://shop.coles.com.au/wcsstore/Coles-CAS/images/2/2/6/2263011-th.jpg",
    "categories": ["pantry"],
    "tags": ["canned-fods-soups-nodles", "instant-meals-sides"],
    "locations": {
      "vic": {
        "price": 2.75,
        "promoText": "Any 2 $4.50",
        "packageSize": "115g",
        "packagePrice": "$2.39 per 100G"
      }
    }
  },
  {
    "id": "maggi-fusian--noodles-hot-spicy",
    "brand": "Maggi",
    "name": "2 Minute Noodles Fusian Mi Goreng Hot & Spicy 5 Pack",
    "imageUrl": "https://shop.coles.com.au/wcsstore/Coles-CAS/images/8/0/9/8097811-th.jpg",
    "categories": ["pantry"],
    "tags": ["canned-fods-soups-nodles", "instant-meals-sides"],
    "locations": {
      "vic": {
        "price": 3.95,
        "promoText": " ",
        "packageSize": "365g",
        "packagePrice": "$1.08 per 100G"
      }
    }
  },
  {
    "id": "maggi-fusian-noodles-soy-mild-spice-5-pack",
    "brand": "Maggi",
    "name": "2 Minute Noodles Fusian Mi Goreng Soy & Mild Spice 5 Pack",
    "imageUrl": "https://shop.coles.com.au/wcsstore/Coles-CAS/images/8/0/9/8097800-th.jpg",
    "categories": ["pantry"],
    "tags": ["canned-fods-soups-nodles", "instant-meals-sides"],
    "locations": {
      "vic": {
        "price": 3.95,
        "promoText": " ",
        "packageSize": "360g",
        "packagePrice": "$1.10 per 100G"
      }
    }
  },
  {
    "id": "maggi%09-noodles-2-minute-beef-12-pack",
    "brand": "Maggi",
    "name": "2 Minute Noodles Beef 12 Pack",
    "imageUrl": "https://shop.coles.com.au/wcsstore/Coles-CAS/images/1/6/1/1616637-th.jpg",
    "categories": ["pantry"],
    "tags": ["canned-fods-soups-nodles", "instant-meals-sides"],
    "locations": {
      "vic": {
        "price": 8,
        "promoText": "Was $9.00 on Mar 2018 ",
        "packageSize": "888g",
        "packagePrice": "$0.90 per 100G"
      }
    }
  },
  {
    "id": "sunrice-indian-butter-chicken-rice-ready-meal",
    "brand": "Sunrice",
    "name": "Indian Butter Chicken Curry",
    "imageUrl": "https://shop.coles.com.au/wcsstore/Coles-CAS/images/1/6/9/1690265-th.jpg",
    "categories": ["pantry"],
    "tags": ["canned-fods-soups-nodles", "instant-meals-sides"],
    "locations": {
      "vic": {
        "price": 4.5,
        "promoText": " ",
        "packageSize": "350g",
        "packagePrice": "$1.29 per 100G"
      }
    }
  },
  {
    "id": "sirena-tuna-royal-italian-style-in-oil",
    "brand": "Sirena",
    "name": "Tuna in Oil Italian Style",
    "imageUrl": "https://shop.coles.com.au/wcsstore/Coles-CAS/images/1/2/5/125050-th.jpg",
    "categories": ["pantry"],
    "tags": ["canned-fods-soups-nodles", "fish-seafod"],
    "locations": {
      "vic": {
        "price": 2.7,
        "promoText": " ",
        "packageSize": "95g",
        "packagePrice": "$28.42 per 1Kg"
      }
    }
  },
  {
    "id": "john-west-tempters-tuna-in-olive-oil",
    "brand": "John West",
    "name": "Tempters Tuna in Olive Oil",
    "imageUrl": "https://shop.coles.com.au/wcsstore/Coles-CAS/images/5/5/5/5558736-th.jpg",
    "categories": ["pantry"],
    "tags": ["canned-fods-soups-nodles", "fish-seafod"],
    "locations": {
      "vic": {
        "price": 1.15,
        "promoText": "$1.15 ",
        "packageSize": "95g",
        "packagePrice": "$12.11 per 1Kg"
      }
    }
  },
  {
    "id": "sirena-tuna-italian-style-in-oil",
    "brand": "Sirena",
    "name": "Tuna in Oil Italian Style",
    "imageUrl": "https://shop.coles.com.au/wcsstore/Coles-CAS/images/3/9/0/390572-th.jpg",
    "categories": ["pantry"],
    "tags": ["canned-fods-soups-nodles", "fish-seafod"],
    "locations": {
      "vic": {
        "price": 5.5,
        "promoText": "$1.50 ",
        "packageSize": "425g",
        "packagePrice": "$12.94 per 1Kg"
      }
    }
  },
  {
    "id": "sirena-tuna-chilli-in-oil",
    "brand": "Sirena",
    "name": "Chilli Tuna In Oil",
    "imageUrl": "https://shop.coles.com.au/wcsstore/Coles-CAS/images/7/4/0/7408359-th.jpg",
    "categories": ["pantry"],
    "tags": ["canned-fods-soups-nodles", "fish-seafod"],
    "locations": {
      "vic": {
        "price": 2.7,
        "promoText": " ",
        "packageSize": "95g",
        "packagePrice": "$28.42 per 1Kg"
      }
    }
  },
  {
    "id": "john-west-tempters-tuna-chunky-in-springwater",
    "brand": "John West",
    "name": "Tempters Tuna Chunks in Springwater",
    "imageUrl": "https://shop.coles.com.au/wcsstore/Coles-CAS/images/7/5/3/7532777-th.jpg",
    "categories": ["pantry"],
    "tags": ["canned-fods-soups-nodles", "fish-seafod"],
    "locations": {
      "vic": {
        "price": 1.15,
        "promoText": "$1.15 ",
        "packageSize": "95g",
        "packagePrice": "$12.11 per 1Kg"
      }
    }
  },
  {
    "id": "sirena-tuna-italian-style-in-oil-244264p",
    "brand": "Sirena",
    "name": "Tuna in Oil Italian Style",
    "imageUrl": "https://shop.coles.com.au/wcsstore/Coles-CAS/images/2/4/4/244264-th.jpg",
    "categories": ["pantry"],
    "tags": ["canned-fods-soups-nodles", "fish-seafod"],
    "locations": {
      "vic": {
        "price": 4.3,
        "promoText": " ",
        "packageSize": "185g",
        "packagePrice": "$23.24 per 1Kg"
      }
    }
  },
  {
    "id": "sirena-tuna-in-springwater-8890138p",
    "brand": "Sirena",
    "name": "Tuna in Springwater",
    "imageUrl": "https://shop.coles.com.au/wcsstore/Coles-CAS/images/8/8/9/8890138-th.jpg",
    "categories": ["pantry"],
    "tags": ["canned-fods-soups-nodles", "fish-seafod"],
    "locations": {
      "vic": {
        "price": 2.7,
        "promoText": " ",
        "packageSize": "95g",
        "packagePrice": "$28.42 per 1Kg"
      }
    }
  },
  {
    "id": "coles-tuna-chunks-in-springwater-99%25-fat-free",
    "brand": "Coles",
    "name": "Tuna Chunks in Springwater",
    "imageUrl": "https://shop.coles.com.au/wcsstore/Coles-CAS/images/8/6/7/8675281-th.jpg",
    "categories": ["pantry"],
    "tags": ["canned-fods-soups-nodles", "fish-seafod"],
    "locations": {
      "vic": {
        "price": 0.9,
        "promoText": " ",
        "packageSize": "95g",
        "packagePrice": "$9.47 per 1Kg"
      }
    }
  },
  {
    "id": "sirena-tuna-chilli",
    "brand": "Sirena",
    "name": "Chilli Tuna",
    "imageUrl": "https://shop.coles.com.au/wcsstore/Coles-CAS/images/6/0/6/6061041-th.jpg",
    "categories": ["pantry"],
    "tags": ["canned-fods-soups-nodles", "fish-seafod"],
    "locations": {
      "vic": {
        "price": 4.3,
        "promoText": " ",
        "packageSize": "185g",
        "packagePrice": "$23.24 per 1Kg"
      }
    }
  },
  {
    "id": "john-west-tempters-tuna-onion-tomato-savoury-sauce",
    "brand": "John West",
    "name": "Tempters Tuna Onion & Tomato Savoury Sauce",
    "imageUrl": "https://shop.coles.com.au/wcsstore/Coles-CAS/images/3/8/4/384718-th.jpg",
    "categories": ["pantry"],
    "tags": ["canned-fods-soups-nodles", "fish-seafod"],
    "locations": {
      "vic": {
        "price": 1.15,
        "promoText": "$1.15 ",
        "packageSize": "95g",
        "packagePrice": "$12.11 per 1Kg"
      }
    }
  },
  {
    "id": "coles-tuna-chunks-in-springwater",
    "brand": "Coles",
    "name": "Tuna Chunks in Springwater",
    "imageUrl": "https://shop.coles.com.au/wcsstore/Coles-CAS/images/8/6/7/8675270-th.jpg",
    "categories": ["pantry"],
    "tags": ["canned-fods-soups-nodles", "fish-seafod"],
    "locations": {
      "vic": {
        "price": 1.6,
        "promoText": " ",
        "packageSize": "185g",
        "packagePrice": "$8.65 per 1Kg"
      }
    }
  },
  {
    "id": "coles-tuna-sweet-chilli",
    "brand": "Coles",
    "name": "Sweet Chilli Tuna",
    "imageUrl": "https://shop.coles.com.au/wcsstore/Coles-CAS/images/5/9/0/5905760-th.jpg",
    "categories": ["pantry"],
    "tags": ["canned-fods-soups-nodles", "fish-seafod"],
    "locations": {
      "vic": {
        "price": 0.9,
        "promoText": " ",
        "packageSize": "95g",
        "packagePrice": "$0.95 per 100G"
      }
    }
  },
  {
    "id": "coles-tuna-spicy-chilli",
    "brand": "Coles",
    "name": "Spicy Chilli Tuna",
    "imageUrl": "https://shop.coles.com.au/wcsstore/Coles-CAS/images/7/7/5/7752810-th.jpg",
    "categories": ["pantry"],
    "tags": ["canned-fods-soups-nodles", "fish-seafod"],
    "locations": {
      "vic": {
        "price": 0.9,
        "promoText": " ",
        "packageSize": "95g",
        "packagePrice": "$9.47 per 1Kg"
      }
    }
  },
  {
    "id": "sirena-tuna-in-springwater-9442937p",
    "brand": "Sirena",
    "name": "Tuna In Springwater",
    "imageUrl": "https://shop.coles.com.au/wcsstore/Coles-CAS/images/9/4/4/9442937-th.jpg",
    "categories": ["pantry"],
    "tags": ["canned-fods-soups-nodles", "fish-seafod"],
    "locations": {
      "vic": {
        "price": 5.5,
        "promoText": "$1.50 ",
        "packageSize": "425g",
        "packagePrice": "$12.94 per 1Kg"
      }
    }
  },
  {
    "id": "coles-tuna-lemon-pepper",
    "brand": "Coles",
    "name": "Tuna With Lemon And Pepper",
    "imageUrl": "https://shop.coles.com.au/wcsstore/Coles-CAS/images/7/4/7/7475913-th.jpg",
    "categories": ["pantry"],
    "tags": ["canned-fods-soups-nodles", "fish-seafod"],
    "locations": {
      "vic": {
        "price": 0.9,
        "promoText": " ",
        "packageSize": "95g",
        "packagePrice": "$0.95 per 100G"
      }
    }
  },
  {
    "id": "john-west-tempters-tuna-zesty-vinaigrette",
    "brand": "John West",
    "name": "Tempters Zesty Vinaigrette Tuna",
    "imageUrl": "https://shop.coles.com.au/wcsstore/Coles-CAS/images/6/0/4/6044097-th.jpg",
    "categories": ["pantry"],
    "tags": ["canned-fods-soups-nodles", "fish-seafod"],
    "locations": {
      "vic": {
        "price": 1.15,
        "promoText": "$1.15 ",
        "packageSize": "95g",
        "packagePrice": "$12.11 per 1Kg"
      }
    }
  },
  {
    "id": "john-west-tempters-tuna-onion-tomato-light",
    "brand": "John West",
    "name": "Tempters Onion & Tomato Light Tuna",
    "imageUrl": "https://shop.coles.com.au/wcsstore/Coles-CAS/images/4/9/2/4925004-th.jpg",
    "categories": ["pantry"],
    "tags": ["canned-fods-soups-nodles", "fish-seafod"],
    "locations": {
      "vic": {
        "price": 1.15,
        "promoText": "$1.15 ",
        "packageSize": "95g",
        "packagePrice": "$12.11 per 1Kg"
      }
    }
  },
  {
    "id": "john-west-tempters-tuna-enchilada",
    "brand": "John West",
    "name": "Tempters Enchilada Tuna",
    "imageUrl": "https://shop.coles.com.au/wcsstore/Coles-CAS/images/3/2/0/3209827-th.jpg",
    "categories": ["pantry"],
    "tags": ["canned-fods-soups-nodles", "fish-seafod"],
    "locations": {
      "vic": {
        "price": 1.15,
        "promoText": "$1.15 ",
        "packageSize": "90g",
        "packagePrice": "$1.28 per 100G"
      }
    }
  },
  {
    "id": "coles-tuna-sandwich-in-brine",
    "brand": "Coles",
    "name": "Sandwich Tuna In Brine",
    "imageUrl": "https://shop.coles.com.au/wcsstore/Coles-CAS/images/8/6/7/8675372-th.jpg",
    "categories": ["pantry"],
    "tags": ["canned-fods-soups-nodles", "fish-seafod"],
    "locations": {
      "vic": {
        "price": 0.9,
        "promoText": " ",
        "packageSize": "95g",
        "packagePrice": "$9.47 per 1Kg"
      }
    }
  },
  {
    "id": "coles-tuna-chunks-in-olive-oil-blend-8675339p",
    "brand": "Coles",
    "name": "Tuna Chunks in Olive Oil Blend",
    "imageUrl": "https://shop.coles.com.au/wcsstore/Coles-CAS/images/8/6/7/8675339-th.jpg",
    "categories": ["pantry"],
    "tags": ["canned-fods-soups-nodles", "fish-seafod"],
    "locations": {
      "vic": {
        "price": 0.9,
        "promoText": " ",
        "packageSize": "95g",
        "packagePrice": "$9.47 per 1Kg"
      }
    }
  },
  {
    "id": "coles-tuna-onion-savoury-sauce",
    "brand": "Coles",
    "name": "Onion And Savoury Sauce Tuna",
    "imageUrl": "https://shop.coles.com.au/wcsstore/Coles-CAS/images/7/8/6/7861087-th.jpg",
    "categories": ["pantry"],
    "tags": ["canned-fods-soups-nodles", "fish-seafod"],
    "locations": {
      "vic": {
        "price": 0.9,
        "promoText": " ",
        "packageSize": "95g",
        "packagePrice": "$9.47 per 1Kg"
      }
    }
  },
  {
    "id": "coles-tuna-sweetcorn-mayonnaise",
    "brand": "Coles",
    "name": "Sweetcorn & Mayonnaise Tuna",
    "imageUrl": "https://shop.coles.com.au/wcsstore/Coles-CAS/images/7/4/7/7475957-th.jpg",
    "categories": ["pantry"],
    "tags": ["canned-fods-soups-nodles", "fish-seafod"],
    "locations": {
      "vic": {
        "price": 0.9,
        "promoText": " ",
        "packageSize": "95g",
        "packagePrice": "$9.47 per 1Kg"
      }
    }
  },
  {
    "id": "coles-tuna-springwater",
    "brand": "Coles",
    "name": "Tuna Chunks In Springwater",
    "imageUrl": "https://shop.coles.com.au/wcsstore/Coles-CAS/images/2/9/0/2902438-th.jpg",
    "categories": ["pantry"],
    "tags": ["canned-fods-soups-nodles", "fish-seafod"],
    "locations": {
      "vic": {
        "price": 3,
        "promoText": " ",
        "packageSize": "425g",
        "packagePrice": "$7.06 per 1Kg"
      }
    }
  },
  {
    "id": "john-west-tempters-tuna-natural-smoke-flavour",
    "brand": "John West",
    "name": "Tempters Natural Smoke Flavour Tuna",
    "imageUrl": "https://shop.coles.com.au/wcsstore/Coles-CAS/images/9/6/5/9658663-th.jpg",
    "categories": ["pantry"],
    "tags": ["canned-fods-soups-nodles", "fish-seafod"],
    "locations": {
      "vic": {
        "price": 1.15,
        "promoText": "$1.15 ",
        "packageSize": "95g",
        "packagePrice": "$12.11 per 1Kg"
      }
    }
  },
  {
    "id": "coles-tuna-mexican-style",
    "brand": "Coles",
    "name": "Mexican Style Tuna",
    "imageUrl": "https://shop.coles.com.au/wcsstore/Coles-CAS/images/5/9/0/5905670-th.jpg",
    "categories": ["pantry"],
    "tags": ["canned-fods-soups-nodles", "fish-seafod"],
    "locations": {
      "vic": {
        "price": 0.9,
        "promoText": " ",
        "packageSize": "95g",
        "packagePrice": "$0.95 per 100G"
      }
    }
  },
  {
    "id": "coles-tuna-chunks-in-brine-5377630p",
    "brand": "Coles",
    "name": "Tuna Chunks In Brine",
    "imageUrl": "https://shop.coles.com.au/wcsstore/Coles-CAS/images/5/3/7/5377630-th.jpg",
    "categories": ["pantry"],
    "tags": ["canned-fods-soups-nodles", "fish-seafod"],
    "locations": {
      "vic": {
        "price": 1.6,
        "promoText": " ",
        "packageSize": "185g",
        "packagePrice": "$8.65 per 1Kg"
      }
    }
  },
  {
    "id": "colomba-anchovy-fillets-94547p",
    "brand": "Colomba",
    "name": "Anchovy Fillets",
    "imageUrl": "https://shop.coles.com.au/wcsstore/Coles-CAS/images/9/4/5/94547-th.jpg",
    "categories": ["pantry"],
    "tags": ["canned-fods-soups-nodles", "fish-seafod"],
    "locations": {
      "vic": {
        "price": 4.6,
        "promoText": " ",
        "packageSize": "80g",
        "packagePrice": "$57.50 per 1Kg"
      }
    }
  },
  {
    "id": "john-west-tempters-tuna-lemon-cracked-pepper",
    "brand": "John West",
    "name": "Tempters Lemon & Cracked Pepper Tuna",
    "imageUrl": "https://shop.coles.com.au/wcsstore/Coles-CAS/images/6/0/4/6041113-th.jpg",
    "categories": ["pantry"],
    "tags": ["canned-fods-soups-nodles", "fish-seafod"],
    "locations": {
      "vic": {
        "price": 1.15,
        "promoText": "$1.15 ",
        "packageSize": "95g",
        "packagePrice": "$12.11 per 1Kg"
      }
    }
  },
  {
    "id": "sirena-tuna-lemon-pepper-in-oil",
    "brand": "Sirena",
    "name": "Lemon & Pepper Tuna",
    "imageUrl": "https://shop.coles.com.au/wcsstore/Coles-CAS/images/9/6/5/9658379-th.jpg",
    "categories": ["pantry"],
    "tags": ["canned-fods-soups-nodles", "fish-seafod"],
    "locations": {
      "vic": {
        "price": 2.7,
        "promoText": " ",
        "packageSize": "95g",
        "packagePrice": "$28.42 per 1Kg"
      }
    }
  },
  {
    "id": "coles-tuna-chunks-in-springwater-8675260p",
    "brand": "Coles",
    "name": "Tuna Chunks in Springwater",
    "imageUrl": "https://shop.coles.com.au/wcsstore/Coles-CAS/images/8/6/7/8675260-th.jpg",
    "categories": ["pantry"],
    "tags": ["canned-fods-soups-nodles", "fish-seafod"],
    "locations": {
      "vic": {
        "price": 3.35,
        "promoText": " ",
        "packageSize": "425g",
        "packagePrice": "$7.88 per 1Kg"
      }
    }
  },
  {
    "id": "john-west-tempters-tuna-chilli",
    "brand": "John West",
    "name": "Tempters Chilli Tuna",
    "imageUrl": "https://shop.coles.com.au/wcsstore/Coles-CAS/images/6/0/4/6044009-th.jpg",
    "categories": ["pantry"],
    "tags": ["canned-fods-soups-nodles", "fish-seafod"],
    "locations": {
      "vic": {
        "price": 1.15,
        "promoText": "$1.15 ",
        "packageSize": "95g",
        "packagePrice": "$12.11 per 1Kg"
      }
    }
  },
  {
    "id": "john-west-tuna-in-springwater",
    "brand": "John West",
    "name": "Chunk Style Tuna in Springwater",
    "imageUrl": "https://shop.coles.com.au/wcsstore/Coles-CAS/images/5/0/7/5079802-th.jpg",
    "categories": ["pantry"],
    "tags": ["canned-fods-soups-nodles", "fish-seafod"],
    "locations": {
      "vic": {
        "price": 5.75,
        "promoText": " ",
        "packageSize": "425g",
        "packagePrice": "$13.53 per 1Kg"
      }
    }
  },
  {
    "id": "john-west-tempters-jalapeno-tuna",
    "brand": "John West",
    "name": "Tempters Tuna & Tangy Jalapenos",
    "imageUrl": "https://shop.coles.com.au/wcsstore/Coles-CAS/images/2/6/6/2667972-th.jpg",
    "categories": ["pantry"],
    "tags": ["canned-fods-soups-nodles", "fish-seafod"],
    "locations": {
      "vic": {
        "price": 1.15,
        "promoText": "$1.15 ",
        "packageSize": "95g",
        "packagePrice": "$12.11 per 1Kg"
      }
    }
  },
  {
    "id": "sirena-tuna-infused-basil",
    "brand": "Sirena",
    "name": "Basil Infused Tuna",
    "imageUrl": "https://shop.coles.com.au/wcsstore/Coles-CAS/images/7/5/3/7533816-th.jpg",
    "categories": ["pantry"],
    "tags": ["canned-fods-soups-nodles", "fish-seafod"],
    "locations": {
      "vic": {
        "price": 2.7,
        "promoText": " ",
        "packageSize": "95g",
        "packagePrice": "$28.42 per 1Kg"
      }
    }
  },
  {
    "id": "brunswick-sardines-in-springwater-no-added-salt",
    "brand": "Brunswick",
    "name": "Wild Sardines in Spring Water",
    "imageUrl": "https://shop.coles.com.au/wcsstore/Coles-CAS/images/5/2/3/5231601-th.jpg",
    "categories": ["pantry"],
    "tags": ["canned-fods-soups-nodles", "fish-seafod"],
    "locations": {
      "vic": {
        "price": 1.3,
        "promoText": "$0.40 ",
        "packageSize": "106g",
        "packagePrice": "$12.26 per 1Kg"
      }
    }
  },
  {
    "id": "coles-tuna-chunks-in-olive-oil-blend",
    "brand": "Coles",
    "name": "Tuna Chunks in Olive Oil Blend",
    "imageUrl": "https://shop.coles.com.au/wcsstore/Coles-CAS/images/8/6/7/8675340-th.jpg",
    "categories": ["pantry"],
    "tags": ["canned-fods-soups-nodles", "fish-seafod"],
    "locations": {
      "vic": {
        "price": 1.6,
        "promoText": " ",
        "packageSize": "185g",
        "packagePrice": "$8.65 per 1Kg"
      }
    }
  },
  {
    "id": "john-west-tempters-tuna-oven-dried-tomato-basil",
    "brand": "John West",
    "name": "Tempters Oven Dried Tomato & Basil Tuna",
    "imageUrl": "https://shop.coles.com.au/wcsstore/Coles-CAS/images/6/0/4/6041124-th.jpg",
    "categories": ["pantry"],
    "tags": ["canned-fods-soups-nodles", "fish-seafod"],
    "locations": {
      "vic": {
        "price": 1.15,
        "promoText": "$1.15 ",
        "packageSize": "95g",
        "packagePrice": "$12.11 per 1Kg"
      }
    }
  },
  {
    "id": "john-west-mussels-galician",
    "brand": "John West",
    "name": "Spanish Mussels Galician Sauce",
    "imageUrl": "https://shop.coles.com.au/wcsstore/Coles-CAS/images/3/1/1/3114662-th.jpg",
    "categories": ["pantry"],
    "tags": ["canned-fods-soups-nodles", "fish-seafod"],
    "locations": {
      "vic": {
        "price": 2,
        "promoText": "$2.00 ",
        "packageSize": "110g",
        "packagePrice": "$18.18 per 1Kg"
      }
    }
  },
  {
    "id": "wild-tides-tuna-olive-oil",
    "brand": "Wild Tides",
    "name": "Fished Tuna Olive Oil Blend",
    "imageUrl": "https://shop.coles.com.au/wcsstore/Coles-CAS/images/3/2/9/3294780-th.jpg",
    "categories": ["pantry"],
    "tags": ["canned-fods-soups-nodles", "fish-seafod"],
    "locations": {
      "vic": {
        "price": 2,
        "promoText": " ",
        "packageSize": "95g",
        "packagePrice": "$21.05 per 1Kg"
      }
    }
  },
  {
    "id": "coles-tuna-mild-indian-curry",
    "brand": "Coles",
    "name": "Mild Indian Curry Tuna",
    "imageUrl": "https://shop.coles.com.au/wcsstore/Coles-CAS/images/7/7/5/7752751-th.jpg",
    "categories": ["pantry"],
    "tags": ["canned-fods-soups-nodles", "fish-seafod"],
    "locations": {
      "vic": {
        "price": 0.9,
        "promoText": " ",
        "packageSize": "95g",
        "packagePrice": "$9.47 per 1Kg"
      }
    }
  },
  {
    "id": "coles-smart-buy-tuna-chunks-in-brine",
    "brand": "Coles",
    "name": "Tuna In Brine",
    "imageUrl": "https://shop.coles.com.au/wcsstore/Coles-CAS/images/5/9/0/5905002-th.jpg",
    "categories": ["pantry"],
    "tags": ["canned-fods-soups-nodles", "fish-seafod"],
    "locations": {
      "vic": {
        "price": 1.3,
        "promoText": " ",
        "packageSize": "185g",
        "packagePrice": "$7.03 per 1Kg"
      }
    }
  },
  {
    "id": "john-west-anchovy-fillets-in-oil",
    "brand": "John West",
    "name": "Anchovies Fillets in Olive Oil",
    "imageUrl": "https://shop.coles.com.au/wcsstore/Coles-CAS/images/7/5/3/7533962-th.jpg",
    "categories": ["pantry"],
    "tags": ["canned-fods-soups-nodles", "fish-seafod"],
    "locations": {
      "vic": {
        "price": 2.9,
        "promoText": " ",
        "packageSize": "45g",
        "packagePrice": "$64.46 per 1Kg"
      }
    }
  },
  {
    "id": "john-west-mussels-escabeche",
    "brand": "John West",
    "name": "Spanish Mussels Escabeche Sauce",
    "imageUrl": "https://shop.coles.com.au/wcsstore/Coles-CAS/images/3/1/1/3114651-th.jpg",
    "categories": ["pantry"],
    "tags": ["canned-fods-soups-nodles", "fish-seafod"],
    "locations": {
      "vic": {
        "price": 2,
        "promoText": "$2.00 ",
        "packageSize": "110g",
        "packagePrice": "$18.18 per 1Kg"
      }
    }
  },
  {
    "id": "sirena-tuna-in-springwater",
    "brand": "Sirena",
    "name": "Tuna in Springwater",
    "imageUrl": "https://shop.coles.com.au/wcsstore/Coles-CAS/images/7/3/9/7392565-th.jpg",
    "categories": ["pantry"],
    "tags": ["canned-fods-soups-nodles", "fish-seafod"],
    "locations": {
      "vic": {
        "price": 4.3,
        "promoText": " ",
        "packageSize": "185g",
        "packagePrice": "$23.24 per 1Kg"
      }
    }
  },
  {
    "id": "sirena-tuna-soy-ginger",
    "brand": "Sirena",
    "name": "Soy & Ginger Tuna",
    "imageUrl": "https://shop.coles.com.au/wcsstore/Coles-CAS/images/5/5/5/5557777-th.jpg",
    "categories": ["pantry"],
    "tags": ["canned-fods-soups-nodles", "fish-seafod"],
    "locations": {
      "vic": {
        "price": 2.7,
        "promoText": " ",
        "packageSize": "95g",
        "packagePrice": "$28.42 per 1Kg"
      }
    }
  },
  {
    "id": "coles-tuna-smoke-flavour",
    "brand": "Coles",
    "name": "Smoke Flavour Tuna",
    "imageUrl": "https://shop.coles.com.au/wcsstore/Coles-CAS/images/7/4/7/7475899-th.jpg",
    "categories": ["pantry"],
    "tags": ["canned-fods-soups-nodles", "fish-seafod"],
    "locations": {
      "vic": {
        "price": 0.9,
        "promoText": " ",
        "packageSize": "95g",
        "packagePrice": "$0.95 per 100G"
      }
    }
  },
  {
    "id": "coles-tuna-tomato-basil",
    "brand": "Coles",
    "name": "Tuna  With Tomato & Basil",
    "imageUrl": "https://shop.coles.com.au/wcsstore/Coles-CAS/images/7/8/6/7861327-th.jpg",
    "categories": ["pantry"],
    "tags": ["canned-fods-soups-nodles", "fish-seafod"],
    "locations": {
      "vic": {
        "price": 0.9,
        "promoText": " ",
        "packageSize": "95g",
        "packagePrice": "$9.47 per 1Kg"
      }
    }
  },
  {
    "id": "coles-smart-buy-tuna-in-vegetable-oil-5904994p",
    "brand": "Coles",
    "name": "Vegetable Oil Tuna",
    "imageUrl": "https://shop.coles.com.au/wcsstore/Coles-CAS/images/5/9/0/5904994-th.jpg",
    "categories": ["pantry"],
    "tags": ["canned-fods-soups-nodles", "fish-seafod"],
    "locations": {
      "vic": {
        "price": 1.3,
        "promoText": " ",
        "packageSize": "185g",
        "packagePrice": "$7.03 per 1Kg"
      }
    }
  },
  {
    "id": "coles-pacific-tuna-chilli",
    "brand": "Coles",
    "name": "Pacific Tuna Chilli",
    "imageUrl": "https://shop.coles.com.au/wcsstore/Coles-CAS/images/3/6/1/3614020-th.jpg",
    "categories": ["pantry"],
    "tags": ["canned-fods-soups-nodles", "fish-seafod"],
    "locations": {
      "vic": {
        "price": 2.6,
        "promoText": " ",
        "packageSize": "185g",
        "packagePrice": "$1.41 per 100G"
      }
    }
  },
  {
    "id": "john-west-tempters-tuna-chilli-multi-4-pack",
    "brand": "John West",
    "name": "Tempters Chilli Tuna Multi 4 pack",
    "imageUrl": "https://shop.coles.com.au/wcsstore/Coles-CAS/images/8/0/8/8085233-th.jpg",
    "categories": ["pantry"],
    "tags": ["canned-fods-soups-nodles", "fish-seafod"],
    "locations": {
      "vic": {
        "price": 5,
        "promoText": "Was $6.00 on Oct 2017 ",
        "packageSize": "95g",
        "packagePrice": "$13.16 per 1Kg"
      }
    }
  },
  {
    "id": "john-west-tempters-tuna-mayonnaise-corn",
    "brand": "John West",
    "name": "Tempters Tuna Sweet Corn & Mayonnaise",
    "imageUrl": "https://shop.coles.com.au/wcsstore/Coles-CAS/images/6/6/5/6658510-th.jpg",
    "categories": ["pantry"],
    "tags": ["canned-fods-soups-nodles", "fish-seafod"],
    "locations": {
      "vic": {
        "price": 1.15,
        "promoText": "$1.15 ",
        "packageSize": "95g",
        "packagePrice": "$12.11 per 1Kg"
      }
    }
  },
  {
    "id": "sirena-tuna-puttanesca",
    "brand": "Sirena",
    "name": "Puttanesca Tuna",
    "imageUrl": "https://shop.coles.com.au/wcsstore/Coles-CAS/images/4/2/7/4270540-th.jpg",
    "categories": ["pantry"],
    "tags": ["canned-fods-soups-nodles", "fish-seafod"],
    "locations": {
      "vic": {
        "price": 2.7,
        "promoText": " ",
        "packageSize": "95g",
        "packagePrice": "$28.42 per 1Kg"
      }
    }
  },
  {
    "id": "sirena-tuna-superfoods-rice-quinoa",
    "brand": "Sirena",
    "name": "Brown Rice & Quinoa With Tuna",
    "imageUrl": "https://shop.coles.com.au/wcsstore/Coles-CAS/images/2/5/1/2510201-th.jpg",
    "categories": ["pantry"],
    "tags": ["canned-fods-soups-nodles", "fish-seafod"],
    "locations": {
      "vic": {
        "price": 4,
        "promoText": " ",
        "packageSize": "170g",
        "packagePrice": "$23.53 per 1Kg"
      }
    }
  },
  {
    "id": "sirena-tuna-pasta-sicilian",
    "brand": "Sirena",
    "name": "Tuna & Pasta Sicilian Style",
    "imageUrl": "https://shop.coles.com.au/wcsstore/Coles-CAS/images/3/1/8/3189413-th.jpg",
    "categories": ["pantry"],
    "tags": ["canned-fods-soups-nodles", "fish-seafod"],
    "locations": {
      "vic": {
        "price": 4,
        "promoText": " ",
        "packageSize": "170g",
        "packagePrice": "$23.53 per 1Kg"
      }
    }
  },
  {
    "id": "wild-tides-tuna-springwater",
    "brand": "Wild Tides",
    "name": "Springwater Fished Tuna",
    "imageUrl": "https://shop.coles.com.au/wcsstore/Coles-CAS/images/3/2/9/3294815-th.jpg",
    "categories": ["pantry"],
    "tags": ["canned-fods-soups-nodles", "fish-seafod"],
    "locations": {
      "vic": {
        "price": 2,
        "promoText": " ",
        "packageSize": "95g",
        "packagePrice": "$2.11 per 100G"
      }
    }
  },
  {
    "id": "wild-tides-tuna-smokey",
    "brand": "Wild Tides",
    "name": "Smoke Flavour Tuna",
    "imageUrl": "https://shop.coles.com.au/wcsstore/Coles-CAS/images/3/2/9/3295090-th.jpg",
    "categories": ["pantry"],
    "tags": ["canned-fods-soups-nodles", "fish-seafod"],
    "locations": {
      "vic": {
        "price": 2,
        "promoText": " ",
        "packageSize": "95g",
        "packagePrice": "$2.11 per 100G"
      }
    }
  },
  {
    "id": "wild-tides-tuna-teriyaki",
    "brand": "Wild Tides",
    "name": "Responsibly Fished Tuna Teriyaki",
    "imageUrl": "https://shop.coles.com.au/wcsstore/Coles-CAS/images/3/6/0/3608913-th.jpg",
    "categories": ["pantry"],
    "tags": ["canned-fods-soups-nodles", "fish-seafod"],
    "locations": {
      "vic": {
        "price": 2,
        "promoText": " ",
        "packageSize": "95g",
        "packagePrice": "$21.05 per 1Kg"
      }
    }
  },
  {
    "id": "always-fresh-anchovies-in-olive-oil",
    "brand": "Always Fresh",
    "name": "Flat Anchovies In Olive Oil",
    "imageUrl": "https://shop.coles.com.au/wcsstore/Coles-CAS/images/2/5/1/2511226-th.jpg",
    "categories": ["pantry"],
    "tags": ["canned-fods-soups-nodles", "fish-seafod"],
    "locations": {
      "vic": {
        "price": 4.7,
        "promoText": " ",
        "packageSize": "100g",
        "packagePrice": "$4.70 per 100G"
      }
    }
  },
  {
    "id": "brunswick-sardines-in-olive-oil",
    "brand": "Brunswick",
    "name": "Wild Sardines in Olive Oil",
    "imageUrl": "https://shop.coles.com.au/wcsstore/Coles-CAS/images/4/2/6/4264194-th.jpg",
    "categories": ["pantry"],
    "tags": ["canned-fods-soups-nodles", "fish-seafod"],
    "locations": {
      "vic": {
        "price": 1.3,
        "promoText": "$0.40 ",
        "packageSize": "106g",
        "packagePrice": "$12.26 per 1Kg"
      }
    }
  },
  {
    "id": "coles-smart-buy-tuna-in-brine",
    "brand": "Coles",
    "name": "Tuna in Brine",
    "imageUrl": "https://shop.coles.com.au/wcsstore/Coles-CAS/images/4/8/4/4845787-th.jpg",
    "categories": ["pantry"],
    "tags": ["canned-fods-soups-nodles", "fish-seafod"],
    "locations": {
      "vic": {
        "price": 3,
        "promoText": " ",
        "packageSize": "425g",
        "packagePrice": "$7.06 per 1Kg"
      }
    }
  },
  {
    "id": "john-west-tempters-tuna-sweet-chilli",
    "brand": "John West",
    "name": "Tempters Sweet Chilli Tuna",
    "imageUrl": "https://shop.coles.com.au/wcsstore/Coles-CAS/images/8/5/8/8582395-th.jpg",
    "categories": ["pantry"],
    "tags": ["canned-fods-soups-nodles", "fish-seafod"],
    "locations": {
      "vic": {
        "price": 1.15,
        "promoText": "$1.15 ",
        "packageSize": "95g",
        "packagePrice": "$12.11 per 1Kg"
      }
    }
  },
  {
    "id": "john-west-tuna-in-olive-oil",
    "brand": "John West",
    "name": "Chunk Style Tuna in Olive Oil Blend",
    "imageUrl": "https://shop.coles.com.au/wcsstore/Coles-CAS/images/5/9/6/5966062-th.jpg",
    "categories": ["pantry"],
    "tags": ["canned-fods-soups-nodles", "fish-seafod"],
    "locations": {
      "vic": {
        "price": 5.75,
        "promoText": " ",
        "packageSize": "425g",
        "packagePrice": "$13.53 per 1Kg"
      }
    }
  },
  {
    "id": "john-west-tuna-slices-smoked",
    "brand": "John West",
    "name": "Smoked Tuna Slices",
    "imageUrl": "https://shop.coles.com.au/wcsstore/Coles-CAS/images/5/2/1/5217746-th.jpg",
    "categories": ["pantry"],
    "tags": ["canned-fods-soups-nodles", "fish-seafod"],
    "locations": {
      "vic": {
        "price": 3.5,
        "promoText": " ",
        "packageSize": "125g",
        "packagePrice": "$28.00 per 1Kg"
      }
    }
  },
  {
    "id": "john-west-tempters-salmon-olive-oil-blend",
    "brand": "John West",
    "name": "Olive Oil Blend Salmon",
    "imageUrl": "https://shop.coles.com.au/wcsstore/Coles-CAS/images/9/6/2/9629348-th.jpg",
    "categories": ["pantry"],
    "tags": ["canned-fods-soups-nodles", "fish-seafod"],
    "locations": {
      "vic": {
        "price": 2.7,
        "promoText": " ",
        "packageSize": "95g",
        "packagePrice": "$28.42 per 1Kg"
      }
    }
  },
  {
    "id": "john-west-deli-tuna-olives-peppers",
    "brand": "John West",
    "name": "Black Olives & Bell Peppers In Oil Deli Tuna",
    "imageUrl": "https://shop.coles.com.au/wcsstore/Coles-CAS/images/3/6/1/3619330-th.jpg",
    "categories": ["pantry"],
    "tags": ["canned-fods-soups-nodles", "fish-seafod"],
    "locations": {
      "vic": {
        "price": 2.7,
        "promoText": " ",
        "packageSize": "90g",
        "packagePrice": "$30.00 per 1Kg"
      }
    }
  },
  {
    "id": "john-west-deli-tuna-flame-grild-capsc-in-oil",
    "brand": "John West",
    "name": "Flame Grilled Capsicum In Oil Deli Tuna",
    "imageUrl": "https://shop.coles.com.au/wcsstore/Coles-CAS/images/3/6/1/3616343-th.jpg",
    "categories": ["pantry"],
    "tags": ["canned-fods-soups-nodles", "fish-seafod"],
    "locations": {
      "vic": {
        "price": 2.7,
        "promoText": " ",
        "packageSize": "90g",
        "packagePrice": "$30.00 per 1Kg"
      }
    }
  },
  {
    "id": "safcol-brisling-sardines-in-springwater",
    "brand": "Safcol",
    "name": "Brisling Sardines In Springwater",
    "imageUrl": "https://shop.coles.com.au/wcsstore/Coles-CAS/images/2/5/0/2508276-th.jpg",
    "categories": ["pantry"],
    "tags": ["canned-fods-soups-nodles", "fish-seafod"],
    "locations": {
      "vic": {
        "price": 1.4,
        "promoText": " ",
        "packageSize": "110g",
        "packagePrice": "$12.73 per 1Kg"
      }
    }
  },
  {
    "id": "sirena-tuna-la-vita-lite-chilli",
    "brand": "Sirena",
    "name": "La Vita Chilli Tuna",
    "imageUrl": "https://shop.coles.com.au/wcsstore/Coles-CAS/images/6/7/8/6787819-th.jpg",
    "categories": ["pantry"],
    "tags": ["canned-fods-soups-nodles", "fish-seafod"],
    "locations": {
      "vic": {
        "price": 2.7,
        "promoText": " ",
        "packageSize": "95g",
        "packagePrice": "$28.42 per 1Kg"
      }
    }
  },
  {
    "id": "sirena-canned-tuna-smoke-infused-oil",
    "brand": "Sirena",
    "name": "Smoke Infused Oil Tuna Can",
    "imageUrl": "https://shop.coles.com.au/wcsstore/Coles-CAS/images/2/8/7/2872100-th.jpg",
    "categories": ["pantry"],
    "tags": ["canned-fods-soups-nodles", "fish-seafod"],
    "locations": {
      "vic": {
        "price": 2.7,
        "promoText": " ",
        "packageSize": "95g",
        "packagePrice": "$28.42 per 1Kg"
      }
    }
  },
  {
    "id": "coles-tuna-chunks-in-olive-oil-blend-8675328p",
    "brand": "Coles",
    "name": "Tuna Chunks in Olive Oil Blend",
    "imageUrl": "https://shop.coles.com.au/wcsstore/Coles-CAS/images/8/6/7/8675328-th.jpg",
    "categories": ["pantry"],
    "tags": ["canned-fods-soups-nodles", "fish-seafod"],
    "locations": {
      "vic": {
        "price": 3.35,
        "promoText": " ",
        "packageSize": "425g",
        "packagePrice": "$7.88 per 1Kg"
      }
    }
  },
  {
    "id": "coles-salmon-red",
    "brand": "Coles",
    "name": "Red Salmon",
    "imageUrl": "https://shop.coles.com.au/wcsstore/Coles-CAS/images/8/6/7/8675088-th.jpg",
    "categories": ["pantry"],
    "tags": ["canned-fods-soups-nodles", "fish-seafod"],
    "locations": {
      "vic": {
        "price": 10,
        "promoText": " ",
        "packageSize": "415g",
        "packagePrice": "$24.10 per 1Kg"
      }
    }
  },
  {
    "id": "coles-tuna-sweet-seeded-mustard",
    "brand": "Coles",
    "name": "Sweet Seeded Mustard Tuna",
    "imageUrl": "https://shop.coles.com.au/wcsstore/Coles-CAS/images/7/7/5/7752718-th.jpg",
    "categories": ["pantry"],
    "tags": ["canned-fods-soups-nodles", "fish-seafod"],
    "locations": {
      "vic": {
        "price": 0.9,
        "promoText": " ",
        "packageSize": "95g",
        "packagePrice": "$9.47 per 1Kg"
      }
    }
  },
  {
    "id": "coles-tuna-sandwich-in-olive-oil-blend-8675361p",
    "brand": "Coles",
    "name": "Sandwich Tuna in Olive Oil Blend",
    "imageUrl": "https://shop.coles.com.au/wcsstore/Coles-CAS/images/8/6/7/8675361-th.jpg",
    "categories": ["pantry"],
    "tags": ["canned-fods-soups-nodles", "fish-seafod"],
    "locations": {
      "vic": {
        "price": 0.9,
        "promoText": " ",
        "packageSize": "95g",
        "packagePrice": "$9.47 per 1Kg"
      }
    }
  },
  {
    "id": "coles-salmon-pink-8675055p",
    "brand": "Coles",
    "name": "Pink Salmon",
    "imageUrl": "https://shop.coles.com.au/wcsstore/Coles-CAS/images/8/6/7/8675055-th.jpg",
    "categories": ["pantry"],
    "tags": ["canned-fods-soups-nodles", "fish-seafod"],
    "locations": {
      "vic": {
        "price": 4.7,
        "promoText": " ",
        "packageSize": "415g",
        "packagePrice": "$1.13 per 100G"
      }
    }
  },
  {
    "id": "coles-tuna-zesty-vinaigrette",
    "brand": "Coles",
    "name": "Zesty Vinaigrette Tuna",
    "imageUrl": "https://shop.coles.com.au/wcsstore/Coles-CAS/images/7/7/5/7752707-th.jpg",
    "categories": ["pantry"],
    "tags": ["canned-fods-soups-nodles", "fish-seafod"],
    "locations": {
      "vic": {
        "price": 0.9,
        "promoText": " ",
        "packageSize": "95g",
        "packagePrice": "$9.47 per 1Kg"
      }
    }
  },
  {
    "id": "coles-smart-buy-tuna-in-vegetable-oil",
    "brand": "Coles",
    "name": "Tuna In Vegetable Oil",
    "imageUrl": "https://shop.coles.com.au/wcsstore/Coles-CAS/images/5/9/0/5905013-th.jpg",
    "categories": ["pantry"],
    "tags": ["canned-fods-soups-nodles", "fish-seafod"],
    "locations": {
      "vic": {
        "price": 3,
        "promoText": " ",
        "packageSize": "425g",
        "packagePrice": "$7.06 per 1Kg"
      }
    }
  },
  {
    "id": "john-west-tempters-salmon-smoked",
    "brand": "John West",
    "name": "Naturally Smoked Tempters Salmon",
    "imageUrl": "https://shop.coles.com.au/wcsstore/Coles-CAS/images/7/0/8/7086558-th.jpg",
    "categories": ["pantry"],
    "tags": ["canned-fods-soups-nodles", "fish-seafod"],
    "locations": {
      "vic": {
        "price": 2.7,
        "promoText": " ",
        "packageSize": "95g",
        "packagePrice": "$28.42 per 1Kg"
      }
    }
  },
  {
    "id": "john-west-tempters-tuna-mango-chilli",
    "brand": "John West",
    "name": "Tempters Mango Chilli Tuna",
    "imageUrl": "https://shop.coles.com.au/wcsstore/Coles-CAS/images/5/2/6/5263889-th.jpg",
    "categories": ["pantry"],
    "tags": ["canned-fods-soups-nodles", "fish-seafod"],
    "locations": {
      "vic": {
        "price": 1.15,
        "promoText": "$1.15 ",
        "packageSize": "95g",
        "packagePrice": "$12.11 per 1Kg"
      }
    }
  },
  {
    "id": "john-west-sardines-scottish-in-springwater",
    "brand": "John West",
    "name": "Wild Scottish Sardines In Springwater",
    "imageUrl": "https://shop.coles.com.au/wcsstore/Coles-CAS/images/5/2/3/5237110-th.jpg",
    "categories": ["pantry"],
    "tags": ["canned-fods-soups-nodles", "fish-seafod"],
    "locations": {
      "vic": {
        "price": 2,
        "promoText": "$0.80 ",
        "packageSize": "110g",
        "packagePrice": "$18.18 per 1Kg"
      }
    }
  },
  {
    "id": "john-west-sardines-in-oil",
    "brand": "John West",
    "name": "Sardines in Oil",
    "imageUrl": "https://shop.coles.com.au/wcsstore/Coles-CAS/images/1/2/4/124819-th.jpg",
    "categories": ["pantry"],
    "tags": ["canned-fods-soups-nodles", "fish-seafod"],
    "locations": {
      "vic": {
        "price": 2,
        "promoText": "$0.80 ",
        "packageSize": "110g",
        "packagePrice": "$18.18 per 1Kg"
      }
    }
  },
  {
    "id": "king-oscar-sardines-in-olive-oil-5778710p",
    "brand": "King Oscar",
    "name": "Sardines in Olive Oil",
    "imageUrl": "https://shop.coles.com.au/wcsstore/Coles-CAS/images/5/7/7/5778710-th.jpg",
    "categories": ["pantry"],
    "tags": ["canned-fods-soups-nodles", "fish-seafod"],
    "locations": {
      "vic": {
        "price": 2.8,
        "promoText": " ",
        "packageSize": "105g",
        "packagePrice": "$26.67 per 1Kg"
      }
    }
  },
  {
    "id": "paramount-pink-salmon-canned",
    "brand": "Paramount",
    "name": "Pink Salmon Wild Alaskan",
    "imageUrl": "https://shop.coles.com.au/wcsstore/Coles-CAS/images/5/0/0/5004224-th.jpg",
    "categories": ["pantry"],
    "tags": ["canned-fods-soups-nodles", "fish-seafod"],
    "locations": {
      "vic": {
        "price": 7,
        "promoText": " ",
        "packageSize": "415g",
        "packagePrice": "$16.87 per 1Kg"
      }
    }
  },
  {
    "id": "coles-smart-buy-sardines-in-vegetable-oil",
    "brand": "Seacrown",
    "name": "Sardines In Vegetable Oil",
    "imageUrl": "https://shop.coles.com.au/wcsstore/Coles-CAS/images/4/4/8/4486470-th.jpg",
    "categories": ["pantry"],
    "tags": ["canned-fods-soups-nodles", "fish-seafod"],
    "locations": {
      "vic": {
        "price": 0.75,
        "promoText": " ",
        "packageSize": "125g",
        "packagePrice": "$6.00 per 1Kg"
      }
    }
  },
  {
    "id": "sirena-tuna-slices-in-oil",
    "brand": "Sirena",
    "name": "Oil Italian Style iN Tuna Slices",
    "imageUrl": "https://shop.coles.com.au/wcsstore/Coles-CAS/images/5/5/5/5557540-th.jpg",
    "categories": ["pantry"],
    "tags": ["canned-fods-soups-nodles", "fish-seafod"],
    "locations": {
      "vic": {
        "price": 3.5,
        "promoText": " ",
        "packageSize": "125g",
        "packagePrice": "$28.00 per 1Kg"
      }
    }
  },
  {
    "id": "sirena-tuna-lite-in-oil",
    "brand": "Sirena",
    "name": "La Vita Lite Tuna in Oil",
    "imageUrl": "https://shop.coles.com.au/wcsstore/Coles-CAS/images/5/9/6/5969300-th.jpg",
    "categories": ["pantry"],
    "tags": ["canned-fods-soups-nodles", "fish-seafod"],
    "locations": {
      "vic": {
        "price": 2.7,
        "promoText": " ",
        "packageSize": "95g",
        "packagePrice": "$28.42 per 1Kg"
      }
    }
  },
  {
    "id": "sirena-tuna-tomato-basil",
    "brand": "Sirena",
    "name": "Chunky Tomato & Basil Tuna",
    "imageUrl": "https://shop.coles.com.au/wcsstore/Coles-CAS/images/3/4/0/3403353-th.jpg",
    "categories": ["pantry"],
    "tags": ["canned-fods-soups-nodles", "fish-seafod"],
    "locations": {
      "vic": {
        "price": 2.7,
        "promoText": " ",
        "packageSize": "95g",
        "packagePrice": "$28.42 per 1Kg"
      }
    }
  },
  {
    "id": "sole-mare-portuguese-sardines-olive-oil",
    "brand": "Sole Mare",
    "name": "Portuguese Style Sardines In Extra Virgin Olive Oil",
    "imageUrl": "https://shop.coles.com.au/wcsstore/Coles-CAS/images/3/3/1/3310977-th.jpg",
    "categories": ["pantry"],
    "tags": ["canned-fods-soups-nodles", "fish-seafod"],
    "locations": {
      "vic": {
        "price": 2.8,
        "promoText": " ",
        "packageSize": "120g",
        "packagePrice": "$23.33 per 1Kg"
      }
    }
  },
  {
    "id": "tassal-salmon-premium-tasmanian-roasted-in-springwater",
    "brand": "Tassal",
    "name": "Premium Tasmanian Roasted Salmon Springwater",
    "imageUrl": "https://shop.coles.com.au/wcsstore/Coles-CAS/images/7/5/3/7534375-th.jpg",
    "categories": ["pantry"],
    "tags": ["canned-fods-soups-nodles", "fish-seafod"],
    "locations": {
      "vic": {
        "price": 2,
        "promoText": "Was $2.60 on Feb 2018 ",
        "packageSize": "95g",
        "packagePrice": "$21.05 per 1Kg"
      }
    }
  },
  {
    "id": "wild-tides-tuna-spicy-chilli",
    "brand": "Wild Tides",
    "name": "Spicy Chilli Fished Tuna",
    "imageUrl": "https://shop.coles.com.au/wcsstore/Coles-CAS/images/3/2/9/3294972-th.jpg",
    "categories": ["pantry"],
    "tags": ["canned-fods-soups-nodles", "fish-seafod"],
    "locations": {
      "vic": {
        "price": 2,
        "promoText": " ",
        "packageSize": "95g",
        "packagePrice": "$21.05 per 1Kg"
      }
    }
  },
  {
    "id": "wild-tides-tuna-sweet-chilli",
    "brand": "Wild Tides",
    "name": "Sweet Chilli Fished Tuna",
    "imageUrl": "https://shop.coles.com.au/wcsstore/Coles-CAS/images/3/2/9/3295024-th.jpg",
    "categories": ["pantry"],
    "tags": ["canned-fods-soups-nodles", "fish-seafod"],
    "locations": {
      "vic": {
        "price": 2,
        "promoText": " ",
        "packageSize": "95g",
        "packagePrice": "$2.11 per 100G"
      }
    }
  },
  {
    "id": "ally-salmon-pink-124681p",
    "brand": "Ally",
    "name": "Pink Salmon",
    "imageUrl": "https://shop.coles.com.au/wcsstore/Coles-CAS/images/1/2/4/124681-th.jpg",
    "categories": ["pantry"],
    "tags": ["canned-fods-soups-nodles", "fish-seafod"],
    "locations": {
      "vic": {
        "price": 2.4,
        "promoText": " ",
        "packageSize": "105g",
        "packagePrice": "$22.86 per 1Kg"
      }
    }
  },
  {
    "id": "coles-salmon-red-8675000p",
    "brand": "Coles",
    "name": "Red Salmon",
    "imageUrl": "https://shop.coles.com.au/wcsstore/Coles-CAS/images/8/6/7/8675000-th.jpg",
    "categories": ["pantry"],
    "tags": ["canned-fods-soups-nodles", "fish-seafod"],
    "locations": {
      "vic": {
        "price": 3.7,
        "promoText": " ",
        "packageSize": "105g",
        "packagePrice": "$35.24 per 1Kg"
      }
    }
  },
  {
    "id": "coles-basil-yellowfin-tuna",
    "brand": "Coles",
    "name": "Yellowfin Tuna Chunks In Basil Flavoured Oil",
    "imageUrl": "https://shop.coles.com.au/wcsstore/Coles-CAS/images/2/4/0/2407235-th.jpg",
    "categories": ["pantry"],
    "tags": ["canned-fods-soups-nodles", "fish-seafod"],
    "locations": {
      "vic": {
        "price": 1.7,
        "promoText": " ",
        "packageSize": "95g",
        "packagePrice": "$17.89 per 1Kg"
      }
    }
  },
  {
    "id": "coles-pacific-tuna-chunks-ita-oil",
    "brand": "Coles",
    "name": "Pacific Tuna Chunks Italian In Olive Oil",
    "imageUrl": "https://shop.coles.com.au/wcsstore/Coles-CAS/images/3/5/4/3544322-th.jpg",
    "categories": ["pantry"],
    "tags": ["canned-fods-soups-nodles", "fish-seafod"],
    "locations": {
      "vic": {
        "price": 4.5,
        "promoText": " ",
        "packageSize": "425g",
        "packagePrice": "$10.59 per 1Kg"
      }
    }
  },
  {
    "id": "colomba-anchovy-fillets",
    "brand": "Colomba",
    "name": "Fillets Of Anchovies In Sunflower Oil",
    "imageUrl": "https://shop.coles.com.au/wcsstore/Coles-CAS/images/5/9/7/5977171-th.jpg",
    "categories": ["pantry"],
    "tags": ["canned-fods-soups-nodles", "fish-seafod"],
    "locations": {
      "vic": {
        "price": 8,
        "promoText": " ",
        "packageSize": "150g",
        "packagePrice": "$53.34 per 1Kg"
      }
    }
  },
  {
    "id": "john-west-tempters-tuna-in-springwater-multi-4-pack",
    "brand": "John West",
    "name": "Tempters Tuna in Springwater Multi 4 pack",
    "imageUrl": "https://shop.coles.com.au/wcsstore/Coles-CAS/images/8/0/8/8085266-th.jpg",
    "categories": ["pantry"],
    "tags": ["canned-fods-soups-nodles", "fish-seafod"],
    "locations": {
      "vic": {
        "price": 5,
        "promoText": "Was $6.00 on Oct 2017 ",
        "packageSize": "95g",
        "packagePrice": "$13.16 per 1Kg"
      }
    }
  },
  {
    "id": "john-west-tuna-slices-in-springwater",
    "brand": "John West",
    "name": "Tuna Slices in Springwater",
    "imageUrl": "https://shop.coles.com.au/wcsstore/Coles-CAS/images/6/0/2/6022516-th.jpg",
    "categories": ["pantry"],
    "tags": ["canned-fods-soups-nodles", "fish-seafod"],
    "locations": {
      "vic": {
        "price": 3.5,
        "promoText": " ",
        "packageSize": "125g",
        "packagePrice": "$28.00 per 1Kg"
      }
    }
  },
  {
    "id": "john-west-tempters-salmon-in-springwater",
    "brand": "John West",
    "name": "Springwater Salmon",
    "imageUrl": "https://shop.coles.com.au/wcsstore/Coles-CAS/images/5/5/5/5558780-th.jpg",
    "categories": ["pantry"],
    "tags": ["canned-fods-soups-nodles", "fish-seafod"],
    "locations": {
      "vic": {
        "price": 2.7,
        "promoText": " ",
        "packageSize": "95g",
        "packagePrice": "$28.42 per 1Kg"
      }
    }
  },
  {
    "id": "john-west-oysters-smoked-in-bbq-sauce",
    "brand": "John West",
    "name": "Smoked Oysters In BBQ Sauce",
    "imageUrl": "https://shop.coles.com.au/wcsstore/Coles-CAS/images/6/0/2/6022425-th.jpg",
    "categories": ["pantry"],
    "tags": ["canned-fods-soups-nodles", "fish-seafod"],
    "locations": {
      "vic": {
        "price": 2,
        "promoText": "$1.00 ",
        "packageSize": "85g",
        "packagePrice": "$23.53 per 1Kg"
      }
    }
  },
  {
    "id": "john-west-tuna-slices-in-olive-oil",
    "brand": "John West",
    "name": "Olive Oil Blend Tuna Slices",
    "imageUrl": "https://shop.coles.com.au/wcsstore/Coles-CAS/images/5/2/1/5217735-th.jpg",
    "categories": ["pantry"],
    "tags": ["canned-fods-soups-nodles", "fish-seafod"],
    "locations": {
      "vic": {
        "price": 3.5,
        "promoText": " ",
        "packageSize": "125g",
        "packagePrice": "$28.00 per 1Kg"
      }
    }
  },
  {
    "id": "john-west-salmon-pink-124717p",
    "brand": "John West",
    "name": "Wild Alaskan Pink Salmon",
    "imageUrl": "https://shop.coles.com.au/wcsstore/Coles-CAS/images/1/2/4/124717-th.jpg",
    "categories": ["pantry"],
    "tags": ["canned-fods-soups-nodles", "fish-seafod"],
    "locations": {
      "vic": {
        "price": 5.5,
        "promoText": " ",
        "packageSize": "210g",
        "packagePrice": "$26.19 per 1Kg"
      }
    }
  },
  {
    "id": "john-west-salmon-pink-162658p",
    "brand": "John West",
    "name": "Wild Alaskan Pink Salmon",
    "imageUrl": "https://shop.coles.com.au/wcsstore/Coles-CAS/images/1/6/2/162658-th.jpg",
    "categories": ["pantry"],
    "tags": ["canned-fods-soups-nodles", "fish-seafod"],
    "locations": {
      "vic": {
        "price": 2.8,
        "promoText": "$0.50 ",
        "packageSize": "105g",
        "packagePrice": "$26.67 per 1Kg"
      }
    }
  },
  {
    "id": "john-west-salmon-red-124761p",
    "brand": "John West",
    "name": "Wild Alaskan Red Salmon",
    "imageUrl": "https://shop.coles.com.au/wcsstore/Coles-CAS/images/1/2/4/124761-th.jpg",
    "categories": ["pantry"],
    "tags": ["canned-fods-soups-nodles", "fish-seafod"],
    "locations": {
      "vic": {
        "price": 5.5,
        "promoText": " ",
        "packageSize": "105g",
        "packagePrice": "$52.38 per 1Kg"
      }
    }
  },
  {
    "id": "john-west-salmon-red-124772p",
    "brand": "John West",
    "name": "Wild Alaskan Red Salmon",
    "imageUrl": "https://shop.coles.com.au/wcsstore/Coles-CAS/images/1/2/4/124772-th.jpg",
    "categories": ["pantry"],
    "tags": ["canned-fods-soups-nodles", "fish-seafod"],
    "locations": {
      "vic": {
        "price": 8,
        "promoText": " ",
        "packageSize": "210g",
        "packagePrice": "$38.10 per 1Kg"
      }
    }
  },
  {
    "id": "john-west-salmon-slices-smoked",
    "brand": "John West",
    "name": "Wild Caught Skinless & Boneless Smoked Salmon Slices",
    "imageUrl": "https://shop.coles.com.au/wcsstore/Coles-CAS/images/9/6/5/9658754-th.jpg",
    "categories": ["pantry"],
    "tags": ["canned-fods-soups-nodles", "fish-seafod"],
    "locations": {
      "vic": {
        "price": 3,
        "promoText": "$0.55 ",
        "packageSize": "125g",
        "packagePrice": "$24.00 per 1Kg"
      }
    }
  },
  {
    "id": "john-west-salmon-skinless-boneless-in-springwater",
    "brand": "John West",
    "name": "Skinless Boneless Salmon in Springwater",
    "imageUrl": "https://shop.coles.com.au/wcsstore/Coles-CAS/images/9/6/4/9641650-th.jpg",
    "categories": ["pantry"],
    "tags": ["canned-fods-soups-nodles", "fish-seafod"],
    "locations": {
      "vic": {
        "price": 2.7,
        "promoText": "$0.60 ",
        "packageSize": "130g",
        "packagePrice": "$20.77 per 1Kg"
      }
    }
  },
  {
    "id": "john-west-deli-tuna-olive-oil-blend",
    "brand": "John West",
    "name": "Extra Virgin Olive Oil Blend & Pink Salt Deli Tuna",
    "imageUrl": "https://shop.coles.com.au/wcsstore/Coles-CAS/images/3/6/1/3616230-th.jpg",
    "categories": ["pantry"],
    "tags": ["canned-fods-soups-nodles", "fish-seafod"],
    "locations": {
      "vic": {
        "price": 2.7,
        "promoText": " ",
        "packageSize": "90g",
        "packagePrice": "$30.00 per 1Kg"
      }
    }
  },
  {
    "id": "john-west-protein-tuna-couscous-rice-tom",
    "brand": "John West",
    "name": "Protein Tuna Pearl Couscous Brown Rice Oven Roast Tomato On",
    "imageUrl": "https://shop.coles.com.au/wcsstore/Coles-CAS/images/3/6/1/3619374-th.jpg",
    "categories": ["pantry"],
    "tags": ["canned-fods-soups-nodles", "fish-seafod"],
    "locations": {
      "vic": {
        "price": 4,
        "promoText": " ",
        "packageSize": "220g",
        "packagePrice": "$18.18 per 1Kg"
      }
    }
  },
  {
    "id": "king-oscar-sardines-in-olive-oil",
    "brand": "King Oscar",
    "name": "Brisling Sardines in Extra Virgin Olive Oil",
    "imageUrl": "https://shop.coles.com.au/wcsstore/Coles-CAS/images/6/7/8/6786099-th.jpg",
    "categories": ["pantry"],
    "tags": ["canned-fods-soups-nodles", "fish-seafod"],
    "locations": {
      "vic": {
        "price": 2.25,
        "promoText": " ",
        "packageSize": "45g",
        "packagePrice": "$50.01 per 1Kg"
      }
    }
  },
  {
    "id": "king-oscar-mackeral-in-tomato",
    "brand": "King Oscar",
    "name": "Skinless & Boneless Mackerel Fillets In Tomato Sauce",
    "imageUrl": "https://shop.coles.com.au/wcsstore/Coles-CAS/images/2/5/0/2508470-th.jpg",
    "categories": ["pantry"],
    "tags": ["canned-fods-soups-nodles", "fish-seafod"],
    "locations": {
      "vic": {
        "price": 3.3,
        "promoText": " ",
        "packageSize": "115g",
        "packagePrice": "$28.70 per 1Kg"
      }
    }
  },
  {
    "id": "king-oscar-mackeral-mediterranean-style",
    "brand": "King Oscar",
    "name": "Skinless & Boneless Mackerel Fillets Mediterranean Style",
    "imageUrl": "https://shop.coles.com.au/wcsstore/Coles-CAS/images/2/5/0/2508480-th.jpg",
    "categories": ["pantry"],
    "tags": ["canned-fods-soups-nodles", "fish-seafod"],
    "locations": {
      "vic": {
        "price": 3.3,
        "promoText": " ",
        "packageSize": "115g",
        "packagePrice": "$28.70 per 1Kg"
      }
    }
  },
  {
    "id": "paramount-salmon-red-293000p",
    "brand": "Paramount",
    "name": "Red Salmon Wild Alaskan",
    "imageUrl": "https://shop.coles.com.au/wcsstore/Coles-CAS/images/2/9/3/293000-th.jpg",
    "categories": ["pantry"],
    "tags": ["canned-fods-soups-nodles", "fish-seafod"],
    "locations": {
      "vic": {
        "price": 6.3,
        "promoText": "$0.70 ",
        "packageSize": "210g",
        "packagePrice": "$30.00 per 1Kg"
      }
    }
  },
  {
    "id": "paramount-red-salmon",
    "brand": "Paramount",
    "name": "Red Salmon Wild Alaskan",
    "imageUrl": "https://shop.coles.com.au/wcsstore/Coles-CAS/images/3/1/4/314315-th.jpg",
    "categories": ["pantry"],
    "tags": ["canned-fods-soups-nodles", "fish-seafod"],
    "locations": {
      "vic": {
        "price": 5,
        "promoText": " ",
        "packageSize": "100g",
        "packagePrice": "$50.00 per 1Kg"
      }
    }
  },
  {
    "id": "safcol-brisling-sardines-in-oil",
    "brand": "Safcol",
    "name": "Brisling Sardines In Oil",
    "imageUrl": "https://shop.coles.com.au/wcsstore/Coles-CAS/images/2/5/0/2508287-th.jpg",
    "categories": ["pantry"],
    "tags": ["canned-fods-soups-nodles", "fish-seafod"],
    "locations": {
      "vic": {
        "price": 1.4,
        "promoText": " ",
        "packageSize": "110g",
        "packagePrice": "$12.73 per 1Kg"
      }
    }
  },
  {
    "id": "coles-smart-buy-sardines-in-tomato-sauce",
    "brand": "Seacrown",
    "name": "Sardines In Tomato Sauce",
    "imageUrl": "https://shop.coles.com.au/wcsstore/Coles-CAS/images/4/4/8/4486469-th.jpg",
    "categories": ["pantry"],
    "tags": ["canned-fods-soups-nodles", "fish-seafod"],
    "locations": {
      "vic": {
        "price": 0.75,
        "promoText": " ",
        "packageSize": "125g",
        "packagePrice": "$6.00 per 1Kg"
      }
    }
  },
  {
    "id": "sirena-tuna-triple-chilli",
    "brand": "Sirena",
    "name": "Limited Edition Triple Chilli Tuna",
    "imageUrl": "https://shop.coles.com.au/wcsstore/Coles-CAS/images/3/1/1/3114243-th.jpg",
    "categories": ["pantry"],
    "tags": ["canned-fods-soups-nodles", "fish-seafod"],
    "locations": {
      "vic": {
        "price": 2.7,
        "promoText": " ",
        "packageSize": "95g",
        "packagePrice": "$28.42 per 1Kg"
      }
    }
  },
  {
    "id": "sole-mare-canned-mackeral-fillets-in-olive-oil",
    "brand": "Sole Mare",
    "name": "Mackerel Fillets In Olive Oil Skinless and Boneless",
    "imageUrl": "https://shop.coles.com.au/wcsstore/Coles-CAS/images/2/5/0/2509825-th.jpg",
    "categories": ["pantry"],
    "tags": ["canned-fods-soups-nodles", "fish-seafod"],
    "locations": {
      "vic": {
        "price": 3.2,
        "promoText": " ",
        "packageSize": "120g",
        "packagePrice": "$26.67 per 1Kg"
      }
    }
  },
  {
    "id": "wild-tides-tuna-tomato-basil",
    "brand": "Wild Tides",
    "name": "Tomato & Basil Fished Tuna",
    "imageUrl": "https://shop.coles.com.au/wcsstore/Coles-CAS/images/3/2/9/3295080-th.jpg",
    "categories": ["pantry"],
    "tags": ["canned-fods-soups-nodles", "fish-seafod"],
    "locations": {
      "vic": {
        "price": 2,
        "promoText": " ",
        "packageSize": "95g",
        "packagePrice": "$2.11 per 100G"
      }
    }
  },
  {
    "id": "wild-tides-tuna-lem-pepper",
    "brand": "Wild Tides",
    "name": "Lemon And Pepper Tuna",
    "imageUrl": "https://shop.coles.com.au/wcsstore/Coles-CAS/images/3/2/9/3294859-th.jpg",
    "categories": ["pantry"],
    "tags": ["canned-fods-soups-nodles", "fish-seafod"],
    "locations": {
      "vic": {
        "price": 2,
        "promoText": " ",
        "packageSize": "95g",
        "packagePrice": "$21.05 per 1Kg"
      }
    }
  },
  {
    "id": "wild-tides-tuna-triple-chilli",
    "brand": "Wild Tides",
    "name": "Responsibly Fished Tuna Triple Chilli Medium",
    "imageUrl": "https://shop.coles.com.au/wcsstore/Coles-CAS/images/3/6/0/3608946-th.jpg",
    "categories": ["pantry"],
    "tags": ["canned-fods-soups-nodles", "fish-seafod"],
    "locations": {
      "vic": {
        "price": 2,
        "promoText": " ",
        "packageSize": "95g",
        "packagePrice": "$21.05 per 1Kg"
      }
    }
  },
  {
    "id": "coles-salmon-pink-8675066p",
    "brand": "Coles",
    "name": "Pink Salmon",
    "imageUrl": "https://shop.coles.com.au/wcsstore/Coles-CAS/images/8/6/7/8675066-th.jpg",
    "categories": ["pantry"],
    "tags": ["canned-fods-soups-nodles", "fish-seafod"],
    "locations": {
      "vic": {
        "price": 3.4,
        "promoText": " ",
        "packageSize": "210g",
        "packagePrice": "$16.19 per 1Kg"
      }
    }
  },
  {
    "id": "coles-salmon-red-8674992p",
    "brand": "Coles",
    "name": "Red Salmon",
    "imageUrl": "https://shop.coles.com.au/wcsstore/Coles-CAS/images/8/6/7/8674992-th.jpg",
    "categories": ["pantry"],
    "tags": ["canned-fods-soups-nodles", "fish-seafod"],
    "locations": {
      "vic": {
        "price": 5.5,
        "promoText": " ",
        "packageSize": "210g",
        "packagePrice": "$26.19 per 1Kg"
      }
    }
  },
  {
    "id": "coles-pink-salmon-with-tomato-onion",
    "brand": "Coles",
    "name": "Wild Caught Pink Salmon Tomato & Onion",
    "imageUrl": "https://shop.coles.com.au/wcsstore/Coles-CAS/images/2/0/3/2034397-th.jpg",
    "categories": ["pantry"],
    "tags": ["canned-fods-soups-nodles", "fish-seafod"],
    "locations": {
      "vic": {
        "price": 1.5,
        "promoText": " ",
        "packageSize": "95g",
        "packagePrice": "$15.79 per 1Kg"
      }
    }
  },
  {
    "id": "coles-pink-salmon-in-springwater",
    "brand": "Coles",
    "name": "Salmon in Springwater",
    "imageUrl": "https://shop.coles.com.au/wcsstore/Coles-CAS/images/2/0/3/2037522-th.jpg",
    "categories": ["pantry"],
    "tags": ["canned-fods-soups-nodles", "fish-seafod"],
    "locations": {
      "vic": {
        "price": 1.2,
        "promoText": " ",
        "packageSize": "95g",
        "packagePrice": "$12.63 per 1Kg"
      }
    }
  },
  {
    "id": "coles-pacific-yellowfin-tuna-with-dill-pickles",
    "brand": "Coles",
    "name": "Pacific Yellowfin Tuna With Dill Pickles",
    "imageUrl": "https://shop.coles.com.au/wcsstore/Coles-CAS/images/3/1/8/3185795-th.jpg",
    "categories": ["pantry"],
    "tags": ["canned-fods-soups-nodles", "fish-seafod"],
    "locations": {
      "vic": {
        "price": 1.7,
        "promoText": " ",
        "packageSize": "95g",
        "packagePrice": "$0.18 per 10G"
      }
    }
  },
  {
    "id": "coles-pacific-tuna-chilli-3613786p",
    "brand": "Coles",
    "name": "Pacific Tuna Chilli",
    "imageUrl": "https://shop.coles.com.au/wcsstore/Coles-CAS/images/3/6/1/3613786-th.jpg",
    "categories": ["pantry"],
    "tags": ["canned-fods-soups-nodles", "fish-seafod"],
    "locations": {
      "vic": {
        "price": 1.7,
        "promoText": " ",
        "packageSize": "95g",
        "packagePrice": "$1.79 per 100G"
      }
    }
  },
  {
    "id": "coles-pacific-tuna-in-olive-oil",
    "brand": "Coles",
    "name": "Pacific Tuna In Olive Oil",
    "imageUrl": "https://shop.coles.com.au/wcsstore/Coles-CAS/images/3/6/1/3613888-th.jpg",
    "categories": ["pantry"],
    "tags": ["canned-fods-soups-nodles", "fish-seafod"],
    "locations": {
      "vic": {
        "price": 1.7,
        "promoText": " ",
        "packageSize": "95g",
        "packagePrice": "$1.79 per 100G"
      }
    }
  },
  {
    "id": "coles-pacific-tuna-in-olive-oil-3614042p",
    "brand": "Coles",
    "name": "Pacific Tuna In Olive Oil",
    "imageUrl": "https://shop.coles.com.au/wcsstore/Coles-CAS/images/3/6/1/3614042-th.jpg",
    "categories": ["pantry"],
    "tags": ["canned-fods-soups-nodles", "fish-seafod"],
    "locations": {
      "vic": {
        "price": 2.6,
        "promoText": " ",
        "packageSize": "185g",
        "packagePrice": "$1.41 per 100G"
      }
    }
  },
  {
    "id": "coles-pacific-tuna-in-springwater-3614010p",
    "brand": "Coles",
    "name": "Pacific Tuna In Spring Water",
    "imageUrl": "https://shop.coles.com.au/wcsstore/Coles-CAS/images/3/6/1/3614010-th.jpg",
    "categories": ["pantry"],
    "tags": ["canned-fods-soups-nodles", "fish-seafod"],
    "locations": {
      "vic": {
        "price": 1.7,
        "promoText": " ",
        "packageSize": "95g",
        "packagePrice": "$1.79 per 100G"
      }
    }
  },
  {
    "id": "john-west-tempters-tuna-olive-oil-multi-4-pack",
    "brand": "John West",
    "name": "Tempters Olive Oil Tuna Multi 4 pack",
    "imageUrl": "https://shop.coles.com.au/wcsstore/Coles-CAS/images/8/0/8/8085288-th.jpg",
    "categories": ["pantry"],
    "tags": ["canned-fods-soups-nodles", "fish-seafod"],
    "locations": {
      "vic": {
        "price": 5,
        "promoText": "Was $6.00 on Oct 2017 ",
        "packageSize": "95g",
        "packagePrice": "$13.16 per 1Kg"
      }
    }
  },
  {
    "id": "john-west-tempters-tuna-lemon-cracked-pepper-multi-4-pack",
    "brand": "John West",
    "name": "Tempters Lemon & Cracked Pepper Multi 4 pack Tuna",
    "imageUrl": "https://shop.coles.com.au/wcsstore/Coles-CAS/images/8/0/8/8085255-th.jpg",
    "categories": ["pantry"],
    "tags": ["canned-fods-soups-nodles", "fish-seafod"],
    "locations": {
      "vic": {
        "price": 5,
        "promoText": "Was $6.00 on Oct 2017 ",
        "packageSize": "95g",
        "packagePrice": "$13.16 per 1Kg"
      }
    }
  },
  {
    "id": "john-west-tempters-salmon-lemon-cracked-pepper",
    "brand": "John West",
    "name": "Lemon & Cracked Pepper Salmon",
    "imageUrl": "https://shop.coles.com.au/wcsstore/Coles-CAS/images/7/0/8/7086580-th.jpg",
    "categories": ["pantry"],
    "tags": ["canned-fods-soups-nodles", "fish-seafod"],
    "locations": {
      "vic": {
        "price": 2.7,
        "promoText": " ",
        "packageSize": "95g",
        "packagePrice": "$28.42 per 1Kg"
      }
    }
  },
  {
    "id": "john-west-oysters-smoked-in-vegetable-oil",
    "brand": "John West",
    "name": "Smoked Oysters In Oil",
    "imageUrl": "https://shop.coles.com.au/wcsstore/Coles-CAS/images/5/9/7/5971131-th.jpg",
    "categories": ["pantry"],
    "tags": ["canned-fods-soups-nodles", "fish-seafod"],
    "locations": {
      "vic": {
        "price": 2,
        "promoText": "$1.00 ",
        "packageSize": "85g",
        "packagePrice": "$23.53 per 1Kg"
      }
    }
  },
  {
    "id": "john-west-kipper-fillets",
    "brand": "John West",
    "name": "Wild Canadian Smoked Kipper Fillets in Brine",
    "imageUrl": "https://shop.coles.com.au/wcsstore/Coles-CAS/images/1/2/5/125152-th.jpg",
    "categories": ["pantry"],
    "tags": ["canned-fods-soups-nodles", "fish-seafod"],
    "locations": {
      "vic": {
        "price": 3.35,
        "promoText": " ",
        "packageSize": "200g",
        "packagePrice": "$16.75 per 1Kg"
      }
    }
  },
  {
    "id": "john-west-mackerel-fillets-in-brine",
    "brand": "John West",
    "name": "Wild Scottish Mackerel Fillets In Brine",
    "imageUrl": "https://shop.coles.com.au/wcsstore/Coles-CAS/images/1/2/4/124546-th.jpg",
    "categories": ["pantry"],
    "tags": ["canned-fods-soups-nodles", "fish-seafod"],
    "locations": {
      "vic": {
        "price": 3.3,
        "promoText": " ",
        "packageSize": "125g",
        "packagePrice": "$26.40 per 1Kg"
      }
    }
  },
  {
    "id": "john-west-tuna-in-brine",
    "brand": "John West",
    "name": "Chunk Style Tuna in Brine",
    "imageUrl": "https://shop.coles.com.au/wcsstore/Coles-CAS/images/1/0/3/103794-th.jpg",
    "categories": ["pantry"],
    "tags": ["canned-fods-soups-nodles", "fish-seafod"],
    "locations": {
      "vic": {
        "price": 5.75,
        "promoText": " ",
        "packageSize": "425g",
        "packagePrice": "$13.53 per 1Kg"
      }
    }
  },
  {
    "id": "john-west-canned-sardines-with-rosemary-seasalt",
    "brand": "John West",
    "name": "Wild Scottish Sardines With Rosemary & Sea Salt",
    "imageUrl": "https://shop.coles.com.au/wcsstore/Coles-CAS/images/2/8/8/2886900-th.jpg",
    "categories": ["pantry"],
    "tags": ["canned-fods-soups-nodles", "fish-seafod"],
    "locations": {
      "vic": {
        "price": 2,
        "promoText": "$0.80 ",
        "packageSize": "110g",
        "packagePrice": "$18.18 per 1Kg"
      }
    }
  },
  {
    "id": "john-west-canned-sardines-with-lemon-chilli-garlic",
    "brand": "John West",
    "name": "Wild Scottish Sardines With Lemon Chilli & Garlic Can",
    "imageUrl": "https://shop.coles.com.au/wcsstore/Coles-CAS/images/2/8/8/2886896-th.jpg",
    "categories": ["pantry"],
    "tags": ["canned-fods-soups-nodles", "fish-seafod"],
    "locations": {
      "vic": {
        "price": 2,
        "promoText": "$0.80 ",
        "packageSize": "110g",
        "packagePrice": "$18.18 per 1Kg"
      }
    }
  },
  {
    "id": "john-west-protein-tuna-pouch-ch-sw-corn-rkbean",
    "brand": "John West",
    "name": "Protein + Vitamin B12 Tuna Capsicum Sweetcorn Chilli & Red Kidney Bean Mix",
    "imageUrl": "https://shop.coles.com.au/wcsstore/Coles-CAS/images/3/3/1/3310208-th.jpg",
    "categories": ["pantry"],
    "tags": ["canned-fods-soups-nodles", "fish-seafod"],
    "locations": {
      "vic": {
        "price": 4,
        "promoText": " ",
        "packageSize": "220g",
        "packagePrice": "$18.18 per 1Kg"
      }
    }
  },
  {
    "id": "john-west-deli-tuna-soy-garlic",
    "brand": "John West",
    "name": "Soy & Caramelised Garlic In Oil Deli Tuna",
    "imageUrl": "https://shop.coles.com.au/wcsstore/Coles-CAS/images/3/6/1/3619319-th.jpg",
    "categories": ["pantry"],
    "tags": ["canned-fods-soups-nodles", "fish-seafod"],
    "locations": {
      "vic": {
        "price": 2.7,
        "promoText": " ",
        "packageSize": "90g",
        "packagePrice": "$30.00 per 1Kg"
      }
    }
  },
  {
    "id": "john-west-deli-tuna-lemon-herb",
    "brand": "John West",
    "name": "Zesty Lemon & Italian Herbs Deli Tuna",
    "imageUrl": "https://shop.coles.com.au/wcsstore/Coles-CAS/images/3/6/1/3619294-th.jpg",
    "categories": ["pantry"],
    "tags": ["canned-fods-soups-nodles", "fish-seafod"],
    "locations": {
      "vic": {
        "price": 2.7,
        "promoText": " ",
        "packageSize": "90g",
        "packagePrice": "$30.00 per 1Kg"
      }
    }
  },
  {
    "id": "john-west-deli-tuna-roemary-sea-salt",
    "brand": "John West",
    "name": "Rosemary & Sea Salt In Oil Deli Tuna",
    "imageUrl": "https://shop.coles.com.au/wcsstore/Coles-CAS/images/3/6/1/3616605-th.jpg",
    "categories": ["pantry"],
    "tags": ["canned-fods-soups-nodles", "fish-seafod"],
    "locations": {
      "vic": {
        "price": 2.7,
        "promoText": " ",
        "packageSize": "90g",
        "packagePrice": "$30.00 per 1Kg"
      }
    }
  },
  {
    "id": "safcol-mussels-in-oil",
    "brand": "Safcol",
    "name": "Smoked Mussels In Oil",
    "imageUrl": "https://shop.coles.com.au/wcsstore/Coles-CAS/images/2/5/0/2508334-th.jpg",
    "categories": ["pantry"],
    "tags": ["canned-fods-soups-nodles", "fish-seafod"],
    "locations": {
      "vic": {
        "price": 1.7,
        "promoText": " ",
        "packageSize": "85g",
        "packagePrice": "$20.00 per 1Kg"
      }
    }
  },
  {
    "id": "safcol-smoked-oysters-in-oil",
    "brand": "Safcol",
    "name": "Smoked Oysters In Oil",
    "imageUrl": "https://shop.coles.com.au/wcsstore/Coles-CAS/images/2/5/0/2508403-th.jpg",
    "categories": ["pantry"],
    "tags": ["canned-fods-soups-nodles", "fish-seafod"],
    "locations": {
      "vic": {
        "price": 2,
        "promoText": " ",
        "packageSize": "85g",
        "packagePrice": "$23.53 per 1Kg"
      }
    }
  },
  {
    "id": "coles-crab-meat-in-brine",
    "brand": "Seacrown",
    "name": "Crab Meat In Brine",
    "imageUrl": "https://shop.coles.com.au/wcsstore/Coles-CAS/images/8/9/0/8904673-th.jpg",
    "categories": ["pantry"],
    "tags": ["canned-fods-soups-nodles", "fish-seafod"],
    "locations": {
      "vic": {
        "price": 3.3,
        "promoText": " ",
        "packageSize": "170g",
        "packagePrice": "$19.41 per 1Kg"
      }
    }
  },
  {
    "id": "sirena-tuna-with-beans",
    "brand": "Sirena",
    "name": "Original Tuna & Beans",
    "imageUrl": "https://shop.coles.com.au/wcsstore/Coles-CAS/images/5/9/6/5969322-th.jpg",
    "categories": ["pantry"],
    "tags": ["canned-fods-soups-nodles", "fish-seafod"],
    "locations": {
      "vic": {
        "price": 4.3,
        "promoText": " ",
        "packageSize": "185g",
        "packagePrice": "$23.24 per 1Kg"
      }
    }
  },
  {
    "id": "sirena-tuna-slices-chilli",
    "brand": "Sirena",
    "name": "Chilli & Oil Tuna Slices",
    "imageUrl": "https://shop.coles.com.au/wcsstore/Coles-CAS/images/5/5/5/5557551-th.jpg",
    "categories": ["pantry"],
    "tags": ["canned-fods-soups-nodles", "fish-seafod"],
    "locations": {
      "vic": {
        "price": 3.5,
        "promoText": " ",
        "packageSize": "125g",
        "packagePrice": "$28.00 per 1Kg"
      }
    }
  },
  {
    "id": "sirena-tuna-lemon-basil-can",
    "brand": "Sirena",
    "name": "Lemon Basil & Chilli Tuna",
    "imageUrl": "https://shop.coles.com.au/wcsstore/Coles-CAS/images/1/2/2/1229674-th.jpg",
    "categories": ["pantry"],
    "tags": ["canned-fods-soups-nodles", "fish-seafod"],
    "locations": {
      "vic": {
        "price": 2.7,
        "promoText": " ",
        "packageSize": "95g",
        "packagePrice": "$28.42 per 1Kg"
      }
    }
  },
  {
    "id": "sirena-tuna-quinoa-kale",
    "brand": "Sirena",
    "name": "Kale & Quinoa Salad With Tuna",
    "imageUrl": "https://shop.coles.com.au/wcsstore/Coles-CAS/images/3/3/2/3320198-th.jpg",
    "categories": ["pantry"],
    "tags": ["canned-fods-soups-nodles", "fish-seafod"],
    "locations": {
      "vic": {
        "price": 4,
        "promoText": " ",
        "packageSize": "170g",
        "packagePrice": "$23.53 per 1Kg"
      }
    }
  },
  {
    "id": "sirena-tuna-rice-italian-salad-3320176p",
    "brand": "Sirena",
    "name": "Italian Style Salad With Tuna",
    "imageUrl": "https://shop.coles.com.au/wcsstore/Coles-CAS/images/3/3/2/3320176-th.jpg",
    "categories": ["pantry"],
    "tags": ["canned-fods-soups-nodles", "fish-seafod"],
    "locations": {
      "vic": {
        "price": 4,
        "promoText": " ",
        "packageSize": "170g",
        "packagePrice": "$23.53 per 1Kg"
      }
    }
  },
  {
    "id": "sirena-tuna-garlic-infused",
    "brand": "Sirena",
    "name": "Garlic Infused Tuna In Oil",
    "imageUrl": "https://shop.coles.com.au/wcsstore/Coles-CAS/images/3/5/9/3595673-th.jpg",
    "categories": ["pantry"],
    "tags": ["canned-fods-soups-nodles", "fish-seafod"],
    "locations": {
      "vic": {
        "price": 2.7,
        "promoText": " ",
        "packageSize": "95g",
        "packagePrice": "$28.42 per 1Kg"
      }
    }
  },
  {
    "id": "sole-mare-canned-mackeral-fillets-tuscn-herb-olive-in-olive-oil",
    "brand": "Sole Mare",
    "name": "Mackerel Fillets Tuscan Herb & Olive In Olive Oil Skinless and Boneless",
    "imageUrl": "https://shop.coles.com.au/wcsstore/Coles-CAS/images/2/5/0/2509847-th.jpg",
    "categories": ["pantry"],
    "tags": ["canned-fods-soups-nodles", "fish-seafod"],
    "locations": {
      "vic": {
        "price": 3.2,
        "promoText": " ",
        "packageSize": "120g",
        "packagePrice": "$26.67 per 1Kg"
      }
    }
  },
  {
    "id": "sole-mare-portuguese-sardines-chilli-oil",
    "brand": "Sole Mare",
    "name": "Portuguese Style Sardines With Chilli Oil",
    "imageUrl": "https://shop.coles.com.au/wcsstore/Coles-CAS/images/3/3/1/3310966-th.jpg",
    "categories": ["pantry"],
    "tags": ["canned-fods-soups-nodles", "fish-seafod"],
    "locations": {
      "vic": {
        "price": 2.8,
        "promoText": " ",
        "packageSize": "120g",
        "packagePrice": "$23.33 per 1Kg"
      }
    }
  },
  {
    "id": "tassal-salmon-premium-tasmanian-sweet-chilli",
    "brand": "Tassal",
    "name": "Premium Tasmanian Roasted Salmon Asian Style Sweet Chilli",
    "imageUrl": "https://shop.coles.com.au/wcsstore/Coles-CAS/images/7/5/3/7534830-th.jpg",
    "categories": ["pantry"],
    "tags": ["canned-fods-soups-nodles", "fish-seafod"],
    "locations": {
      "vic": {
        "price": 2,
        "promoText": "Was $2.60 on Feb 2018 ",
        "packageSize": "95g",
        "packagePrice": "$21.05 per 1Kg"
      }
    }
  },
  {
    "id": "wild-tides-tuna-onion-savoury-sauce",
    "brand": "Wild Tides",
    "name": "Tuna Onion And Tomato Savoury Sauce",
    "imageUrl": "https://shop.coles.com.au/wcsstore/Coles-CAS/images/3/2/9/3294906-th.jpg",
    "categories": ["pantry"],
    "tags": ["canned-fods-soups-nodles", "fish-seafod"],
    "locations": {
      "vic": {
        "price": 2,
        "promoText": " ",
        "packageSize": "95g",
        "packagePrice": "$21.05 per 1Kg"
      }
    }
  },
  {
    "id": "brunswick-sardines-in-tomato-sauce",
    "brand": "Brunswick",
    "name": "Wild Sardines in Tomato Sauce",
    "imageUrl": "https://shop.coles.com.au/wcsstore/Coles-CAS/images/2/2/7/227469-th.jpg",
    "categories": ["pantry"],
    "tags": ["canned-fods-soups-nodles", "fish-seafod"],
    "locations": {
      "vic": {
        "price": 1.3,
        "promoText": "$0.40 ",
        "packageSize": "106g",
        "packagePrice": "$12.26 per 1Kg"
      }
    }
  },
  {
    "id": "brunswick-seafood-snacks-kippered",
    "brand": "Brunswick",
    "name": "Original Kippers Boneless Herring Fillets",
    "imageUrl": "https://shop.coles.com.au/wcsstore/Coles-CAS/images/9/1/4/9141260-th.jpg",
    "categories": ["pantry"],
    "tags": ["canned-fods-soups-nodles", "fish-seafod"],
    "locations": {
      "vic": {
        "price": 1.5,
        "promoText": "$0.45 ",
        "packageSize": "100g",
        "packagePrice": "$15.00 per 1Kg"
      }
    }
  },
  {
    "id": "coles-salmon-pink",
    "brand": "Coles",
    "name": "Pink Salmon",
    "imageUrl": "https://shop.coles.com.au/wcsstore/Coles-CAS/images/8/6/7/8675044-th.jpg",
    "categories": ["pantry"],
    "tags": ["canned-fods-soups-nodles", "fish-seafod"],
    "locations": {
      "vic": {
        "price": 2.75,
        "promoText": " ",
        "packageSize": "105g",
        "packagePrice": "$26.19 per 1Kg"
      }
    }
  },
  {
    "id": "coles-pacific-yellowfin-tuna-lite-with-olive-oil",
    "brand": "Coles",
    "name": "Pacific Yellowfin Tuna Lite With Olive Oil",
    "imageUrl": "https://shop.coles.com.au/wcsstore/Coles-CAS/images/3/1/8/3185784-th.jpg",
    "categories": ["pantry"],
    "tags": ["canned-fods-soups-nodles", "fish-seafod"],
    "locations": {
      "vic": {
        "price": 1.7,
        "promoText": " ",
        "packageSize": "95g",
        "packagePrice": "$0.18 per 10G"
      }
    }
  },
  {
    "id": "coles-pacific-yellowfin-tuna-in-thai-dressing",
    "brand": "Coles",
    "name": "Pacific Yellowfin Tuna In Thai Dressing",
    "imageUrl": "https://shop.coles.com.au/wcsstore/Coles-CAS/images/3/1/8/3185762-th.jpg",
    "categories": ["pantry"],
    "tags": ["canned-fods-soups-nodles", "fish-seafod"],
    "locations": {
      "vic": {
        "price": 1.7,
        "promoText": " ",
        "packageSize": "95g",
        "packagePrice": "$0.18 per 10G"
      }
    }
  },
  {
    "id": "coles-pacific-tuna-peri-peri-brown-rice",
    "brand": "Coles",
    "name": "Pacific Brown Rice & Quinoa With Peri Peri Tuna",
    "imageUrl": "https://shop.coles.com.au/wcsstore/Coles-CAS/images/3/5/4/3544548-th.jpg",
    "categories": ["pantry"],
    "tags": ["canned-fods-soups-nodles", "fish-seafod"],
    "locations": {
      "vic": {
        "price": 3,
        "promoText": " ",
        "packageSize": "190g",
        "packagePrice": "$15.79 per 1Kg"
      }
    }
  },
  {
    "id": "coles-pacific-tuna-ita-flav-w-pasta",
    "brand": "Coles",
    "name": "Pacific Tuna Italian Style Pasta",
    "imageUrl": "https://shop.coles.com.au/wcsstore/Coles-CAS/images/3/5/4/3544570-th.jpg",
    "categories": ["pantry"],
    "tags": ["canned-fods-soups-nodles", "fish-seafod"],
    "locations": {
      "vic": {
        "price": 3,
        "promoText": " ",
        "packageSize": "190g",
        "packagePrice": "$15.79 per 1Kg"
      }
    }
  },
  {
    "id": "coles-pacific-tuna-in-springwater",
    "brand": "Coles",
    "name": "Pacific Tuna In Spring Water",
    "imageUrl": "https://shop.coles.com.au/wcsstore/Coles-CAS/images/3/6/1/3614064-th.jpg",
    "categories": ["pantry"],
    "tags": ["canned-fods-soups-nodles", "fish-seafod"],
    "locations": {
      "vic": {
        "price": 2.6,
        "promoText": " ",
        "packageSize": "185g",
        "packagePrice": "$1.41 per 100G"
      }
    }
  },
  {
    "id": "seakist--tuna-lunch-kit-thousand-island-dressing-with-crackers",
    "brand": "John West",
    "name": "Lunch Kit With Crackers Tuna With Thousand Island Dressing",
    "imageUrl": "https://shop.coles.com.au/wcsstore/Coles-CAS/images/7/0/5/7056921-th.jpg",
    "categories": ["pantry"],
    "tags": ["canned-fods-soups-nodles", "fish-seafod"],
    "locations": {
      "vic": {
        "price": 3.45,
        "promoText": " ",
        "packageSize": "108g",
        "packagePrice": "$31.94 per 1Kg"
      }
    }
  },
  {
    "id": "john-west-salmon-pink",
    "brand": "John West",
    "name": "Wild Alaskan Pink Salmon",
    "imageUrl": "https://shop.coles.com.au/wcsstore/Coles-CAS/images/5/1/5/5159016-th.jpg",
    "categories": ["pantry"],
    "tags": ["canned-fods-soups-nodles", "fish-seafod"],
    "locations": {
      "vic": {
        "price": 7.5,
        "promoText": " ",
        "packageSize": "415g",
        "packagePrice": "$18.07 per 1Kg"
      }
    }
  },
  {
    "id": "john-west-salmon-red",
    "brand": "John West",
    "name": "Wild Alaskan Red Salmon",
    "imageUrl": "https://shop.coles.com.au/wcsstore/Coles-CAS/images/5/1/5/5151149-th.jpg",
    "categories": ["pantry"],
    "tags": ["canned-fods-soups-nodles", "fish-seafod"],
    "locations": {
      "vic": {
        "price": 13,
        "promoText": " ",
        "packageSize": "415g",
        "packagePrice": "$31.33 per 1Kg"
      }
    }
  },
  {
    "id": "john-west-sardines-scottish-in-tomato-sauce",
    "brand": "John West",
    "name": "Wild Scottish Sardines in Tomato Sauce",
    "imageUrl": "https://shop.coles.com.au/wcsstore/Coles-CAS/images/1/2/4/124808-th.jpg",
    "categories": ["pantry"],
    "tags": ["canned-fods-soups-nodles", "fish-seafod"],
    "locations": {
      "vic": {
        "price": 2,
        "promoText": "$0.80 ",
        "packageSize": "110g",
        "packagePrice": "$18.18 per 1Kg"
      }
    }
  },
  {
    "id": "john-west-tempters-salmon-onion-tomato",
    "brand": "John West",
    "name": "Tempters Tomato & Onion Salmon",
    "imageUrl": "https://shop.coles.com.au/wcsstore/Coles-CAS/images/9/6/5/9658776-th.jpg",
    "categories": ["pantry"],
    "tags": ["canned-fods-soups-nodles", "fish-seafod"],
    "locations": {
      "vic": {
        "price": 2.7,
        "promoText": " ",
        "packageSize": "95g",
        "packagePrice": "$28.42 per 1Kg"
      }
    }
  },
  {
    "id": "john-west-salmon-skinless-boneless-in-oilve-oil-blend",
    "brand": "John West",
    "name": "Skinless Boneless Salmon in Olive Oil Blend",
    "imageUrl": "https://shop.coles.com.au/wcsstore/Coles-CAS/images/9/6/4/9642506-th.jpg",
    "categories": ["pantry"],
    "tags": ["canned-fods-soups-nodles", "fish-seafod"],
    "locations": {
      "vic": {
        "price": 2.7,
        "promoText": "$0.60 ",
        "packageSize": "130g",
        "packagePrice": "$20.77 per 1Kg"
      }
    }
  },
  {
    "id": "john-west-salmon-slices-in-springwater",
    "brand": "John West",
    "name": "Wild Caught Skinless & Boneless Salmon Slices in Springwater",
    "imageUrl": "https://shop.coles.com.au/wcsstore/Coles-CAS/images/9/6/5/9658583-th.jpg",
    "categories": ["pantry"],
    "tags": ["canned-fods-soups-nodles", "fish-seafod"],
    "locations": {
      "vic": {
        "price": 0,
        "promoText": " ",
        "packageSize": "125g",
        "packagePrice": ""
      }
    }
  },
  {
    "id": "john-west-mackerel-fillets-olive-oil",
    "brand": "John West",
    "name": "Wild Scottish Mackerel Fillets In Olive Oil Blend",
    "imageUrl": "https://shop.coles.com.au/wcsstore/Coles-CAS/images/3/1/1/3114618-th.jpg",
    "categories": ["pantry"],
    "tags": ["canned-fods-soups-nodles", "fish-seafod"],
    "locations": {
      "vic": {
        "price": 3.3,
        "promoText": " ",
        "packageSize": "125g",
        "packagePrice": "$26.40 per 1Kg"
      }
    }
  },
  {
    "id": "john-west-tempters-salmon-cor-chilli-lime",
    "brand": "John West",
    "name": "Salmon Cor Chilli Lime",
    "imageUrl": "https://shop.coles.com.au/wcsstore/Coles-CAS/images/3/1/1/3114550-th.jpg",
    "categories": ["pantry"],
    "tags": ["canned-fods-soups-nodles", "fish-seafod"],
    "locations": {
      "vic": {
        "price": 2.7,
        "promoText": " ",
        "packageSize": "95g",
        "packagePrice": "$28.42 per 1Kg"
      }
    }
  },
  {
    "id": "john-west-protein-tuna-pouch-cap-three-bean",
    "brand": "John West",
    "name": "Protein + Iron Tuna Roasted Capsicum & Three Bean Mix",
    "imageUrl": "https://shop.coles.com.au/wcsstore/Coles-CAS/images/3/3/1/3310230-th.jpg",
    "categories": ["pantry"],
    "tags": ["canned-fods-soups-nodles", "fish-seafod"],
    "locations": {
      "vic": {
        "price": 4,
        "promoText": " ",
        "packageSize": "220g",
        "packagePrice": "$18.18 per 1Kg"
      }
    }
  },
  {
    "id": "john-west-sriracha-mackerel-fillets",
    "brand": "John West",
    "name": "Wild Scottish Mackerel Fillets In Sriracha Sauce",
    "imageUrl": "https://shop.coles.com.au/wcsstore/Coles-CAS/images/3/3/1/3310060-th.jpg",
    "categories": ["pantry"],
    "tags": ["canned-fods-soups-nodles", "fish-seafod"],
    "locations": {
      "vic": {
        "price": 3.3,
        "promoText": " ",
        "packageSize": "125g",
        "packagePrice": "$26.40 per 1Kg"
      }
    }
  },
  {
    "id": "john-west-deli-tuna-lime-gin-chilli",
    "brand": "John West",
    "name": "Lime Ginger & A Hint Of Chilli In Oil Deli Tuna",
    "imageUrl": "https://shop.coles.com.au/wcsstore/Coles-CAS/images/3/6/1/3619308-th.jpg",
    "categories": ["pantry"],
    "tags": ["canned-fods-soups-nodles", "fish-seafod"],
    "locations": {
      "vic": {
        "price": 2.7,
        "promoText": " ",
        "packageSize": "90g",
        "packagePrice": "$30.00 per 1Kg"
      }
    }
  },
  {
    "id": "john-west-deli-tuna-tom-chilli",
    "brand": "John West",
    "name": "Cherry Tomato & Chilli Infused Oil Deli Tuna",
    "imageUrl": "https://shop.coles.com.au/wcsstore/Coles-CAS/images/3/6/1/3619283-th.jpg",
    "categories": ["pantry"],
    "tags": ["canned-fods-soups-nodles", "fish-seafod"],
    "locations": {
      "vic": {
        "price": 2.7,
        "promoText": " ",
        "packageSize": "90g",
        "packagePrice": "$30.00 per 1Kg"
      }
    }
  },
  {
    "id": "john-west-deli-tuna-chilli-inf-oil-lem-zest",
    "brand": "John West",
    "name": "Chilli Infused Oil & Lemon Zest Deli Tuna",
    "imageUrl": "https://shop.coles.com.au/wcsstore/Coles-CAS/images/3/6/1/3616285-th.jpg",
    "categories": ["pantry"],
    "tags": ["canned-fods-soups-nodles", "fish-seafod"],
    "locations": {
      "vic": {
        "price": 2.7,
        "promoText": " ",
        "packageSize": "90g",
        "packagePrice": "$30.00 per 1Kg"
      }
    }
  },
  {
    "id": "john-west-protein-tuna-rice-lime-chickpea",
    "brand": "John West",
    "name": "Protein Tuna With Brown Red Rice- Lime Lgrass & Chickpeas",
    "imageUrl": "https://shop.coles.com.au/wcsstore/Coles-CAS/images/3/6/1/3619341-th.jpg",
    "categories": ["pantry"],
    "tags": ["canned-fods-soups-nodles", "fish-seafod"],
    "locations": {
      "vic": {
        "price": 4,
        "promoText": " ",
        "packageSize": "220g",
        "packagePrice": "$18.18 per 1Kg"
      }
    }
  },
  {
    "id": "king-oscar-sardines-in-tomato-sauce",
    "brand": "King Oscar",
    "name": "Sardines in Tomato Sauce",
    "imageUrl": "https://shop.coles.com.au/wcsstore/Coles-CAS/images/1/2/4/124885-th.jpg",
    "categories": ["pantry"],
    "tags": ["canned-fods-soups-nodles", "fish-seafod"],
    "locations": {
      "vic": {
        "price": 3.05,
        "promoText": " ",
        "packageSize": "105g",
        "packagePrice": "$29.05 per 1Kg"
      }
    }
  },
  {
    "id": "king-oscar-mackeral-in-olive-oil",
    "brand": "King Oscar",
    "name": "Skinless & Boneless Mackerel Fillets In Olive Oil",
    "imageUrl": "https://shop.coles.com.au/wcsstore/Coles-CAS/images/2/5/0/2508447-th.jpg",
    "categories": ["pantry"],
    "tags": ["canned-fods-soups-nodles", "fish-seafod"],
    "locations": {
      "vic": {
        "price": 3.3,
        "promoText": " ",
        "packageSize": "115g",
        "packagePrice": "$28.70 per 1Kg"
      }
    }
  },
  {
    "id": "paramount-pink-salmon",
    "brand": "Paramount",
    "name": "Pink Salmon Wild Alaskan",
    "imageUrl": "https://shop.coles.com.au/wcsstore/Coles-CAS/images/3/3/5/335563-th.jpg",
    "categories": ["pantry"],
    "tags": ["canned-fods-soups-nodles", "fish-seafod"],
    "locations": {
      "vic": {
        "price": 5,
        "promoText": " ",
        "packageSize": "210g",
        "packagePrice": "$23.81 per 1Kg"
      }
    }
  },
  {
    "id": "coles-prawns-in-brine",
    "brand": "Seacrown",
    "name": "Prawns In Brine",
    "imageUrl": "https://shop.coles.com.au/wcsstore/Coles-CAS/images/8/9/0/8904662-th.jpg",
    "categories": ["pantry"],
    "tags": ["canned-fods-soups-nodles", "fish-seafod"],
    "locations": {
      "vic": {
        "price": 3.2,
        "promoText": " ",
        "packageSize": "200g",
        "packagePrice": "$16.00 per 1Kg"
      }
    }
  },
  {
    "id": "sirena-tuna-lemon-in-springwater",
    "brand": "Sirena",
    "name": "Springwater & Lemon Tuna",
    "imageUrl": "https://shop.coles.com.au/wcsstore/Coles-CAS/images/9/6/6/9668066-th.jpg",
    "categories": ["pantry"],
    "tags": ["canned-fods-soups-nodles", "fish-seafod"],
    "locations": {
      "vic": {
        "price": 2.7,
        "promoText": " ",
        "packageSize": "95g",
        "packagePrice": "$28.42 per 1Kg"
      }
    }
  },
  {
    "id": "sirena-tuna-lavita-lite-oil",
    "brand": "Sirena",
    "name": "La Vita Lite Tuna In Oil",
    "imageUrl": "https://shop.coles.com.au/wcsstore/Coles-CAS/images/3/1/1/3114378-th.jpg",
    "categories": ["pantry"],
    "tags": ["canned-fods-soups-nodles", "fish-seafod"],
    "locations": {
      "vic": {
        "price": 4.3,
        "promoText": " ",
        "packageSize": "185g",
        "packagePrice": "$23.24 per 1Kg"
      }
    }
  },
  {
    "id": "sirena-tuna-savoury-onion",
    "brand": "Sirena",
    "name": "Savoury Onion Tuna",
    "imageUrl": "https://shop.coles.com.au/wcsstore/Coles-CAS/images/3/5/9/3595550-th.jpg",
    "categories": ["pantry"],
    "tags": ["canned-fods-soups-nodles", "fish-seafod"],
    "locations": {
      "vic": {
        "price": 2.7,
        "promoText": " ",
        "packageSize": "95g",
        "packagePrice": "$28.42 per 1Kg"
      }
    }
  },
  {
    "id": "sole-mare-brisling-sardines-smoked-oil",
    "brand": "Sole Mare",
    "name": "Wild Brisling Sardines With Wood Smoked",
    "imageUrl": "https://shop.coles.com.au/wcsstore/Coles-CAS/images/3/3/1/3311007-th.jpg",
    "categories": ["pantry"],
    "tags": ["canned-fods-soups-nodles", "fish-seafod"],
    "locations": {
      "vic": {
        "price": 3.5,
        "promoText": " ",
        "packageSize": "120g",
        "packagePrice": "$29.17 per 1Kg"
      }
    }
  },
  {
    "id": "sole-mare-brisling-sardines-chilli",
    "brand": "Sole Mare",
    "name": "Wild Brisling Sardines Wood Smoked With Chilli",
    "imageUrl": "https://shop.coles.com.au/wcsstore/Coles-CAS/images/3/3/1/3311018-th.jpg",
    "categories": ["pantry"],
    "tags": ["canned-fods-soups-nodles", "fish-seafod"],
    "locations": {
      "vic": {
        "price": 3.5,
        "promoText": " ",
        "packageSize": "120g",
        "packagePrice": "$29.17 per 1Kg"
      }
    }
  },
  {
    "id": "sole-mare-wild-brisling-sardines-in-oil",
    "brand": "Sole Mare",
    "name": "Wild Brisling Sardines In Oil",
    "imageUrl": "https://shop.coles.com.au/wcsstore/Coles-CAS/images/3/5/4/3542961-th.jpg",
    "categories": ["pantry"],
    "tags": ["canned-fods-soups-nodles", "fish-seafod"],
    "locations": {
      "vic": {
        "price": 3.5,
        "promoText": " ",
        "packageSize": "120g",
        "packagePrice": "$2.92 per 100G"
      }
    }
  },
  {
    "id": "sole-mare-portuguese-style-sardines-in-tomato-sauce",
    "brand": "Sole Mare",
    "name": "Portuguese Style Sardines In Tomato Sauce",
    "imageUrl": "https://shop.coles.com.au/wcsstore/Coles-CAS/images/3/5/4/3542870-th.jpg",
    "categories": ["pantry"],
    "tags": ["canned-fods-soups-nodles", "fish-seafod"],
    "locations": {
      "vic": {
        "price": 2.8,
        "promoText": " ",
        "packageSize": "120g",
        "packagePrice": "$2.33 per 100G"
      }
    }
  },
  {
    "id": "wild-tides-tuna-mayo-w-sw-corn",
    "brand": "Wild Tides",
    "name": "Sweetcorn And Mayonnaise Responsibly Fished Tuna",
    "imageUrl": "https://shop.coles.com.au/wcsstore/Coles-CAS/images/3/2/9/3295104-th.jpg",
    "categories": ["pantry"],
    "tags": ["canned-fods-soups-nodles", "fish-seafod"],
    "locations": {
      "vic": {
        "price": 2,
        "promoText": " ",
        "packageSize": "95g",
        "packagePrice": "$21.05 per 1Kg"
      }
    }
  },
  {
    "id": "wild-tides-tuna-green-curry",
    "brand": "Wild Tides",
    "name": "Responsibly Fished Tuna Thai Green Curry Mild",
    "imageUrl": "https://shop.coles.com.au/wcsstore/Coles-CAS/images/3/6/0/3608924-th.jpg",
    "categories": ["pantry"],
    "tags": ["canned-fods-soups-nodles", "fish-seafod"],
    "locations": {
      "vic": {
        "price": 2,
        "promoText": " ",
        "packageSize": "95g",
        "packagePrice": "$21.05 per 1Kg"
      }
    }
  },
  {
    "id": "heinz-baked-beans-tomato-sauce",
    "brand": "Heinz",
    "name": "Baked Beans Tomato Sauce 3pack",
    "imageUrl": "https://shop.coles.com.au/wcsstore/Coles-CAS/images/2/9/9/2996872-th.jpg",
    "categories": ["pantry"],
    "tags": ["canned-fods-soups-nodles", "baked-beans-spaghetti"],
    "locations": {
      "vic": {
        "price": 3,
        "promoText": " ",
        "packageSize": "300g",
        "packagePrice": "$0.33 per 100G"
      }
    }
  },
  {
    "id": "heinz-baked-beans-in-tomato-sauce-6025525p",
    "brand": "Heinz",
    "name": "Baked Beans In Tomato Sauce 4 pack",
    "imageUrl": "https://shop.coles.com.au/wcsstore/Coles-CAS/images/6/0/2/6025525-th.jpg",
    "categories": ["pantry"],
    "tags": ["canned-fods-soups-nodles", "baked-beans-spaghetti"],
    "locations": {
      "vic": {
        "price": 3.7,
        "promoText": " ",
        "packageSize": "520g",
        "packagePrice": "$0.71 per 100G"
      }
    }
  },
  {
    "id": "heinz-canned-baked-beans-tomato-sauce",
    "brand": "Heinz",
    "name": "Baked Beans Tomato Sauce",
    "imageUrl": "https://shop.coles.com.au/wcsstore/Coles-CAS/images/2/9/5/2954941-th.jpg",
    "categories": ["pantry"],
    "tags": ["canned-fods-soups-nodles", "baked-beans-spaghetti"],
    "locations": {
      "vic": {
        "price": 2,
        "promoText": " ",
        "packageSize": "300g",
        "packagePrice": "$0.67 per 100G"
      }
    }
  },
  {
    "id": "spc-baked-beans-rich-tomato-168563p",
    "brand": "Spc",
    "name": "Baked Beans in Rich Tomato",
    "imageUrl": "https://shop.coles.com.au/wcsstore/Coles-CAS/images/1/6/8/168563-th.jpg",
    "categories": ["pantry"],
    "tags": ["canned-fods-soups-nodles", "baked-beans-spaghetti"],
    "locations": {
      "vic": {
        "price": 1.15,
        "promoText": " ",
        "packageSize": "450g",
        "packagePrice": "$0.26 per 100G"
      }
    }
  },
  {
    "id": "coles-baked-beans",
    "brand": "Coles",
    "name": "Baked Beans",
    "imageUrl": "https://shop.coles.com.au/wcsstore/Coles-CAS/images/1/4/5/145557-th.jpg",
    "categories": ["pantry"],
    "tags": ["canned-fods-soups-nodles", "baked-beans-spaghetti"],
    "locations": {
      "vic": {
        "price": 0.9,
        "promoText": " ",
        "packageSize": "425g",
        "packagePrice": "$0.21 per 100G"
      }
    }
  },
  {
    "id": "heinz-beanz-salt-reduced",
    "brand": "Heinz",
    "name": "Beanz Salt Reduced",
    "imageUrl": "https://shop.coles.com.au/wcsstore/Coles-CAS/images/3/0/2/3026146-th.jpg",
    "categories": ["pantry"],
    "tags": ["canned-fods-soups-nodles", "baked-beans-spaghetti"],
    "locations": {
      "vic": {
        "price": 2.5,
        "promoText": "Was $3.00 on Sep 2018 ",
        "packageSize": "555g",
        "packagePrice": "$0.45 per 100G"
      }
    }
  },
  {
    "id": "heinz-spaghetti-in-tomato-sauce-4-pack",
    "brand": "Heinz",
    "name": "Spaghetti In Tomato Sauce 4 pack",
    "imageUrl": "https://shop.coles.com.au/wcsstore/Coles-CAS/images/6/0/2/6025489-th.jpg",
    "categories": ["pantry"],
    "tags": ["canned-fods-soups-nodles", "baked-beans-spaghetti"],
    "locations": {
      "vic": {
        "price": 3.7,
        "promoText": " ",
        "packageSize": "130g",
        "packagePrice": "$0.71 per 100G"
      }
    }
  },
  {
    "id": "heinz-canned-baked-beans-english-recipe",
    "brand": "Heinz",
    "name": "Canned Baked Beans English Recipe",
    "imageUrl": "https://shop.coles.com.au/wcsstore/Coles-CAS/images/2/9/5/2954952-th.jpg",
    "categories": ["pantry"],
    "tags": ["canned-fods-soups-nodles", "baked-beans-spaghetti"],
    "locations": {
      "vic": {
        "price": 2,
        "promoText": " ",
        "packageSize": "300g",
        "packagePrice": "$0.67 per 100G"
      }
    }
  },
  {
    "id": "heinz-canned-baked-beans-ham-sauce",
    "brand": "Heinz",
    "name": "Baked Beans in Ham Sauce",
    "imageUrl": "https://shop.coles.com.au/wcsstore/Coles-CAS/images/2/9/5/2954974-th.jpg",
    "categories": ["pantry"],
    "tags": ["canned-fods-soups-nodles", "baked-beans-spaghetti"],
    "locations": {
      "vic": {
        "price": 2,
        "promoText": " ",
        "packageSize": "300g",
        "packagePrice": "$0.67 per 100G"
      }
    }
  },
  {
    "id": "heinz-beanz-tomato-sauce",
    "brand": "Heinz",
    "name": "Beanz Tomato Sauce",
    "imageUrl": "https://shop.coles.com.au/wcsstore/Coles-CAS/images/3/0/2/3026113-th.jpg",
    "categories": ["pantry"],
    "tags": ["canned-fods-soups-nodles", "baked-beans-spaghetti"],
    "locations": {
      "vic": {
        "price": 2.5,
        "promoText": "Was $3.00 on Sep 2018 ",
        "packageSize": "555g",
        "packagePrice": "$0.45 per 100G"
      }
    }
  },
  {
    "id": "spc-canned-baked-beans",
    "brand": "SPC",
    "name": "Baked Beans Canned",
    "imageUrl": "https://shop.coles.com.au/wcsstore/Coles-CAS/images/2/1/6/216790-th.jpg",
    "categories": ["pantry"],
    "tags": ["canned-fods-soups-nodles", "baked-beans-spaghetti"],
    "locations": {
      "vic": {
        "price": 1.05,
        "promoText": " ",
        "packageSize": "220g",
        "packagePrice": "$0.48 per 100G"
      }
    }
  },
  {
    "id": "coles-smart-buy-baked-beans-in-tomato-sauce",
    "brand": "Coles",
    "name": "Smart Buy Baked Beans In Tomato Sauce",
    "imageUrl": "https://shop.coles.com.au/wcsstore/Coles-CAS/images/7/5/2/7522966-th.jpg",
    "categories": ["pantry"],
    "tags": ["canned-fods-soups-nodles", "baked-beans-spaghetti"],
    "locations": {
      "vic": {
        "price": 0.65,
        "promoText": " ",
        "packageSize": "420g",
        "packagePrice": "$0.15 per 100G"
      }
    }
  },
  {
    "id": "heinz-spaghetti-tomato-cheese",
    "brand": "Heinz",
    "name": "Spaghetti Tomato & Cheese 3 Pack",
    "imageUrl": "https://shop.coles.com.au/wcsstore/Coles-CAS/images/2/9/9/2996941-th.jpg",
    "categories": ["pantry"],
    "tags": ["canned-fods-soups-nodles", "baked-beans-spaghetti"],
    "locations": {
      "vic": {
        "price": 3,
        "promoText": " ",
        "packageSize": "900g",
        "packagePrice": "$0.33 per 100G"
      }
    }
  },
  {
    "id": "spc-spaghetti-rich-tomato",
    "brand": "SPC",
    "name": "Spaghetti in Rich Tomato",
    "imageUrl": "https://shop.coles.com.au/wcsstore/Coles-CAS/images/4/2/7/4276342-th.jpg",
    "categories": ["pantry"],
    "tags": ["canned-fods-soups-nodles", "baked-beans-spaghetti"],
    "locations": {
      "vic": {
        "price": 1.15,
        "promoText": " ",
        "packageSize": "420g",
        "packagePrice": "$0.27 per 100G"
      }
    }
  },
  {
    "id": "coles-baked-beans-in-tomato-sauce-425g",
    "brand": "Coles",
    "name": "Baked Beans In Tomato Sauce 425g",
    "imageUrl": "https://shop.coles.com.au/wcsstore/Coles-CAS/images/7/5/5/7553020-th.jpg",
    "categories": ["pantry"],
    "tags": ["canned-fods-soups-nodles", "baked-beans-spaghetti"],
    "locations": {
      "vic": {
        "price": 2,
        "promoText": " ",
        "packageSize": "3 Pack",
        "packagePrice": "$0.67 per 1ea"
      }
    }
  },
  {
    "id": "heinz-canned-spaghetti-tomato-sauce",
    "brand": "Heinz",
    "name": "Spaghetti Tomato Sauce",
    "imageUrl": "https://shop.coles.com.au/wcsstore/Coles-CAS/images/2/9/5/2954920-th.jpg",
    "categories": ["pantry"],
    "tags": ["canned-fods-soups-nodles", "baked-beans-spaghetti"],
    "locations": {
      "vic": {
        "price": 2,
        "promoText": " ",
        "packageSize": "300g",
        "packagePrice": "$0.67 per 100G"
      }
    }
  },
  {
    "id": "coles-baked-beans-in-barbeque-sauce",
    "brand": "Coles",
    "name": "Baked Beans In BBQ Sauce",
    "imageUrl": "https://shop.coles.com.au/wcsstore/Coles-CAS/images/5/3/2/5324779-th.jpg",
    "categories": ["pantry"],
    "tags": ["canned-fods-soups-nodles", "baked-beans-spaghetti"],
    "locations": {
      "vic": {
        "price": 0.9,
        "promoText": " ",
        "packageSize": "425g",
        "packagePrice": "$0.21 per 100G"
      }
    }
  },
  {
    "id": "coles-baked-beans-in-tomato-sauce",
    "brand": "Coles",
    "name": "Baked Beans In Tomato Sauce",
    "imageUrl": "https://shop.coles.com.au/wcsstore/Coles-CAS/images/5/3/2/5324597-th.jpg",
    "categories": ["pantry"],
    "tags": ["canned-fods-soups-nodles", "baked-beans-spaghetti"],
    "locations": {
      "vic": {
        "price": 0.85,
        "promoText": " ",
        "packageSize": "220g",
        "packagePrice": "$0.39 per 100G"
      }
    }
  },
  {
    "id": "heinz-beanz-creationz-spanish",
    "brand": "Heinz",
    "name": "Creationz Chorizo Spanish Style Beanz",
    "imageUrl": "https://shop.coles.com.au/wcsstore/Coles-CAS/images/2/4/0/2401261-th.jpg",
    "categories": ["pantry"],
    "tags": ["canned-fods-soups-nodles", "baked-beans-spaghetti"],
    "locations": {
      "vic": {
        "price": 2.49,
        "promoText": " ",
        "packageSize": "420g",
        "packagePrice": "$0.59 per 100G"
      }
    }
  },
  {
    "id": "heinz-beanz-bbq-sauce",
    "brand": "Heinz",
    "name": "Beanz BBQ Sauce",
    "imageUrl": "https://shop.coles.com.au/wcsstore/Coles-CAS/images/3/0/2/3026124-th.jpg",
    "categories": ["pantry"],
    "tags": ["canned-fods-soups-nodles", "baked-beans-spaghetti"],
    "locations": {
      "vic": {
        "price": 2.5,
        "promoText": "Was $3.00 on Sep 2018 ",
        "packageSize": "555g",
        "packagePrice": "$0.45 per 100G"
      }
    }
  },
  {
    "id": "heinz-beanz-creationz-fiery-mexican",
    "brand": "Heinz",
    "name": "Creationz Fiery Mexican Style Beanz",
    "imageUrl": "https://shop.coles.com.au/wcsstore/Coles-CAS/images/2/4/0/2401250-th.jpg",
    "categories": ["pantry"],
    "tags": ["canned-fods-soups-nodles", "baked-beans-spaghetti"],
    "locations": {
      "vic": {
        "price": 2.49,
        "promoText": " ",
        "packageSize": "420g",
        "packagePrice": "$0.59 per 100G"
      }
    }
  },
  {
    "id": "heinz-spaghetti-cheess-tom",
    "brand": "Heinz",
    "name": "Cheese Tomato Spaghetti",
    "imageUrl": "https://shop.coles.com.au/wcsstore/Coles-CAS/images/3/2/6/3265715-th.jpg",
    "categories": ["pantry"],
    "tags": ["canned-fods-soups-nodles", "baked-beans-spaghetti"],
    "locations": {
      "vic": {
        "price": 2.5,
        "promoText": "Was $3.00 on Jun 2018 ",
        "packageSize": "535g",
        "packagePrice": "$0.47 per 100G"
      }
    }
  },
  {
    "id": "spc-spaghetti-rich-tomato-4457100p",
    "brand": "SPC",
    "name": "Spaghetti in Rich Tomato 4 pack",
    "imageUrl": "https://shop.coles.com.au/wcsstore/Coles-CAS/images/4/4/5/4457100-th.jpg",
    "categories": ["pantry"],
    "tags": ["canned-fods-soups-nodles", "baked-beans-spaghetti"],
    "locations": {
      "vic": {
        "price": 4.2,
        "promoText": " ",
        "packageSize": "220g",
        "packagePrice": "$0.48 per 100G"
      }
    }
  },
  {
    "id": "australian-gold-spaghetti-rich-tomato",
    "brand": "Australian Gold",
    "name": "Spaghetti Rich Tomato",
    "imageUrl": "https://shop.coles.com.au/wcsstore/Coles-CAS/images/3/8/2/3823790-th.jpg",
    "categories": ["pantry"],
    "tags": ["canned-fods-soups-nodles", "baked-beans-spaghetti"],
    "locations": {
      "vic": {
        "price": 1.3,
        "promoText": " ",
        "packageSize": "420g",
        "packagePrice": "$3.10 per 1Kg"
      }
    }
  },
  {
    "id": "australian-gold-spaghetti-rich-tomato-3823778p",
    "brand": "Australian Gold",
    "name": "Spaghetti Rich Tomato",
    "imageUrl": "https://shop.coles.com.au/wcsstore/Coles-CAS/images/3/8/2/3823778-th.jpg",
    "categories": ["pantry"],
    "tags": ["canned-fods-soups-nodles", "baked-beans-spaghetti"],
    "locations": {
      "vic": {
        "price": 1.43,
        "promoText": " ",
        "packageSize": "140g",
        "packagePrice": "$10.21 per 1Kg"
      }
    }
  },
  {
    "id": "coles-spaghetti-in-tomato-cheese-sauce",
    "brand": "Coles",
    "name": "Tomato & Cheese Spaghetti",
    "imageUrl": "https://shop.coles.com.au/wcsstore/Coles-CAS/images/5/3/2/5324837-th.jpg",
    "categories": ["pantry"],
    "tags": ["canned-fods-soups-nodles", "baked-beans-spaghetti"],
    "locations": {
      "vic": {
        "price": 0.85,
        "promoText": " ",
        "packageSize": "220g",
        "packagePrice": "$0.39 per 100G"
      }
    }
  },
  {
    "id": "coles-spaghetti-with-cheese",
    "brand": "Coles",
    "name": "Tomato & Cheese Spaghetti",
    "imageUrl": "https://shop.coles.com.au/wcsstore/Coles-CAS/images/4/2/4/4249791-th.jpg",
    "categories": ["pantry"],
    "tags": ["canned-fods-soups-nodles", "baked-beans-spaghetti"],
    "locations": {
      "vic": {
        "price": 0.9,
        "promoText": " ",
        "packageSize": "420g",
        "packagePrice": "$0.21 per 100G"
      }
    }
  },
  {
    "id": "coles-smart-buy-spaghetti-in-tomato-sauce",
    "brand": "Coles",
    "name": "Smart Buy Spaghetti In Tomato Sauce",
    "imageUrl": "https://shop.coles.com.au/wcsstore/Coles-CAS/images/7/5/2/7523018-th.jpg",
    "categories": ["pantry"],
    "tags": ["canned-fods-soups-nodles", "baked-beans-spaghetti"],
    "locations": {
      "vic": {
        "price": 0.65,
        "promoText": " ",
        "packageSize": "420g",
        "packagePrice": "$0.15 per 100G"
      }
    }
  },
  {
    "id": "heinz-baked-beans-in-ham-sauce-162716p",
    "brand": "Heinz",
    "name": "Baked Beans In Ham Sauce",
    "imageUrl": "https://shop.coles.com.au/wcsstore/Coles-CAS/images/1/6/2/162716-th.jpg",
    "categories": ["pantry"],
    "tags": ["canned-fods-soups-nodles", "baked-beans-spaghetti"],
    "locations": {
      "vic": {
        "price": 1.65,
        "promoText": " ",
        "packageSize": "220g",
        "packagePrice": "$0.75 per 100G"
      }
    }
  },
  {
    "id": "heinz-spaghetti-in-tomato-sauce-126304p",
    "brand": "Heinz",
    "name": "Spaghetti In Tomato Sauce",
    "imageUrl": "https://shop.coles.com.au/wcsstore/Coles-CAS/images/1/2/6/126304-th.jpg",
    "categories": ["pantry"],
    "tags": ["canned-fods-soups-nodles", "baked-beans-spaghetti"],
    "locations": {
      "vic": {
        "price": 1.65,
        "promoText": " ",
        "packageSize": "220g",
        "packagePrice": "$0.75 per 100G"
      }
    }
  },
  {
    "id": "spc-spaghetti-rich-tomato-3826302p",
    "brand": "SPC",
    "name": "Spaghetti Rich Tomato",
    "imageUrl": "https://shop.coles.com.au/wcsstore/Coles-CAS/images/3/8/2/3826302-th.jpg",
    "categories": ["pantry"],
    "tags": ["canned-fods-soups-nodles", "baked-beans-spaghetti"],
    "locations": {
      "vic": {
        "price": 1.05,
        "promoText": " ",
        "packageSize": "220g",
        "packagePrice": "$4.77 per 1Kg"
      }
    }
  },
  {
    "id": "continental-cup-a-soup-laksa",
    "brand": "Continental",
    "name": "Cup A Soup Asian Laksa 2 pack",
    "imageUrl": "https://shop.coles.com.au/wcsstore/Coles-CAS/images/8/8/8/8887042-th.jpg",
    "categories": ["pantry"],
    "tags": ["canned-fods-soups-nodles", "soups"],
    "locations": {
      "vic": {
        "price": 2,
        "promoText": " ",
        "packageSize": "65g",
        "packagePrice": "$3.08 per 100G"
      }
    }
  },
  {
    "id": "continental-cup-a-soup-hearty-italian-minestrone",
    "brand": "Continental",
    "name": "Cup A Soup Italian Minestrone 2 pack",
    "imageUrl": "https://shop.coles.com.au/wcsstore/Coles-CAS/images/5/3/4/5342920-th.jpg",
    "categories": ["pantry"],
    "tags": ["canned-fods-soups-nodles", "soups"],
    "locations": {
      "vic": {
        "price": 2,
        "promoText": " ",
        "packageSize": "75g",
        "packagePrice": "$2.67 per 100G"
      }
    }
  },
  {
    "id": "continental-cup-a-soup-chicken-corn-with-croutons",
    "brand": "Continental",
    "name": "Cup A Soup Creamy Chicken & Corn with Croutons 2 pack",
    "imageUrl": "https://shop.coles.com.au/wcsstore/Coles-CAS/images/9/1/5/9151559-th.jpg",
    "categories": ["pantry"],
    "tags": ["canned-fods-soups-nodles", "soups"],
    "locations": {
      "vic": {
        "price": 2,
        "promoText": " ",
        "packageSize": "60g",
        "packagePrice": "$3.33 per 100G"
      }
    }
  },
  {
    "id": "continental-cup-a-soup-lots-a-noodles-chicken-corn",
    "brand": "Continental",
    "name": "Cup A Soup Chinese Chicken & Corn with Lots of Noodles 2 pack",
    "imageUrl": "https://shop.coles.com.au/wcsstore/Coles-CAS/images/7/9/7/7978200-th.jpg",
    "categories": ["pantry"],
    "tags": ["canned-fods-soups-nodles", "soups"],
    "locations": {
      "vic": {
        "price": 2,
        "promoText": " ",
        "packageSize": "66g",
        "packagePrice": "$3.03 per 100G"
      }
    }
  },
  {
    "id": "continental-cup-a-soup-lots-a-noodles-cream-of-chicken",
    "brand": "Continental",
    "name": "Cup A Soup Creamy Chicken with Lots of Noodles 2 pack",
    "imageUrl": "https://shop.coles.com.au/wcsstore/Coles-CAS/images/2/5/5/255646-th.jpg",
    "categories": ["pantry"],
    "tags": ["canned-fods-soups-nodles", "soups"],
    "locations": {
      "vic": {
        "price": 2,
        "promoText": " ",
        "packageSize": "60g",
        "packagePrice": "$3.33 per 100G"
      }
    }
  },
  {
    "id": "heinz-condensed-big-red-tomato-soup",
    "brand": "Heinz",
    "name": "Big Red Tomato Soup Can",
    "imageUrl": "https://shop.coles.com.au/wcsstore/Coles-CAS/images/1/2/8/128503-th.jpg",
    "categories": ["pantry"],
    "tags": ["canned-fods-soups-nodles", "soups"],
    "locations": {
      "vic": {
        "price": 2.2,
        "promoText": "Any 2 $3",
        "packageSize": "420g",
        "packagePrice": "$0.52 per 100G"
      }
    }
  },
  {
    "id": "mckenzies-barley-pearl",
    "brand": "McKenzie's",
    "name": "Barley Pearl",
    "imageUrl": "https://shop.coles.com.au/wcsstore/Coles-CAS/images/1/3/0/130039-th.jpg",
    "categories": ["pantry"],
    "tags": ["canned-fods-soups-nodles", "soups"],
    "locations": {
      "vic": {
        "price": 1.7,
        "promoText": " ",
        "packageSize": "500g",
        "packagePrice": "$0.34 per 100G"
      }
    }
  },
  {
    "id": "mckenzies-lentils-red-split",
    "brand": "McKenzie's",
    "name": "Split Red Lentils",
    "imageUrl": "https://shop.coles.com.au/wcsstore/Coles-CAS/images/9/1/9/9190991-th.jpg",
    "categories": ["pantry"],
    "tags": ["canned-fods-soups-nodles", "soups"],
    "locations": {
      "vic": {
        "price": 4.4,
        "promoText": " ",
        "packageSize": "1kg",
        "packagePrice": "$0.44 per 100G"
      }
    }
  },
  {
    "id": "continental-cup-a-soup-lots-a-noodles-chicken",
    "brand": "Continental",
    "name": "Cup A Soup Chicken with Lots of Noodles 2 pack",
    "imageUrl": "https://shop.coles.com.au/wcsstore/Coles-CAS/images/3/5/6/356472-th.jpg",
    "categories": ["pantry"],
    "tags": ["canned-fods-soups-nodles", "soups"],
    "locations": {
      "vic": {
        "price": 2,
        "promoText": " ",
        "packageSize": "60g",
        "packagePrice": "$3.33 per 100G"
      }
    }
  },
  {
    "id": "campbells-condensed-soup-cream-of-mushroom",
    "brand": "Campbell's",
    "name": "Cream of Mushroom Condensed Soup Can",
    "imageUrl": "https://shop.coles.com.au/wcsstore/Coles-CAS/images/1/2/8/128966-th.jpg",
    "categories": ["pantry"],
    "tags": ["canned-fods-soups-nodles", "soups"],
    "locations": {
      "vic": {
        "price": 1,
        "promoText": "$0.80 ",
        "packageSize": "420g",
        "packagePrice": "$0.24 per 100G"
      }
    }
  },
  {
    "id": "campbells-chunky-soup-beef",
    "brand": "Campbell's",
    "name": "Chunky Beef Soup Can",
    "imageUrl": "https://shop.coles.com.au/wcsstore/Coles-CAS/images/4/9/1/4915339-th.jpg",
    "categories": ["pantry"],
    "tags": ["canned-fods-soups-nodles", "soups"],
    "locations": {
      "vic": {
        "price": 1.75,
        "promoText": "$1.75 ",
        "packageSize": "505g",
        "packagePrice": "$0.35 per 100G"
      }
    }
  },
  {
    "id": "campbells-chunky-soup-peppered-steak-potato",
    "brand": "Campbell's",
    "name": "Chunky Peppered Steak & Potato Beef Soup",
    "imageUrl": "https://shop.coles.com.au/wcsstore/Coles-CAS/images/3/4/1/3414270-th.jpg",
    "categories": ["pantry"],
    "tags": ["canned-fods-soups-nodles", "soups"],
    "locations": {
      "vic": {
        "price": 1.75,
        "promoText": "$1.75 ",
        "packageSize": "505g",
        "packagePrice": "$0.35 per 100G"
      }
    }
  },
  {
    "id": "campbells-country-ladle-soup-creamy-chicken",
    "brand": "Campbell's",
    "name": "Country Ladle Creamy Chicken Soup Can",
    "imageUrl": "https://shop.coles.com.au/wcsstore/Coles-CAS/images/9/6/8/9680312-th.jpg",
    "categories": ["pantry"],
    "tags": ["canned-fods-soups-nodles", "soups"],
    "locations": {
      "vic": {
        "price": 1.75,
        "promoText": "$1.75 ",
        "packageSize": "500g",
        "packagePrice": "$0.35 per 100G"
      }
    }
  },
  {
    "id": "heinz-classic-soup-italian-minestrone",
    "brand": "Heinz",
    "name": "Classic Italian Minestrone Soup Can",
    "imageUrl": "https://shop.coles.com.au/wcsstore/Coles-CAS/images/8/4/1/8416239-th.jpg",
    "categories": ["pantry"],
    "tags": ["canned-fods-soups-nodles", "soups"],
    "locations": {
      "vic": {
        "price": 2.5,
        "promoText": "Was $3.49 on Jul 2017 ",
        "packageSize": "535g",
        "packagePrice": "$0.47 per 100G"
      }
    }
  },
  {
    "id": "campbells-country-ladle-soup-butternut-pumpkin",
    "brand": "Campbell's",
    "name": "Country Ladle Butternut Pumpkin Soup Can",
    "imageUrl": "https://shop.coles.com.au/wcsstore/Coles-CAS/images/7/1/6/7165858-th.jpg",
    "categories": ["pantry"],
    "tags": ["canned-fods-soups-nodles", "soups"],
    "locations": {
      "vic": {
        "price": 1.75,
        "promoText": "$1.75 ",
        "packageSize": "505g",
        "packagePrice": "$0.35 per 100G"
      }
    }
  },
  {
    "id": "campbells-country-ladle-soup-farmhouse-vegetable",
    "brand": "Campbell's",
    "name": "Country Ladle Farmhouse Vegetable Soup Can",
    "imageUrl": "https://shop.coles.com.au/wcsstore/Coles-CAS/images/7/1/6/7165971-th.jpg",
    "categories": ["pantry"],
    "tags": ["canned-fods-soups-nodles", "soups"],
    "locations": {
      "vic": {
        "price": 1.75,
        "promoText": "$1.75 ",
        "packageSize": "495g",
        "packagePrice": "$0.35 per 100G"
      }
    }
  },
  {
    "id": "continental-cup-a-soup-hearty-roast-chicken",
    "brand": "Continental",
    "name": "Cup A Soup Roast Chicken 2 pack",
    "imageUrl": "https://shop.coles.com.au/wcsstore/Coles-CAS/images/2/9/0/290465-th.jpg",
    "categories": ["pantry"],
    "tags": ["canned-fods-soups-nodles", "soups"],
    "locations": {
      "vic": {
        "price": 2,
        "promoText": " ",
        "packageSize": "75g",
        "packagePrice": "$2.67 per 100G"
      }
    }
  },
  {
    "id": "hart-soul-coconut-pumpkin-pouch-400g",
    "brand": "Hart & Soul",
    "name": "Coconut Pumpkin Soup Pouch",
    "imageUrl": "https://shop.coles.com.au/wcsstore/Coles-CAS/images/3/2/7/3270679-th.jpg",
    "categories": ["pantry"],
    "tags": ["canned-fods-soups-nodles", "soups"],
    "locations": {
      "vic": {
        "price": 4,
        "promoText": " ",
        "packageSize": "400g",
        "packagePrice": "$1.00 per 100G"
      }
    }
  },
  {
    "id": "mckenzies-lentils-green-whole",
    "brand": "McKenzie's",
    "name": "Whole Green Lentils",
    "imageUrl": "https://shop.coles.com.au/wcsstore/Coles-CAS/images/1/3/0/130050-th.jpg",
    "categories": ["pantry"],
    "tags": ["canned-fods-soups-nodles", "soups"],
    "locations": {
      "vic": {
        "price": 2.3,
        "promoText": " ",
        "packageSize": "375g",
        "packagePrice": "$0.61 per 100G"
      }
    }
  },
  {
    "id": "continental-instant-soup-chicken-noodle",
    "brand": "Continental",
    "name": "Chicken Noodle Simmer Soup 4 Serves",
    "imageUrl": "https://shop.coles.com.au/wcsstore/Coles-CAS/images/1/2/9/129335-th.jpg",
    "categories": ["pantry"],
    "tags": ["canned-fods-soups-nodles", "soups"],
    "locations": {
      "vic": {
        "price": 1,
        "promoText": " ",
        "packageSize": "45g",
        "packagePrice": "$2.22 per 100G"
      }
    }
  },
  {
    "id": "continental-cup-a-soup-creamy-chicken-with-croutons",
    "brand": "Continental",
    "name": "Cup A Soup Creamy Chicken with Croutons 2 pack",
    "imageUrl": "https://shop.coles.com.au/wcsstore/Coles-CAS/images/9/1/5/9151344-th.jpg",
    "categories": ["pantry"],
    "tags": ["canned-fods-soups-nodles", "soups"],
    "locations": {
      "vic": {
        "price": 2,
        "promoText": " ",
        "packageSize": "60g",
        "packagePrice": "$3.33 per 100G"
      }
    }
  },
  {
    "id": "hart-soul-soup-pouch-sweet-potato",
    "brand": "Hart & Soul",
    "name": "Gluten Free Sweet Potato Ginger Soup With Turmeric Pouch",
    "imageUrl": "https://shop.coles.com.au/wcsstore/Coles-CAS/images/3/3/9/3399438-th.jpg",
    "categories": ["pantry"],
    "tags": ["canned-fods-soups-nodles", "soups"],
    "locations": {
      "vic": {
        "price": 4,
        "promoText": " ",
        "packageSize": "400g",
        "packagePrice": "$1.00 per 100G"
      }
    }
  },
  {
    "id": "mckenzies-lentils-red",
    "brand": "McKenzie's",
    "name": "Split Red Lentils",
    "imageUrl": "https://shop.coles.com.au/wcsstore/Coles-CAS/images/1/3/0/130061-th.jpg",
    "categories": ["pantry"],
    "tags": ["canned-fods-soups-nodles", "soups"],
    "locations": {
      "vic": {
        "price": 1.8,
        "promoText": "$0.50 ",
        "packageSize": "375g",
        "packagePrice": "$0.48 per 100G"
      }
    }
  },
  {
    "id": "campbells-country-ladle-soup-traditional-minestrone",
    "brand": "Campbell's",
    "name": "Country Ladle Traditional Minestrone Soup Can",
    "imageUrl": "https://shop.coles.com.au/wcsstore/Coles-CAS/images/7/1/6/7166090-th.jpg",
    "categories": ["pantry"],
    "tags": ["canned-fods-soups-nodles", "soups"],
    "locations": {
      "vic": {
        "price": 1.75,
        "promoText": "$1.75 ",
        "packageSize": "495g",
        "packagePrice": "$0.35 per 100G"
      }
    }
  },
  {
    "id": "campbells-country-ladle-soup-chicken-sweet-corn",
    "brand": "Campbell's",
    "name": "Country Ladle Chicken Sweet Corn Soup Can",
    "imageUrl": "https://shop.coles.com.au/wcsstore/Coles-CAS/images/4/8/8/4887131-th.jpg",
    "categories": ["pantry"],
    "tags": ["canned-fods-soups-nodles", "soups"],
    "locations": {
      "vic": {
        "price": 1.75,
        "promoText": "$1.75 ",
        "packageSize": "505g",
        "packagePrice": "$0.35 per 100G"
      }
    }
  },
  {
    "id": "campbells-condensed-soup-tomato",
    "brand": "Campbell's",
    "name": "Tomato Soup Can",
    "imageUrl": "https://shop.coles.com.au/wcsstore/Coles-CAS/images/1/2/8/128911-th.jpg",
    "categories": ["pantry"],
    "tags": ["canned-fods-soups-nodles", "soups"],
    "locations": {
      "vic": {
        "price": 1,
        "promoText": "$0.80 ",
        "packageSize": "420g",
        "packagePrice": "$0.24 per 100G"
      }
    }
  },
  {
    "id": "continental-instant-soup-french-onion",
    "brand": "Continental",
    "name": "Simmer Soup French Onion 4 Serves",
    "imageUrl": "https://shop.coles.com.au/wcsstore/Coles-CAS/images/1/2/9/129426-th.jpg",
    "categories": ["pantry"],
    "tags": ["canned-fods-soups-nodles", "soups"],
    "locations": {
      "vic": {
        "price": 1,
        "promoText": " ",
        "packageSize": "40g",
        "packagePrice": "$2.50 per 100G"
      }
    }
  },
  {
    "id": "continental-cup-a-soup-creamy-pumpkin-with-croutons",
    "brand": "Continental",
    "name": "Cup A Soup Creamy Pumpkin with Croutons 2 pack",
    "imageUrl": "https://shop.coles.com.au/wcsstore/Coles-CAS/images/9/1/5/9151537-th.jpg",
    "categories": ["pantry"],
    "tags": ["canned-fods-soups-nodles", "soups"],
    "locations": {
      "vic": {
        "price": 2,
        "promoText": " ",
        "packageSize": "55g",
        "packagePrice": "$3.64 per 100G"
      }
    }
  },
  {
    "id": "continental-homestyle-pumpkin-cup-a-soup-2-pack",
    "brand": "Continental",
    "name": "Cup A Soup Homestyle Pumpkin 2 Pack",
    "imageUrl": "https://shop.coles.com.au/wcsstore/Coles-CAS/images/2/6/6/2667655-th.jpg",
    "categories": ["pantry"],
    "tags": ["canned-fods-soups-nodles", "soups"],
    "locations": {
      "vic": {
        "price": 2,
        "promoText": " ",
        "packageSize": "61g",
        "packagePrice": "$3.28 per 100G"
      }
    }
  },
  {
    "id": "hart-soul-soup-pouch-spiced-lentil",
    "brand": "Hart & Soul",
    "name": "Gluten Free Spiced Lentil Soup Pouch",
    "imageUrl": "https://shop.coles.com.au/wcsstore/Coles-CAS/images/3/3/9/3399416-th.jpg",
    "categories": ["pantry"],
    "tags": ["canned-fods-soups-nodles", "soups"],
    "locations": {
      "vic": {
        "price": 4,
        "promoText": " ",
        "packageSize": "400g",
        "packagePrice": "$1.00 per 100G"
      }
    }
  },
  {
    "id": "la-zuppa-soup-pouches-roasted-pumpkin",
    "brand": "La Zuppa",
    "name": "Roasted Pumpkin Soup Pouch",
    "imageUrl": "https://shop.coles.com.au/wcsstore/Coles-CAS/images/1/1/6/1163328-th.jpg",
    "categories": ["pantry"],
    "tags": ["canned-fods-soups-nodles", "soups"],
    "locations": {
      "vic": {
        "price": 3.5,
        "promoText": "$0.90 ",
        "packageSize": "540g",
        "packagePrice": "$0.65 per 100G"
      }
    }
  },
  {
    "id": "mckenzies-split-peas-green",
    "brand": "McKenzie's",
    "name": "Split Green Peas",
    "imageUrl": "https://shop.coles.com.au/wcsstore/Coles-CAS/images/3/5/3/353521-th.jpg",
    "categories": ["pantry"],
    "tags": ["canned-fods-soups-nodles", "soups"],
    "locations": {
      "vic": {
        "price": 1.7,
        "promoText": " ",
        "packageSize": "500g",
        "packagePrice": "$0.34 per 100G"
      }
    }
  },
  {
    "id": "campbells-country-ladle-garden-vegetable-soup",
    "brand": "Campbell's",
    "name": "Country Ladle Garden Vegetable Soup Can",
    "imageUrl": "https://shop.coles.com.au/wcsstore/Coles-CAS/images/6/8/1/6815812-th.jpg",
    "categories": ["pantry"],
    "tags": ["canned-fods-soups-nodles", "soups"],
    "locations": {
      "vic": {
        "price": 1.75,
        "promoText": "$1.75 ",
        "packageSize": "500g",
        "packagePrice": "$0.35 per 100G"
      }
    }
  },
  {
    "id": "continental-homestyle-chicken-noodle-cup-a-soup-2-pack",
    "brand": "Continental",
    "name": "Cup A Soup Homestyle Chicken Noodle 2 pack",
    "imageUrl": "https://shop.coles.com.au/wcsstore/Coles-CAS/images/2/6/6/2667633-th.jpg",
    "categories": ["pantry"],
    "tags": ["canned-fods-soups-nodles", "soups"],
    "locations": {
      "vic": {
        "price": 2,
        "promoText": " ",
        "packageSize": "40g",
        "packagePrice": "$5.00 per 100G"
      }
    }
  },
  {
    "id": "hart-soul-pho-pouch-400-gram",
    "brand": "Hart & Soul",
    "name": "All Natural Pho Soup With Konjac Pouch",
    "imageUrl": "https://shop.coles.com.au/wcsstore/Coles-CAS/images/3/2/7/3270704-th.jpg",
    "categories": ["pantry"],
    "tags": ["canned-fods-soups-nodles", "soups"],
    "locations": {
      "vic": {
        "price": 4,
        "promoText": " ",
        "packageSize": "400g",
        "packagePrice": "$1.00 per 100G"
      }
    }
  },
  {
    "id": "heinz-classic-creamy-tomato-soup-can",
    "brand": "Heinz",
    "name": "Classic Creamy Tomato Soup Can",
    "imageUrl": "https://shop.coles.com.au/wcsstore/Coles-CAS/images/2/2/8/2288920-th.jpg",
    "categories": ["pantry"],
    "tags": ["canned-fods-soups-nodles", "soups"],
    "locations": {
      "vic": {
        "price": 2.5,
        "promoText": "Was $3.49 on Jul 2017 ",
        "packageSize": "535g",
        "packagePrice": "$0.47 per 100G"
      }
    }
  },
  {
    "id": "mckenzies-chick-peas",
    "brand": "McKenzie's",
    "name": "Chickpeas",
    "imageUrl": "https://shop.coles.com.au/wcsstore/Coles-CAS/images/4/0/5/405986-th.jpg",
    "categories": ["pantry"],
    "tags": ["canned-fods-soups-nodles", "soups"],
    "locations": {
      "vic": {
        "price": 1.45,
        "promoText": "$0.35 ",
        "packageSize": "375g",
        "packagePrice": "$0.39 per 100G"
      }
    }
  },
  {
    "id": "campbells-country-ladle-soup-pumpkin-rich-creamy",
    "brand": "Campbell's",
    "name": "Country Ladle Rich & Creamy Pumpkin Soup Can",
    "imageUrl": "https://shop.coles.com.au/wcsstore/Coles-CAS/images/8/0/2/8027055-th.jpg",
    "categories": ["pantry"],
    "tags": ["canned-fods-soups-nodles", "soups"],
    "locations": {
      "vic": {
        "price": 1.75,
        "promoText": "$1.75 ",
        "packageSize": "500g",
        "packagePrice": "$0.35 per 100G"
      }
    }
  },
  {
    "id": "continental-cup-a-soup-tomato",
    "brand": "Continental",
    "name": "Cup A Soup Tomato 4 Pack",
    "imageUrl": "https://shop.coles.com.au/wcsstore/Coles-CAS/images/1/2/9/129765-th.jpg",
    "categories": ["pantry"],
    "tags": ["canned-fods-soups-nodles", "soups"],
    "locations": {
      "vic": {
        "price": 2,
        "promoText": " ",
        "packageSize": "80g",
        "packagePrice": "$2.50 per 100G"
      }
    }
  },
  {
    "id": "continental-pepper-steak-mushroom-cup-a-soup-2-pack",
    "brand": "Continental",
    "name": "Cup A Soup Pepper Steak & Mushroom with Croutons 2 pack",
    "imageUrl": "https://shop.coles.com.au/wcsstore/Coles-CAS/images/2/2/8/2286516-th.jpg",
    "categories": ["pantry"],
    "tags": ["canned-fods-soups-nodles", "soups"],
    "locations": {
      "vic": {
        "price": 2,
        "promoText": " ",
        "packageSize": "52g",
        "packagePrice": "$3.85 per 100G"
      }
    }
  },
  {
    "id": "rosella-condensed-soup-tomato",
    "brand": "Rosella",
    "name": "Tomato Condensed Soup Can",
    "imageUrl": "https://shop.coles.com.au/wcsstore/Coles-CAS/images/6/8/1/6811039-th.jpg",
    "categories": ["pantry"],
    "tags": ["canned-fods-soups-nodles", "soups"],
    "locations": {
      "vic": {
        "price": 2.25,
        "promoText": " ",
        "packageSize": "500g",
        "packagePrice": "$0.45 per 100G"
      }
    }
  },
  {
    "id": "campbells-chunky-soup-potato-bacon",
    "brand": "Campbell's",
    "name": "Chunky Soup Potato Bacon",
    "imageUrl": "https://shop.coles.com.au/wcsstore/Coles-CAS/images/4/9/1/4915361-th.jpg",
    "categories": ["pantry"],
    "tags": ["canned-fods-soups-nodles", "soups"],
    "locations": {
      "vic": {
        "price": 1.75,
        "promoText": "$1.75 ",
        "packageSize": "505g",
        "packagePrice": "$0.35 per 100G"
      }
    }
  },
  {
    "id": "campbells-condensed-soup-cream-of-chicken",
    "brand": "Campbell's",
    "name": "Cream of Chicken Condensed Soup Can",
    "imageUrl": "https://shop.coles.com.au/wcsstore/Coles-CAS/images/1/2/8/128999-th.jpg",
    "categories": ["pantry"],
    "tags": ["canned-fods-soups-nodles", "soups"],
    "locations": {
      "vic": {
        "price": 1,
        "promoText": "$0.80 ",
        "packageSize": "420g",
        "packagePrice": "$0.24 per 100G"
      }
    }
  },
  {
    "id": "campbells-chunky-soup-beef-stroganoff",
    "brand": "Campbell's",
    "name": "Chunky Beef Stroganoff Soup",
    "imageUrl": "https://shop.coles.com.au/wcsstore/Coles-CAS/images/3/4/1/3414305-th.jpg",
    "categories": ["pantry"],
    "tags": ["canned-fods-soups-nodles", "soups"],
    "locations": {
      "vic": {
        "price": 1.75,
        "promoText": "$1.75 ",
        "packageSize": "505g",
        "packagePrice": "$0.35 per 100G"
      }
    }
  },
  {
    "id": "coles-soup-packet-chicken-noodle",
    "brand": "Coles",
    "name": "Chicken Noodle Soup Mix",
    "imageUrl": "https://shop.coles.com.au/wcsstore/Coles-CAS/images/8/8/8/8880269-th.jpg",
    "categories": ["pantry"],
    "tags": ["canned-fods-soups-nodles", "soups"],
    "locations": {
      "vic": {
        "price": 0.45,
        "promoText": " ",
        "packageSize": "50g",
        "packagePrice": "$0.90 per 100G"
      }
    }
  },
  {
    "id": "coles-brand-soup-packet-french-onion",
    "brand": "Coles",
    "name": "French Onion Soup Mix",
    "imageUrl": "https://shop.coles.com.au/wcsstore/Coles-CAS/images/1/2/9/129619-th.jpg",
    "categories": ["pantry"],
    "tags": ["canned-fods-soups-nodles", "soups"],
    "locations": {
      "vic": {
        "price": 0.45,
        "promoText": " ",
        "packageSize": "40g",
        "packagePrice": "$11.25 per 1Kg"
      }
    }
  },
  {
    "id": "coles-pouch-soup-cauli-brocolli",
    "brand": "Coles",
    "name": "Cauliflower & Broccoli Soup With Cashew Nuts",
    "imageUrl": "https://shop.coles.com.au/wcsstore/Coles-CAS/images/3/2/7/3272018-th.jpg",
    "categories": ["pantry"],
    "tags": ["canned-fods-soups-nodles", "soups"],
    "locations": {
      "vic": {
        "price": 2.7,
        "promoText": " ",
        "packageSize": "430g",
        "packagePrice": "$0.63 per 100G"
      }
    }
  },
  {
    "id": "coles-japanese-style-miso-nodle-soup",
    "brand": "Coles",
    "name": "Japanese Style Miso & Noodle Soup Pouch",
    "imageUrl": "https://shop.coles.com.au/wcsstore/Coles-CAS/images/3/7/0/3705104-th.jpg",
    "categories": ["pantry"],
    "tags": ["canned-fods-soups-nodles", "soups"],
    "locations": {
      "vic": {
        "price": 2.7,
        "promoText": " ",
        "packageSize": "430g",
        "packagePrice": "$0.63 per 100G"
      }
    }
  },
  {
    "id": "continental-cup-a-soup-asian-red-thai-curry",
    "brand": "Continental",
    "name": "Cup A Soup Thai Red Curry 2 pack",
    "imageUrl": "https://shop.coles.com.au/wcsstore/Coles-CAS/images/9/1/9/9194846-th.jpg",
    "categories": ["pantry"],
    "tags": ["canned-fods-soups-nodles", "soups"],
    "locations": {
      "vic": {
        "price": 2,
        "promoText": " ",
        "packageSize": "60g",
        "packagePrice": "$3.33 per 100G"
      }
    }
  },
  {
    "id": "continental-cup-a-soup-creamy-potato-bacon-with-croutons",
    "brand": "Continental",
    "name": "Cup A Soup Creamy Potato & Bacon With Croutons 2 Pack",
    "imageUrl": "https://shop.coles.com.au/wcsstore/Coles-CAS/images/9/1/5/9151606-th.jpg",
    "categories": ["pantry"],
    "tags": ["canned-fods-soups-nodles", "soups"],
    "locations": {
      "vic": {
        "price": 2,
        "promoText": " ",
        "packageSize": "50g",
        "packagePrice": "$4.00 per 100G"
      }
    }
  },
  {
    "id": "continental-sensations-2s-soup-vne-tom-ricotta",
    "brand": "Continental Sensation",
    "name": "Vine Ripened Tomato & Ricotta Soup",
    "imageUrl": "https://shop.coles.com.au/wcsstore/Coles-CAS/images/3/7/1/3716188-th.jpg",
    "categories": ["pantry"],
    "tags": ["canned-fods-soups-nodles", "soups"],
    "locations": {
      "vic": {
        "price": 2,
        "promoText": "$0.50 ",
        "packageSize": "54g",
        "packagePrice": "$3.70 per 100G"
      }
    }
  },
  {
    "id": "hart-soul-soup-pouch-coconut-thai",
    "brand": "Hart & Soul",
    "name": "Gluten Free Thai Coconut Tom Kha Soup Pouch",
    "imageUrl": "https://shop.coles.com.au/wcsstore/ColesResponsiveStorefrontAssetStore/dist/ccfc54aed6e361b650bcf0582f7b576b/img/img_product-placeholder.png",
    "categories": ["pantry"],
    "tags": ["canned-fods-soups-nodles", "soups"],
    "locations": {
      "vic": {
        "price": 4,
        "promoText": " ",
        "packageSize": "400g",
        "packagePrice": "$1.00 per 100G"
      }
    }
  },
  {
    "id": "heinz-soup-for-one-creamy-tomato",
    "brand": "Heinz",
    "name": "Soup For One Creamy Tomato Can",
    "imageUrl": "https://shop.coles.com.au/wcsstore/Coles-CAS/images/7/9/7/7978233-th.jpg",
    "categories": ["pantry"],
    "tags": ["canned-fods-soups-nodles", "soups"],
    "locations": {
      "vic": {
        "price": 1.95,
        "promoText": " ",
        "packageSize": "300g",
        "packagePrice": "$0.65 per 100G"
      }
    }
  },
  {
    "id": "heinz-classic-soup-creamy-pumpkin",
    "brand": "Heinz",
    "name": "Classic Creamy Pumpkin Soup Can",
    "imageUrl": "https://shop.coles.com.au/wcsstore/Coles-CAS/images/7/9/7/7977128-th.jpg",
    "categories": ["pantry"],
    "tags": ["canned-fods-soups-nodles", "soups"],
    "locations": {
      "vic": {
        "price": 2.5,
        "promoText": "Was $3.49 on Jul 2017 ",
        "packageSize": "535g",
        "packagePrice": "$0.47 per 100G"
      }
    }
  },
  {
    "id": "mckenzies-lentils-french-style-green",
    "brand": "McKenzie's",
    "name": "French Style Black Lentils",
    "imageUrl": "https://shop.coles.com.au/wcsstore/Coles-CAS/images/6/2/8/6288116-th.jpg",
    "categories": ["pantry"],
    "tags": ["canned-fods-soups-nodles", "soups"],
    "locations": {
      "vic": {
        "price": 2.6,
        "promoText": "$0.70 ",
        "packageSize": "375g",
        "packagePrice": "$0.69 per 100G"
      }
    }
  },
  {
    "id": "mckenzies-split-peas-yellow",
    "brand": "McKenzie's",
    "name": "Split Yellow Peas",
    "imageUrl": "https://shop.coles.com.au/wcsstore/Coles-CAS/images/1/3/0/130017-th.jpg",
    "categories": ["pantry"],
    "tags": ["canned-fods-soups-nodles", "soups"],
    "locations": {
      "vic": {
        "price": 1.7,
        "promoText": " ",
        "packageSize": "500g",
        "packagePrice": "$0.34 per 100G"
      }
    }
  },
  {
    "id": "ajishima-miso-bean-soybean-soup-mix-2-pack",
    "brand": "Ajishima",
    "name": "Freeze Dried Miso Soup With Bean Curd",
    "imageUrl": "https://shop.coles.com.au/wcsstore/Coles-CAS/images/2/0/0/2005388-th.jpg",
    "categories": ["pantry"],
    "tags": ["canned-fods-soups-nodles", "soups"],
    "locations": {
      "vic": {
        "price": 1.8,
        "promoText": "$0.60 ",
        "packageSize": "12g",
        "packagePrice": "$1.50 per 10G"
      }
    }
  },
  {
    "id": "ajishima-instant-miso-soup-fried-tofu-2-pack",
    "brand": "Ajishima",
    "name": "Japanese Instant Miso Soup Fried Tofu 2 Pack",
    "imageUrl": "https://shop.coles.com.au/wcsstore/Coles-CAS/images/3/7/4/3741152-th.jpg",
    "categories": ["pantry"],
    "tags": ["canned-fods-soups-nodles", "soups"],
    "locations": {
      "vic": {
        "price": 1.8,
        "promoText": "$0.80 ",
        "packageSize": "12g",
        "packagePrice": "$15.00 per 100G"
      }
    }
  },
  {
    "id": "campbells-chunky-soup-chicken-roast-vegetable",
    "brand": "Campbell's",
    "name": "Chunky Chicken Roast Vegetable Soup Can",
    "imageUrl": "https://shop.coles.com.au/wcsstore/Coles-CAS/images/4/9/1/4915350-th.jpg",
    "categories": ["pantry"],
    "tags": ["canned-fods-soups-nodles", "soups"],
    "locations": {
      "vic": {
        "price": 1.75,
        "promoText": "$1.75 ",
        "packageSize": "505g",
        "packagePrice": "$0.35 per 100G"
      }
    }
  },
  {
    "id": "campbells-chunky-soup-hearty-irish-stew",
    "brand": "Campbell's",
    "name": "Chunky Soup Irish Stew Style",
    "imageUrl": "https://shop.coles.com.au/wcsstore/Coles-CAS/images/4/9/0/4905947-th.jpg",
    "categories": ["pantry"],
    "tags": ["canned-fods-soups-nodles", "soups"],
    "locations": {
      "vic": {
        "price": 1.75,
        "promoText": "$1.75 ",
        "packageSize": "505g",
        "packagePrice": "$0.35 per 100G"
      }
    }
  },
  {
    "id": "campbells-chunky-soup-pea-ham",
    "brand": "Campbell's",
    "name": "Chunky Pea & Ham Soup Can",
    "imageUrl": "https://shop.coles.com.au/wcsstore/Coles-CAS/images/4/9/0/4905448-th.jpg",
    "categories": ["pantry"],
    "tags": ["canned-fods-soups-nodles", "soups"],
    "locations": {
      "vic": {
        "price": 1.75,
        "promoText": "$1.75 ",
        "packageSize": "505g",
        "packagePrice": "$0.35 per 100G"
      }
    }
  },
  {
    "id": "campbells-condensed-soup-cream-of-asparagus",
    "brand": "Campbell's",
    "name": "Cream of Asparagus Condensed Soup Can",
    "imageUrl": "https://shop.coles.com.au/wcsstore/Coles-CAS/images/1/2/9/129062-th.jpg",
    "categories": ["pantry"],
    "tags": ["canned-fods-soups-nodles", "soups"],
    "locations": {
      "vic": {
        "price": 1,
        "promoText": "$0.80 ",
        "packageSize": "420g",
        "packagePrice": "$0.24 per 100G"
      }
    }
  },
  {
    "id": "coles-chicken-corn-soup-pouch",
    "brand": "Coles",
    "name": "Chicken & Corn Soup Pouch",
    "imageUrl": "https://shop.coles.com.au/wcsstore/Coles-CAS/images/2/2/5/2258419-th.jpg",
    "categories": ["pantry"],
    "tags": ["canned-fods-soups-nodles", "soups"],
    "locations": {
      "vic": {
        "price": 2.7,
        "promoText": " ",
        "packageSize": "430g",
        "packagePrice": "$0.63 per 100mL"
      }
    }
  },
  {
    "id": "coles-pouch-soup-coconut-lentil",
    "brand": "Coles",
    "name": "Pouch Soup Coconut Lentil",
    "imageUrl": "https://shop.coles.com.au/wcsstore/Coles-CAS/images/3/2/7/3272030-th.jpg",
    "categories": ["pantry"],
    "tags": ["canned-fods-soups-nodles", "soups"],
    "locations": {
      "vic": {
        "price": 2.7,
        "promoText": " ",
        "packageSize": "430g",
        "packagePrice": "$0.63 per 100G"
      }
    }
  },
  {
    "id": "continental-cup-a-soup-chicken-noodle",
    "brand": "Continental",
    "name": "Cup A Soup Chicken Noodle 4 pack",
    "imageUrl": "https://shop.coles.com.au/wcsstore/Coles-CAS/images/1/2/9/129696-th.jpg",
    "categories": ["pantry"],
    "tags": ["canned-fods-soups-nodles", "soups"],
    "locations": {
      "vic": {
        "price": 2,
        "promoText": " ",
        "packageSize": "40g",
        "packagePrice": "$5.00 per 100G"
      }
    }
  },
  {
    "id": "continental-homestyle-chicken-cup-a-soup-2-pack",
    "brand": "Continental",
    "name": "Cup A Soup Homestyle Chicken 2 pack",
    "imageUrl": "https://shop.coles.com.au/wcsstore/Coles-CAS/images/2/6/6/2667622-th.jpg",
    "categories": ["pantry"],
    "tags": ["canned-fods-soups-nodles", "soups"],
    "locations": {
      "vic": {
        "price": 2,
        "promoText": " ",
        "packageSize": "46g",
        "packagePrice": "$4.35 per 100G"
      }
    }
  },
  {
    "id": "heinz-soup-of-the-day-soup-old-fashioned-chicken",
    "brand": "Heinz",
    "name": "Soup of The Day Old Fashioned Chicken Pouch",
    "imageUrl": "https://shop.coles.com.au/wcsstore/Coles-CAS/images/1/1/6/1163725-th.jpg",
    "categories": ["pantry"],
    "tags": ["canned-fods-soups-nodles", "soups"],
    "locations": {
      "vic": {
        "price": 3,
        "promoText": "Was $3.89 on Jul 2017 ",
        "packageSize": "430g",
        "packagePrice": "$0.70 per 100G"
      }
    }
  },
  {
    "id": "la-zuppa-chicken-noodle-microwave-soup-bowl",
    "brand": "La Zuppa",
    "name": "Chicken Noodle Microwave Soup Bowl",
    "imageUrl": "https://shop.coles.com.au/wcsstore/Coles-CAS/images/1/7/2/1727445-th.jpg",
    "categories": ["pantry"],
    "tags": ["canned-fods-soups-nodles", "soups"],
    "locations": {
      "vic": {
        "price": 3.5,
        "promoText": "Was $3.90 on Apr 2018 ",
        "packageSize": "420g",
        "packagePrice": "$0.83 per 100G"
      }
    }
  },
  {
    "id": "mckenzies-soup-mix-130028p",
    "brand": "McKenzie's",
    "name": "Soup Mix",
    "imageUrl": "https://shop.coles.com.au/wcsstore/Coles-CAS/images/1/3/0/130028-th.jpg",
    "categories": ["pantry"],
    "tags": ["canned-fods-soups-nodles", "soups"],
    "locations": {
      "vic": {
        "price": 1.7,
        "promoText": " ",
        "packageSize": "500g",
        "packagePrice": "$0.34 per 100G"
      }
    }
  },
  {
    "id": "mckenzies-soup-mix-italian-style",
    "brand": "McKenzie's",
    "name": "Italian Style Soup Mix",
    "imageUrl": "https://shop.coles.com.au/wcsstore/Coles-CAS/images/1/3/0/130072-th.jpg",
    "categories": ["pantry"],
    "tags": ["canned-fods-soups-nodles", "soups"],
    "locations": {
      "vic": {
        "price": 1.8,
        "promoText": "$0.50 ",
        "packageSize": "375g",
        "packagePrice": "$0.48 per 100G"
      }
    }
  },
  {
    "id": "well-yes-hearty-lentil-vegetable-soup",
    "brand": "Well Yes",
    "name": "Hearty Lentil With Vegetable Soup",
    "imageUrl": "https://shop.coles.com.au/wcsstore/Coles-CAS/images/3/4/1/3414167-th.jpg",
    "categories": ["pantry"],
    "tags": ["canned-fods-soups-nodles", "soups"],
    "locations": {
      "vic": {
        "price": 1.75,
        "promoText": "$1.75 ",
        "packageSize": "463g",
        "packagePrice": "$0.38 per 100G"
      }
    }
  },
  {
    "id": "campbells-country-ladle-soup-chicken-noodle",
    "brand": "Campbell's",
    "name": "Country Ladle Chicken Noodle Soup Can",
    "imageUrl": "https://shop.coles.com.au/wcsstore/Coles-CAS/images/8/0/2/8027044-th.jpg",
    "categories": ["pantry"],
    "tags": ["canned-fods-soups-nodles", "soups"],
    "locations": {
      "vic": {
        "price": 1.75,
        "promoText": "$1.75 ",
        "packageSize": "500g",
        "packagePrice": "$0.35 per 100G"
      }
    }
  },
  {
    "id": "campbells-chunky-soup-stockpot",
    "brand": "Campbell's",
    "name": "Chunky Soup Stockpot",
    "imageUrl": "https://shop.coles.com.au/wcsstore/Coles-CAS/images/4/9/1/4915372-th.jpg",
    "categories": ["pantry"],
    "tags": ["canned-fods-soups-nodles", "soups"],
    "locations": {
      "vic": {
        "price": 1.75,
        "promoText": "$1.75 ",
        "packageSize": "505g",
        "packagePrice": "$0.35 per 100G"
      }
    }
  },
  {
    "id": "coles-beef-vegetable-soup-pouch",
    "brand": "Coles",
    "name": "Beef & Vegetable Soup Pouch",
    "imageUrl": "https://shop.coles.com.au/wcsstore/Coles-CAS/images/2/2/5/2258420-th.jpg",
    "categories": ["pantry"],
    "tags": ["canned-fods-soups-nodles", "soups"],
    "locations": {
      "vic": {
        "price": 2.7,
        "promoText": " ",
        "packageSize": "430g",
        "packagePrice": "$0.63 per 100mL"
      }
    }
  },
  {
    "id": "coles-pouch-soup",
    "brand": "Coles",
    "name": "Minestrone Soup with Quinoa",
    "imageUrl": "https://shop.coles.com.au/wcsstore/Coles-CAS/images/3/2/7/3272164-th.jpg",
    "categories": ["pantry"],
    "tags": ["canned-fods-soups-nodles", "soups"],
    "locations": {
      "vic": {
        "price": 2.7,
        "promoText": " ",
        "packageSize": "430g",
        "packagePrice": "$0.63 per 100G"
      }
    }
  },
  {
    "id": "coles-pouch-soup-laksa-with-noodles",
    "brand": "Coles",
    "name": "Laksa Soup with Konjac Noodles",
    "imageUrl": "https://shop.coles.com.au/wcsstore/Coles-CAS/images/3/2/7/3272040-th.jpg",
    "categories": ["pantry"],
    "tags": ["canned-fods-soups-nodles", "soups"],
    "locations": {
      "vic": {
        "price": 2.7,
        "promoText": " ",
        "packageSize": "430g",
        "packagePrice": "$0.63 per 100G"
      }
    }
  },
  {
    "id": "continental-cup-a-soup-soup-hearty-dutch-curry",
    "brand": "Continental",
    "name": "Cup A Soup Dutch Curry with Rice 2 pack",
    "imageUrl": "https://shop.coles.com.au/wcsstore/Coles-CAS/images/5/7/0/5706050-th.jpg",
    "categories": ["pantry"],
    "tags": ["canned-fods-soups-nodles", "soups"],
    "locations": {
      "vic": {
        "price": 2,
        "promoText": " ",
        "packageSize": "55g",
        "packagePrice": "$3.64 per 100G"
      }
    }
  },
  {
    "id": "continental-sensations-2s-soup-chesy-broc-potato",
    "brand": "Continental Sensation",
    "name": "Cheesy Broccoli & Potato Soup",
    "imageUrl": "https://shop.coles.com.au/wcsstore/Coles-CAS/images/3/7/1/3716224-th.jpg",
    "categories": ["pantry"],
    "tags": ["canned-fods-soups-nodles", "soups"],
    "locations": {
      "vic": {
        "price": 2,
        "promoText": "$0.50 ",
        "packageSize": "56g",
        "packagePrice": "$3.57 per 100G"
      }
    }
  },
  {
    "id": "continental-sensations-2s-soup-crmy-roast-chkn-oni",
    "brand": "Continental Sensation",
    "name": "Creamy Roast Chicken Spring Onion Soup",
    "imageUrl": "https://shop.coles.com.au/wcsstore/Coles-CAS/images/3/7/1/3716202-th.jpg",
    "categories": ["pantry"],
    "tags": ["canned-fods-soups-nodles", "soups"],
    "locations": {
      "vic": {
        "price": 2,
        "promoText": "$0.50 ",
        "packageSize": "61g",
        "packagePrice": "$3.28 per 100G"
      }
    }
  },
  {
    "id": "continental-sensations-2s-soup-gdn-cauli-4-chese",
    "brand": "Continental Sensation",
    "name": "Garden Cauliflower & 4 Cheese Soup",
    "imageUrl": "https://shop.coles.com.au/wcsstore/Coles-CAS/images/3/7/1/3716199-th.jpg",
    "categories": ["pantry"],
    "tags": ["canned-fods-soups-nodles", "soups"],
    "locations": {
      "vic": {
        "price": 2,
        "promoText": "$0.50 ",
        "packageSize": "62g",
        "packagePrice": "$3.23 per 100G"
      }
    }
  },
  {
    "id": "continental-sensations-2s-soup-har-pumpkin-sour-cfm",
    "brand": "Continental Sensation",
    "name": "Harvest Pumpkin & Sour Cream Soup",
    "imageUrl": "https://shop.coles.com.au/wcsstore/Coles-CAS/images/3/7/1/3716213-th.jpg",
    "categories": ["pantry"],
    "tags": ["canned-fods-soups-nodles", "soups"],
    "locations": {
      "vic": {
        "price": 2,
        "promoText": "$0.50 ",
        "packageSize": "70g",
        "packagePrice": "$2.86 per 100G"
      }
    }
  },
  {
    "id": "hikari-soup-wakame-instant-miso",
    "brand": "Hikari",
    "name": "Wakame Instant Miso Soup 12 pack",
    "imageUrl": "https://shop.coles.com.au/wcsstore/Coles-CAS/images/5/9/8/5983040-th.jpg",
    "categories": ["pantry"],
    "tags": ["canned-fods-soups-nodles", "soups"],
    "locations": {
      "vic": {
        "price": 3,
        "promoText": "$0.80 ",
        "packageSize": "216g",
        "packagePrice": "$1.39 per 100G"
      }
    }
  },
  {
    "id": "la-zuppa-soup-minestrone",
    "brand": "La Zuppa",
    "name": "Minestrone Microwavable Soup Bowl",
    "imageUrl": "https://shop.coles.com.au/wcsstore/Coles-CAS/images/6/2/9/6299520-th.jpg",
    "categories": ["pantry"],
    "tags": ["canned-fods-soups-nodles", "soups"],
    "locations": {
      "vic": {
        "price": 3.5,
        "promoText": "Was $3.90 on Apr 2018 ",
        "packageSize": "420g",
        "packagePrice": "$0.83 per 100G"
      }
    }
  },
  {
    "id": "la-zuppa-soup-pouches-chicken-tuscan-veg-rice",
    "brand": "La Zuppa",
    "name": "Tuscan Chicken & Vegetables With Rice Soup Pouch",
    "imageUrl": "https://shop.coles.com.au/wcsstore/Coles-CAS/images/1/1/6/1163317-th.jpg",
    "categories": ["pantry"],
    "tags": ["canned-fods-soups-nodles", "soups"],
    "locations": {
      "vic": {
        "price": 3.5,
        "promoText": "$0.90 ",
        "packageSize": "540g",
        "packagePrice": "$0.65 per 100G"
      }
    }
  },
  {
    "id": "la-zuppa-creamy-chicken-vegetable-soup-pouch",
    "brand": "La Zuppa",
    "name": "Creamy Chicken & Vegetable Soup Pouch",
    "imageUrl": "https://shop.coles.com.au/wcsstore/Coles-CAS/images/1/7/2/1727570-th.jpg",
    "categories": ["pantry"],
    "tags": ["canned-fods-soups-nodles", "soups"],
    "locations": {
      "vic": {
        "price": 3.5,
        "promoText": "$0.90 ",
        "packageSize": "540g",
        "packagePrice": "$0.65 per 100G"
      }
    }
  },
  {
    "id": "well-yes-roasted-chicken-with-wild-rice-soup",
    "brand": "Well Yes",
    "name": "Roasted Chicken With Wild Rice Soup",
    "imageUrl": "https://shop.coles.com.au/wcsstore/Coles-CAS/images/3/4/1/3414156-th.jpg",
    "categories": ["pantry"],
    "tags": ["canned-fods-soups-nodles", "soups"],
    "locations": {
      "vic": {
        "price": 1.75,
        "promoText": "$1.75 ",
        "packageSize": "463g",
        "packagePrice": "$0.38 per 100G"
      }
    }
  },
  {
    "id": "amys-kitchen-organic-tomato-soup-canned",
    "brand": "Amy's Kitchen",
    "name": "Organic Tomato Soup Canned",
    "imageUrl": "https://shop.coles.com.au/wcsstore/Coles-CAS/images/2/3/0/2303411-th.jpg",
    "categories": ["pantry"],
    "tags": ["canned-fods-soups-nodles", "soups"],
    "locations": {
      "vic": {
        "price": 3.9,
        "promoText": " ",
        "packageSize": "411g",
        "packagePrice": "$0.95 per 100G"
      }
    }
  },
  {
    "id": "amys-kitchen-organic-lentil-vegetable-soup-canned",
    "brand": "Amy's Kitchen",
    "name": "Organic Lentil & Vegetable Soup Canned",
    "imageUrl": "https://shop.coles.com.au/wcsstore/Coles-CAS/images/2/3/0/2303400-th.jpg",
    "categories": ["pantry"],
    "tags": ["canned-fods-soups-nodles", "soups"],
    "locations": {
      "vic": {
        "price": 3.9,
        "promoText": " ",
        "packageSize": "411g",
        "packagePrice": "$0.95 per 100G"
      }
    }
  },
  {
    "id": "amys-kitchen-organic-vegetable-barley-soup",
    "brand": "Amy's Kitchen",
    "name": "Organic Vegetable Barley Soup",
    "imageUrl": "https://shop.coles.com.au/wcsstore/Coles-CAS/images/3/1/6/3162665-th.jpg",
    "categories": ["pantry"],
    "tags": ["canned-fods-soups-nodles", "soups"],
    "locations": {
      "vic": {
        "price": 3.9,
        "promoText": " ",
        "packageSize": "400g",
        "packagePrice": "$0.98 per 100G"
      }
    }
  },
  {
    "id": "campbells-condensed-soup-chicken-noodle",
    "brand": "Campbell's",
    "name": "Chicken Noodle Condensed Soup Can",
    "imageUrl": "https://shop.coles.com.au/wcsstore/Coles-CAS/images/5/8/7/5874929-th.jpg",
    "categories": ["pantry"],
    "tags": ["canned-fods-soups-nodles", "soups"],
    "locations": {
      "vic": {
        "price": 1,
        "promoText": "$0.80 ",
        "packageSize": "400g",
        "packagePrice": "$0.25 per 100G"
      }
    }
  },
  {
    "id": "campbells-chunky-soup-chicken-korma",
    "brand": "Campbell's",
    "name": "Chunky Soup Chicken Korma",
    "imageUrl": "https://shop.coles.com.au/wcsstore/Coles-CAS/images/3/7/1/3714670-th.jpg",
    "categories": ["pantry"],
    "tags": ["canned-fods-soups-nodles", "soups"],
    "locations": {
      "vic": {
        "price": 1.75,
        "promoText": "$1.75 ",
        "packageSize": "505g",
        "packagePrice": "$0.35 per 100G"
      }
    }
  },
  {
    "id": "coles-creamy-pumpkin-soup-pouch",
    "brand": "Coles",
    "name": "Creamy Pumpkin Soup Pouch",
    "imageUrl": "https://shop.coles.com.au/wcsstore/Coles-CAS/images/2/2/5/2258340-th.jpg",
    "categories": ["pantry"],
    "tags": ["canned-fods-soups-nodles", "soups"],
    "locations": {
      "vic": {
        "price": 2.7,
        "promoText": " ",
        "packageSize": "430g",
        "packagePrice": "$0.63 per 100mL"
      }
    }
  },
  {
    "id": "coles-chinese-chicken-corn-soup",
    "brand": "Coles",
    "name": "Chinese Chicken & Corn Soup Pouch",
    "imageUrl": "https://shop.coles.com.au/wcsstore/Coles-CAS/images/3/7/0/3705159-th.jpg",
    "categories": ["pantry"],
    "tags": ["canned-fods-soups-nodles", "soups"],
    "locations": {
      "vic": {
        "price": 2.7,
        "promoText": " ",
        "packageSize": "430g",
        "packagePrice": "$0.63 per 100G"
      }
    }
  },
  {
    "id": "coles-pulled-lamb-pearl-barley-lentil-soup",
    "brand": "Coles",
    "name": "Pulled Lamb Pearl Barley & Lentil Soup Pouch",
    "imageUrl": "https://shop.coles.com.au/wcsstore/Coles-CAS/images/3/7/0/3704972-th.jpg",
    "categories": ["pantry"],
    "tags": ["canned-fods-soups-nodles", "soups"],
    "locations": {
      "vic": {
        "price": 2.7,
        "promoText": " ",
        "packageSize": "430g",
        "packagePrice": "$0.63 per 100G"
      }
    }
  },
  {
    "id": "coles-2-serve-soup-tom-yum-with-nodles",
    "brand": "Coles",
    "name": "Tom Yum With Noodles Soup",
    "imageUrl": "https://shop.coles.com.au/wcsstore/Coles-CAS/images/3/7/1/3715094-th.jpg",
    "categories": ["pantry"],
    "tags": ["canned-fods-soups-nodles", "soups"],
    "locations": {
      "vic": {
        "price": 1,
        "promoText": " ",
        "packageSize": "60g",
        "packagePrice": "$1.67 per 100G"
      }
    }
  },
  {
    "id": "coles-2-serve-soup-miso-w-nodles",
    "brand": "Coles",
    "name": "Miso With Noodles Soup",
    "imageUrl": "https://shop.coles.com.au/wcsstore/Coles-CAS/images/3/7/1/3715061-th.jpg",
    "categories": ["pantry"],
    "tags": ["canned-fods-soups-nodles", "soups"],
    "locations": {
      "vic": {
        "price": 1,
        "promoText": " ",
        "packageSize": "60g",
        "packagePrice": "$1.67 per 100G"
      }
    }
  },
  {
    "id": "coles-2-serve-soup-chicken-pho-w-nodles",
    "brand": "Coles",
    "name": "Chicken Pho W Noodles",
    "imageUrl": "https://shop.coles.com.au/wcsstore/Coles-CAS/images/3/7/1/3715083-th.jpg",
    "categories": ["pantry"],
    "tags": ["canned-fods-soups-nodles", "soups"],
    "locations": {
      "vic": {
        "price": 1,
        "promoText": " ",
        "packageSize": "60g",
        "packagePrice": "$1.67 per 100G"
      }
    }
  },
  {
    "id": "coles-2-serve-soup-bef-w-nodles",
    "brand": "Coles",
    "name": "Beef With Noodles Soup",
    "imageUrl": "https://shop.coles.com.au/wcsstore/Coles-CAS/images/3/7/1/3714820-th.jpg",
    "categories": ["pantry"],
    "tags": ["canned-fods-soups-nodles", "soups"],
    "locations": {
      "vic": {
        "price": 1,
        "promoText": " ",
        "packageSize": "60g",
        "packagePrice": "$1.67 per 100G"
      }
    }
  },
  {
    "id": "coles-2-serve-soup-creamy-chicken-w-croutons",
    "brand": "Coles",
    "name": "Creamy Chicken With Croutons Soup",
    "imageUrl": "https://shop.coles.com.au/wcsstore/Coles-CAS/images/3/7/1/3714648-th.jpg",
    "categories": ["pantry"],
    "tags": ["canned-fods-soups-nodles", "soups"],
    "locations": {
      "vic": {
        "price": 1,
        "promoText": " ",
        "packageSize": "60g",
        "packagePrice": "$1.67 per 100G"
      }
    }
  },
  {
    "id": "continental-instant-soup-french-onion-salt-reduced",
    "brand": "Continental",
    "name": "Simmer Soup French Onion Salt Reduced 4 Serves",
    "imageUrl": "https://shop.coles.com.au/wcsstore/Coles-CAS/images/1/0/5/105280-th.jpg",
    "categories": ["pantry"],
    "tags": ["canned-fods-soups-nodles", "soups"],
    "locations": {
      "vic": {
        "price": 1,
        "promoText": " ",
        "packageSize": "35g",
        "packagePrice": "$2.86 per 100G"
      }
    }
  },
  {
    "id": "continental-cup-a-soup-cream-of-chicken",
    "brand": "Continental",
    "name": "Cup A Soup Cream of Chicken 4 pack",
    "imageUrl": "https://shop.coles.com.au/wcsstore/Coles-CAS/images/1/2/9/129674-th.jpg",
    "categories": ["pantry"],
    "tags": ["canned-fods-soups-nodles", "soups"],
    "locations": {
      "vic": {
        "price": 2,
        "promoText": " ",
        "packageSize": "75g",
        "packagePrice": "$2.67 per 100G"
      }
    }
  },
  {
    "id": "continental-cup-a-soup-hearty-beef",
    "brand": "Continental",
    "name": "Cup A Soup Hearty Beef 4 pack",
    "imageUrl": "https://shop.coles.com.au/wcsstore/Coles-CAS/images/1/2/9/129685-th.jpg",
    "categories": ["pantry"],
    "tags": ["canned-fods-soups-nodles", "soups"],
    "locations": {
      "vic": {
        "price": 2,
        "promoText": " ",
        "packageSize": "55g",
        "packagePrice": "$3.64 per 100G"
      }
    }
  },
  {
    "id": "continental-nutrish-soup-3715571p",
    "brand": "Continental",
    "name": "Nutrish Soup Smashin Pumpkin",
    "imageUrl": "https://shop.coles.com.au/wcsstore/Coles-CAS/images/3/7/1/3715571-th.jpg",
    "categories": ["pantry"],
    "tags": ["canned-fods-soups-nodles", "soups"],
    "locations": {
      "vic": {
        "price": 2,
        "promoText": " ",
        "packageSize": "33g",
        "packagePrice": "$0.61 per 10G"
      }
    }
  },
  {
    "id": "continental-nutrish-soup-3715550p",
    "brand": "Continental",
    "name": "Nutrish Soup Feeling Clucky",
    "imageUrl": "https://shop.coles.com.au/wcsstore/Coles-CAS/images/3/7/1/3715550-th.jpg",
    "categories": ["pantry"],
    "tags": ["canned-fods-soups-nodles", "soups"],
    "locations": {
      "vic": {
        "price": 2,
        "promoText": " ",
        "packageSize": "33g",
        "packagePrice": "$0.61 per 10G"
      }
    }
  },
  {
    "id": "continental-nutrish-soup-3715538p",
    "brand": "Continental",
    "name": "Nutrish Soup On The Pulse",
    "imageUrl": "https://shop.coles.com.au/wcsstore/Coles-CAS/images/3/7/1/3715538-th.jpg",
    "categories": ["pantry"],
    "tags": ["canned-fods-soups-nodles", "soups"],
    "locations": {
      "vic": {
        "price": 2,
        "promoText": " ",
        "packageSize": "30g",
        "packagePrice": "$0.67 per 10G"
      }
    }
  },
  {
    "id": "continental-nutrish-soup-peas-be-mine",
    "brand": "Continental",
    "name": "Nutrish Soup Peas Be Mine",
    "imageUrl": "https://shop.coles.com.au/wcsstore/Coles-CAS/images/3/7/1/3715527-th.jpg",
    "categories": ["pantry"],
    "tags": ["canned-fods-soups-nodles", "soups"],
    "locations": {
      "vic": {
        "price": 2,
        "promoText": " ",
        "packageSize": "30g",
        "packagePrice": "$0.67 per 10G"
      }
    }
  },
  {
    "id": "continental-sensations-2s-soup-thai-pumpkin-coco",
    "brand": "Continental Sensation",
    "name": "Thai Pumpkin Coconut Soup",
    "imageUrl": "https://shop.coles.com.au/wcsstore/Coles-CAS/images/3/7/1/3716166-th.jpg",
    "categories": ["pantry"],
    "tags": ["canned-fods-soups-nodles", "soups"],
    "locations": {
      "vic": {
        "price": 2,
        "promoText": "$0.50 ",
        "packageSize": "62g",
        "packagePrice": "$3.23 per 100G"
      }
    }
  },
  {
    "id": "heinz-condensed-soup-tomato",
    "brand": "Heinz",
    "name": "Big Red Tomato Soup Can",
    "imageUrl": "https://shop.coles.com.au/wcsstore/Coles-CAS/images/8/4/1/8416240-th.jpg",
    "categories": ["pantry"],
    "tags": ["canned-fods-soups-nodles", "soups"],
    "locations": {
      "vic": {
        "price": 3.65,
        "promoText": " ",
        "packageSize": "820g",
        "packagePrice": "$0.45 per 100G"
      }
    }
  },
  {
    "id": "heinz-condensed-soup-big-red-tomato-salt-reduced",
    "brand": "Heinz",
    "name": "Big Red Tomato Soup Can Salt Reduced",
    "imageUrl": "https://shop.coles.com.au/wcsstore/Coles-CAS/images/4/6/0/460441-th.jpg",
    "categories": ["pantry"],
    "tags": ["canned-fods-soups-nodles", "soups"],
    "locations": {
      "vic": {
        "price": 2.2,
        "promoText": "Any 2 $3",
        "packageSize": "420g",
        "packagePrice": "$0.52 per 100G"
      }
    }
  },
  {
    "id": "la-zuppa-soup-hearty-chicken-vegetable-with-rice",
    "brand": "La Zuppa",
    "name": "Hearty Chicken & Vegetable with Rice Soup Bowl",
    "imageUrl": "https://shop.coles.com.au/wcsstore/Coles-CAS/images/8/0/2/8026370-th.jpg",
    "categories": ["pantry"],
    "tags": ["canned-fods-soups-nodles", "soups"],
    "locations": {
      "vic": {
        "price": 3.5,
        "promoText": "Was $3.90 on Apr 2018 ",
        "packageSize": "420g",
        "packagePrice": "$0.83 per 100G"
      }
    }
  },
  {
    "id": "la-zuppa-soup-pumpkin",
    "brand": "La Zuppa",
    "name": "Pumpkin Microwavable Soup Bowl",
    "imageUrl": "https://shop.coles.com.au/wcsstore/Coles-CAS/images/6/2/9/6299542-th.jpg",
    "categories": ["pantry"],
    "tags": ["canned-fods-soups-nodles", "soups"],
    "locations": {
      "vic": {
        "price": 3.5,
        "promoText": "Was $3.90 on Apr 2018 ",
        "packageSize": "420g",
        "packagePrice": "$0.83 per 100G"
      }
    }
  },
  {
    "id": "mckenzies-yellow-lentils",
    "brand": "McKenzie's",
    "name": "Yellow Lentils",
    "imageUrl": "https://shop.coles.com.au/wcsstore/Coles-CAS/images/2/2/9/2292279-th.jpg",
    "categories": ["pantry"],
    "tags": ["canned-fods-soups-nodles", "soups"],
    "locations": {
      "vic": {
        "price": 1.7,
        "promoText": "$0.45 ",
        "packageSize": "375g",
        "packagePrice": "$0.45 per 100G"
      }
    }
  },
  {
    "id": "mckenzies-dried-black-beans",
    "brand": "McKenzie's",
    "name": "Dried Black Beans",
    "imageUrl": "https://shop.coles.com.au/wcsstore/Coles-CAS/images/2/2/9/2292315-th.jpg",
    "categories": ["pantry"],
    "tags": ["canned-fods-soups-nodles", "soups"],
    "locations": {
      "vic": {
        "price": 2,
        "promoText": "$0.25 ",
        "packageSize": "375g",
        "packagePrice": "$0.53 per 100G"
      }
    }
  },
  {
    "id": "mckenzies--super-blend-soup-mix",
    "brand": "McKenzie's",
    "name": "Super Blend Soup Mix",
    "imageUrl": "https://shop.coles.com.au/wcsstore/Coles-CAS/images/2/6/6/2668319-th.jpg",
    "categories": ["pantry"],
    "tags": ["canned-fods-soups-nodles", "soups"],
    "locations": {
      "vic": {
        "price": 3.95,
        "promoText": " ",
        "packageSize": "350g",
        "packagePrice": "$1.13 per 100G"
      }
    }
  },
  {
    "id": "mckenzies-green-lentil",
    "brand": "Mckenzie's",
    "name": "Whole Green Lentils",
    "imageUrl": "https://shop.coles.com.au/wcsstore/Coles-CAS/images/3/4/6/3465667-th.jpg",
    "categories": ["pantry"],
    "tags": ["canned-fods-soups-nodles", "soups"],
    "locations": {
      "vic": {
        "price": 4.4,
        "promoText": " ",
        "packageSize": "1kg",
        "packagePrice": "$4.40 per 1Kg"
      }
    }
  },
  {
    "id": "well-yes-chicken-noodle-soup",
    "brand": "Well Yes",
    "name": "Chicken Noodle Soup",
    "imageUrl": "https://shop.coles.com.au/wcsstore/Coles-CAS/images/3/4/1/3414123-th.jpg",
    "categories": ["pantry"],
    "tags": ["canned-fods-soups-nodles", "soups"],
    "locations": {
      "vic": {
        "price": 1.75,
        "promoText": "$1.75 ",
        "packageSize": "458g",
        "packagePrice": "$0.38 per 100G"
      }
    }
  },
  {
    "id": "campbells-condensed-soup-cream-of-chicken-corn",
    "brand": "Campbell's",
    "name": "Cream of Chicken & Corn Condensed Soup Can",
    "imageUrl": "https://shop.coles.com.au/wcsstore/Coles-CAS/images/2/9/8/298263-th.jpg",
    "categories": ["pantry"],
    "tags": ["canned-fods-soups-nodles", "soups"],
    "locations": {
      "vic": {
        "price": 1,
        "promoText": "$0.80 ",
        "packageSize": "420g",
        "packagePrice": "$0.24 per 100G"
      }
    }
  },
  {
    "id": "well-yes-minestrone-with-kale-soup",
    "brand": "Campbell's",
    "name": "Well Yes Minestrone With Kale Soup",
    "imageUrl": "https://shop.coles.com.au/wcsstore/Coles-CAS/images/3/4/1/3414190-th.jpg",
    "categories": ["pantry"],
    "tags": ["canned-fods-soups-nodles", "soups"],
    "locations": {
      "vic": {
        "price": 1.75,
        "promoText": "$1.75 ",
        "packageSize": "458g",
        "packagePrice": "$0.38 per 100G"
      }
    }
  },
  {
    "id": "coles-brand-soup-condensed-tomato",
    "brand": "Coles",
    "name": "Condensed Tomato Soup Can",
    "imageUrl": "https://shop.coles.com.au/wcsstore/Coles-CAS/images/7/3/9/7390413-th.jpg",
    "categories": ["pantry"],
    "tags": ["canned-fods-soups-nodles", "soups"],
    "locations": {
      "vic": {
        "price": 0.8,
        "promoText": " ",
        "packageSize": "420g",
        "packagePrice": "$0.19 per 100G"
      }
    }
  },
  {
    "id": "coles-2-serve-soup-crm-mushroom-w-crout",
    "brand": "Coles",
    "name": "Creamy Mushroom With Croutons",
    "imageUrl": "https://shop.coles.com.au/wcsstore/Coles-CAS/images/2/8/9/2894544-th.jpg",
    "categories": ["pantry"],
    "tags": ["canned-fods-soups-nodles", "soups"],
    "locations": {
      "vic": {
        "price": 1,
        "promoText": " ",
        "packageSize": "60g",
        "packagePrice": "$16.67 per 1Kg"
      }
    }
  },
  {
    "id": "coles-2-serve-soup-rst-chick-noodle",
    "brand": "Coles",
    "name": "Roast Chicken With Noodles",
    "imageUrl": "https://shop.coles.com.au/wcsstore/Coles-CAS/images/2/8/9/2894566-th.jpg",
    "categories": ["pantry"],
    "tags": ["canned-fods-soups-nodles", "soups"],
    "locations": {
      "vic": {
        "price": 1,
        "promoText": " ",
        "packageSize": "75g",
        "packagePrice": "$13.34 per 1Kg"
      }
    }
  },
  {
    "id": "coles-2-serve-soup-cheesy-cauliflower",
    "brand": "Coles",
    "name": "Cheesy Cauliflower With Croutons Soup",
    "imageUrl": "https://shop.coles.com.au/wcsstore/Coles-CAS/images/3/4/6/3465383-th.jpg",
    "categories": ["pantry"],
    "tags": ["canned-fods-soups-nodles", "soups"],
    "locations": {
      "vic": {
        "price": 1,
        "promoText": " ",
        "packageSize": "60g",
        "packagePrice": "$1.67 per 100G"
      }
    }
  },
  {
    "id": "coles-bombay-style-cauliflower-soup",
    "brand": "Coles",
    "name": "Bombay Style Cauliflower Soup Pouch",
    "imageUrl": "https://shop.coles.com.au/wcsstore/Coles-CAS/images/3/7/0/3704859-th.jpg",
    "categories": ["pantry"],
    "tags": ["canned-fods-soups-nodles", "soups"],
    "locations": {
      "vic": {
        "price": 2.7,
        "promoText": " ",
        "packageSize": "430g",
        "packagePrice": "$0.63 per 100G"
      }
    }
  },
  {
    "id": "coles-2-serve-soup-pea-ham-w-croutons",
    "brand": "Coles",
    "name": "Pea Ham With  Croutons Soup",
    "imageUrl": "https://shop.coles.com.au/wcsstore/Coles-CAS/images/3/7/1/3714998-th.jpg",
    "categories": ["pantry"],
    "tags": ["canned-fods-soups-nodles", "soups"],
    "locations": {
      "vic": {
        "price": 1,
        "promoText": " ",
        "packageSize": "60g",
        "packagePrice": "$1.67 per 100G"
      }
    }
  },
  {
    "id": "continental-instant-soup-spring-vegetable",
    "brand": "Continental",
    "name": "Simmer Soup Spring Vegetable 4 Serves",
    "imageUrl": "https://shop.coles.com.au/wcsstore/Coles-CAS/images/1/2/9/129437-th.jpg",
    "categories": ["pantry"],
    "tags": ["canned-fods-soups-nodles", "soups"],
    "locations": {
      "vic": {
        "price": 1.4,
        "promoText": " ",
        "packageSize": "30g",
        "packagePrice": "$4.67 per 100G"
      }
    }
  },
  {
    "id": "continental-sensation-2s-soup-potato-pump-onion",
    "brand": "Continental Sensation",
    "name": "Sweet Potato Pumpkin & Caramelised Onion Soup",
    "imageUrl": "https://shop.coles.com.au/wcsstore/Coles-CAS/images/3/7/1/3716235-th.jpg",
    "categories": ["pantry"],
    "tags": ["canned-fods-soups-nodles", "soups"],
    "locations": {
      "vic": {
        "price": 2,
        "promoText": "$0.50 ",
        "packageSize": "63g",
        "packagePrice": "$3.17 per 100G"
      }
    }
  },
  {
    "id": "continental-sensations-2s-soup-mushrom-bacon",
    "brand": "Continental Sensation",
    "name": "Mushroom Bacon Soup",
    "imageUrl": "https://shop.coles.com.au/wcsstore/Coles-CAS/images/3/7/1/3716155-th.jpg",
    "categories": ["pantry"],
    "tags": ["canned-fods-soups-nodles", "soups"],
    "locations": {
      "vic": {
        "price": 2,
        "promoText": "$0.50 ",
        "packageSize": "48g",
        "packagePrice": "$4.17 per 100G"
      }
    }
  },
  {
    "id": "hart-soul-chicken-noodle-soup",
    "brand": "Hart & Soul",
    "name": "Gluten Free Chicken Noodle Soup",
    "imageUrl": "https://shop.coles.com.au/wcsstore/Coles-CAS/images/3/3/9/3399471-th.jpg",
    "categories": ["pantry"],
    "tags": ["canned-fods-soups-nodles", "soups"],
    "locations": {
      "vic": {
        "price": 4,
        "promoText": " ",
        "packageSize": "155g",
        "packagePrice": "$2.58 per 100G"
      }
    }
  },
  {
    "id": "hart-soul-pho-noodle-soup",
    "brand": "Hart & Soul",
    "name": "Gluten Free All Natural Beef Pho Noodle Soup",
    "imageUrl": "https://shop.coles.com.au/wcsstore/Coles-CAS/images/3/3/9/3399460-th.jpg",
    "categories": ["pantry"],
    "tags": ["canned-fods-soups-nodles", "soups"],
    "locations": {
      "vic": {
        "price": 4,
        "promoText": " ",
        "packageSize": "155g",
        "packagePrice": "$2.58 per 100G"
      }
    }
  },
  {
    "id": "hart-soul-low-cal-chicken-bone-broth",
    "brand": "Hart & Soul",
    "name": "Chicken Low Calorie Bone Broth Soup",
    "imageUrl": "https://shop.coles.com.au/wcsstore/Coles-CAS/images/3/7/1/3715844-th.jpg",
    "categories": ["pantry"],
    "tags": ["canned-fods-soups-nodles", "soups"],
    "locations": {
      "vic": {
        "price": 4,
        "promoText": " ",
        "packageSize": "350g",
        "packagePrice": "$1.14 per 100G"
      }
    }
  },
  {
    "id": "heinz-soup-for-one-big-red-tomato",
    "brand": "Heinz",
    "name": "Soup For One Big Red Tomato Can",
    "imageUrl": "https://shop.coles.com.au/wcsstore/Coles-CAS/images/7/9/7/7978787-th.jpg",
    "categories": ["pantry"],
    "tags": ["canned-fods-soups-nodles", "soups"],
    "locations": {
      "vic": {
        "price": 1.95,
        "promoText": " ",
        "packageSize": "300g",
        "packagePrice": "$0.65 per 100G"
      }
    }
  },
  {
    "id": "heinz-soup-of-the-day-7-veg-with-garden-herbs-soup-pouch",
    "brand": "Heinz",
    "name": "Soup Of The Day 7 Veg With Garden Herbs Soup Pouch",
    "imageUrl": "https://shop.coles.com.au/wcsstore/Coles-CAS/images/2/2/8/2289015-th.jpg",
    "categories": ["pantry"],
    "tags": ["canned-fods-soups-nodles", "soups"],
    "locations": {
      "vic": {
        "price": 3,
        "promoText": "Was $3.89 on Jul 2017 ",
        "packageSize": "430g",
        "packagePrice": "$0.70 per 100G"
      }
    }
  },
  {
    "id": "la-zuppa-pouches-soup-italian-tomato-veg",
    "brand": "La Zuppa",
    "name": "Gluten Free Italian Style Tomato & Vegetable Soup",
    "imageUrl": "https://shop.coles.com.au/wcsstore/Coles-CAS/images/3/4/0/3402565-th.jpg",
    "categories": ["pantry"],
    "tags": ["canned-fods-soups-nodles", "soups"],
    "locations": {
      "vic": {
        "price": 3.5,
        "promoText": "$0.90 ",
        "packageSize": "540g",
        "packagePrice": "$0.65 per 100G"
      }
    }
  },
  {
    "id": "mckenzies-12-blend-soup-mix",
    "brand": "McKenzie's",
    "name": "12 Blend Soup Mix",
    "imageUrl": "https://shop.coles.com.au/wcsstore/Coles-CAS/images/3/1/8/3188658-th.jpg",
    "categories": ["pantry"],
    "tags": ["canned-fods-soups-nodles", "soups"],
    "locations": {
      "vic": {
        "price": 1.8,
        "promoText": "$0.50 ",
        "packageSize": "375g",
        "packagePrice": "$0.48 per 100G"
      }
    }
  },
  {
    "id": "ajishima-miso-fungi-soybean-soup-mix-2-pack",
    "brand": "Ajishima",
    "name": "Freeze Dried Miso Soup With Fungi",
    "imageUrl": "https://shop.coles.com.au/wcsstore/Coles-CAS/images/2/0/0/2005399-th.jpg",
    "categories": ["pantry"],
    "tags": ["canned-fods-soups-nodles", "soups"],
    "locations": {
      "vic": {
        "price": 1.8,
        "promoText": "$0.60 ",
        "packageSize": "12g",
        "packagePrice": "$1.50 per 10G"
      }
    }
  },
  {
    "id": "campbells-chunky-soup-ravioli-bef-tom",
    "brand": "Campbell's",
    "name": "Chunky Soup Ravioli Beef Tom",
    "imageUrl": "https://shop.coles.com.au/wcsstore/Coles-CAS/images/3/7/1/3714692-th.jpg",
    "categories": ["pantry"],
    "tags": ["canned-fods-soups-nodles", "soups"],
    "locations": {
      "vic": {
        "price": 1.75,
        "promoText": "$1.75 ",
        "packageSize": "505g",
        "packagePrice": "$0.35 per 100G"
      }
    }
  },
  {
    "id": "campbells-chunky-soup-chilli-bef",
    "brand": "Campbell's",
    "name": "Chunky Soup Chilli Beef",
    "imageUrl": "https://shop.coles.com.au/wcsstore/Coles-CAS/images/3/7/1/3714681-th.jpg",
    "categories": ["pantry"],
    "tags": ["canned-fods-soups-nodles", "soups"],
    "locations": {
      "vic": {
        "price": 1.75,
        "promoText": "$1.75 ",
        "packageSize": "505g",
        "packagePrice": "$0.35 per 100G"
      }
    }
  },
  {
    "id": "coles-chick-vegetable-buckwheat-soup-pouch",
    "brand": "Coles",
    "name": "Chicken Vegetable & Buckwheat Soup Pouch",
    "imageUrl": "https://shop.coles.com.au/wcsstore/Coles-CAS/images/2/6/6/2666970-th.jpg",
    "categories": ["pantry"],
    "tags": ["canned-fods-soups-nodles", "soups"],
    "locations": {
      "vic": {
        "price": 2.7,
        "promoText": " ",
        "packageSize": "430g",
        "packagePrice": "$0.63 per 100G"
      }
    }
  },
  {
    "id": "coles-2-serve-soup-asian-laksa",
    "brand": "Coles",
    "name": "Asian Laksa Soup",
    "imageUrl": "https://shop.coles.com.au/wcsstore/Coles-CAS/images/2/8/9/2894577-th.jpg",
    "categories": ["pantry"],
    "tags": ["canned-fods-soups-nodles", "soups"],
    "locations": {
      "vic": {
        "price": 1,
        "promoText": " ",
        "packageSize": "65g",
        "packagePrice": "$15.38 per 1Kg"
      }
    }
  },
  {
    "id": "coles-2-serve-soup-chicken-corn-w-crout",
    "brand": "Coles",
    "name": "Chicken Corn With Croutons Soup",
    "imageUrl": "https://shop.coles.com.au/wcsstore/Coles-CAS/images/2/8/9/2894533-th.jpg",
    "categories": ["pantry"],
    "tags": ["canned-fods-soups-nodles", "soups"],
    "locations": {
      "vic": {
        "price": 1,
        "promoText": " ",
        "packageSize": "60g",
        "packagePrice": "$16.67 per 1Kg"
      }
    }
  },
  {
    "id": "coles-pouch-soup-moroccan",
    "brand": "Coles",
    "name": "Lentil & Carrot Soup Pouch",
    "imageUrl": "https://shop.coles.com.au/wcsstore/Coles-CAS/images/3/4/6/3465430-th.jpg",
    "categories": ["pantry"],
    "tags": ["canned-fods-soups-nodles", "soups"],
    "locations": {
      "vic": {
        "price": 0,
        "promoText": " ",
        "packageSize": "430g",
        "packagePrice": ""
      }
    }
  },
  {
    "id": "coles-2-serve-soup-chicken-mushroom",
    "brand": "Coles",
    "name": "Chicken & Mushroom With Croutons Soup",
    "imageUrl": "https://shop.coles.com.au/wcsstore/Coles-CAS/images/3/4/6/3465372-th.jpg",
    "categories": ["pantry"],
    "tags": ["canned-fods-soups-nodles", "soups"],
    "locations": {
      "vic": {
        "price": 1,
        "promoText": " ",
        "packageSize": "60g",
        "packagePrice": "$1.67 per 100G"
      }
    }
  },
  {
    "id": "coles-2-serve-soup-creamy-lentil-w-chickpeas",
    "brand": "Coles",
    "name": "Creamy Lentil With Chickpeas Soup",
    "imageUrl": "https://shop.coles.com.au/wcsstore/Coles-CAS/images/3/7/1/3715072-th.jpg",
    "categories": ["pantry"],
    "tags": ["canned-fods-soups-nodles", "soups"],
    "locations": {
      "vic": {
        "price": 1,
        "promoText": " ",
        "packageSize": "60g",
        "packagePrice": "$1.67 per 100G"
      }
    }
  },
  {
    "id": "coles-2-serve-soup-dutch-curry-nodles",
    "brand": "Coles",
    "name": "Dutch Curry Noodles",
    "imageUrl": "https://shop.coles.com.au/wcsstore/Coles-CAS/images/3/7/1/3715028-th.jpg",
    "categories": ["pantry"],
    "tags": ["canned-fods-soups-nodles", "soups"],
    "locations": {
      "vic": {
        "price": 1,
        "promoText": " ",
        "packageSize": "60g",
        "packagePrice": "$1.67 per 100G"
      }
    }
  },
  {
    "id": "coles-2-serve-soup-creamy-veg-w-croutons",
    "brand": "Coles",
    "name": "Creamy Veg With Croutons Soup",
    "imageUrl": "https://shop.coles.com.au/wcsstore/Coles-CAS/images/3/7/1/3715006-th.jpg",
    "categories": ["pantry"],
    "tags": ["canned-fods-soups-nodles", "soups"],
    "locations": {
      "vic": {
        "price": 1,
        "promoText": " ",
        "packageSize": "60g",
        "packagePrice": "$1.67 per 100G"
      }
    }
  },
  {
    "id": "coles-2-serve-soup-potato-lek-w-croutons",
    "brand": "Coles",
    "name": "Potato & Leek With Croutons Soup",
    "imageUrl": "https://shop.coles.com.au/wcsstore/Coles-CAS/images/3/7/1/3715039-th.jpg",
    "categories": ["pantry"],
    "tags": ["canned-fods-soups-nodles", "soups"],
    "locations": {
      "vic": {
        "price": 1,
        "promoText": " ",
        "packageSize": "60g",
        "packagePrice": "$1.67 per 100G"
      }
    }
  },
  {
    "id": "coles-2-serve-soup-swet-pot-w-croutons",
    "brand": "Coles",
    "name": "Sweet Potato With Croutons Soup",
    "imageUrl": "https://shop.coles.com.au/wcsstore/Coles-CAS/images/3/7/1/3715017-th.jpg",
    "categories": ["pantry"],
    "tags": ["canned-fods-soups-nodles", "soups"],
    "locations": {
      "vic": {
        "price": 1,
        "promoText": " ",
        "packageSize": "60g",
        "packagePrice": "$1.67 per 100G"
      }
    }
  },
  {
    "id": "continental-nutrish-soup",
    "brand": "Continental",
    "name": "Nutrish Soup A Bit Corny",
    "imageUrl": "https://shop.coles.com.au/wcsstore/Coles-CAS/images/3/7/1/3715582-th.jpg",
    "categories": ["pantry"],
    "tags": ["canned-fods-soups-nodles", "soups"],
    "locations": {
      "vic": {
        "price": 2,
        "promoText": " ",
        "packageSize": "27g",
        "packagePrice": "$0.74 per 10G"
      }
    }
  },
  {
    "id": "continental-sensations-2s-soup-moroccan-veg-medley",
    "brand": "Continental Sensation",
    "name": "Moroccan Vegetable Medley Soup",
    "imageUrl": "https://shop.coles.com.au/wcsstore/Coles-CAS/images/3/7/1/3716144-th.jpg",
    "categories": ["pantry"],
    "tags": ["canned-fods-soups-nodles", "soups"],
    "locations": {
      "vic": {
        "price": 2,
        "promoText": "$0.50 ",
        "packageSize": "68g",
        "packagePrice": "$2.94 per 100G"
      }
    }
  },
  {
    "id": "hart-soul-veg-low-cal-broth",
    "brand": "Hart & Soul",
    "name": "Vegetable Low Calorie Broth Soup",
    "imageUrl": "https://shop.coles.com.au/wcsstore/Coles-CAS/images/3/7/1/3715822-th.jpg",
    "categories": ["pantry"],
    "tags": ["canned-fods-soups-nodles", "soups"],
    "locations": {
      "vic": {
        "price": 4,
        "promoText": " ",
        "packageSize": "350g",
        "packagePrice": "$1.14 per 100G"
      }
    }
  },
  {
    "id": "heinz-soup-of-the-day-soup-pumpkin-mixed-vegetables",
    "brand": "Heinz",
    "name": "Soup Of The Day Buttercup Pumpkin & Veg",
    "imageUrl": "https://shop.coles.com.au/wcsstore/Coles-CAS/images/1/1/6/1163689-th.jpg",
    "categories": ["pantry"],
    "tags": ["canned-fods-soups-nodles", "soups"],
    "locations": {
      "vic": {
        "price": 3,
        "promoText": "Was $3.89 on Jul 2017 ",
        "packageSize": "430g",
        "packagePrice": "$0.70 per 100G"
      }
    }
  },
  {
    "id": "mckenzies-super-blend-fibre",
    "brand": "McKenzie's",
    "name": "SuperBlend Fibre Freekeh Lentils & Beans",
    "imageUrl": "https://shop.coles.com.au/wcsstore/Coles-CAS/images/2/6/6/2668320-th.jpg",
    "categories": ["pantry"],
    "tags": ["canned-fods-soups-nodles", "soups"],
    "locations": {
      "vic": {
        "price": 3.95,
        "promoText": " ",
        "packageSize": "350g",
        "packagePrice": "$1.13 per 100G"
      }
    }
  },
  {
    "id": "mckenzies-white-beans",
    "brand": "Mckenzie's",
    "name": "White Beans",
    "imageUrl": "https://shop.coles.com.au/wcsstore/Coles-CAS/images/1/7/1/1717703-th.jpg",
    "categories": ["pantry"],
    "tags": ["canned-fods-soups-nodles", "soups"],
    "locations": {
      "vic": {
        "price": 2.4,
        "promoText": "$0.60 ",
        "packageSize": "375g",
        "packagePrice": "$0.64 per 100G"
      }
    }
  },
  {
    "id": "vittoria-coffee-ground-espresso-5098986p",
    "brand": "Vittoria",
    "name": "Espresso Ground Coffee",
    "imageUrl": "https://shop.coles.com.au/wcsstore/Coles-CAS/images/5/0/9/5098986.jpg",
    "categories": ["pantry"],
    "tags": ["coffe", "ground-coffe"],
    "locations": {
      "vic": {
        "price": 20,
        "promoText": "$8.00 ",
        "packageSize": "1kg",
        "packagePrice": "$2.00 per 100G"
      }
    }
  },
  {
    "id": "vittoria-coffee-ground",
    "brand": "Vittoria",
    "name": "Espresso Ground Coffee",
    "imageUrl": "https://shop.coles.com.au/wcsstore/Coles-CAS/images/3/9/7/397447-th.jpg",
    "categories": ["pantry"],
    "tags": ["coffe", "ground-coffe"],
    "locations": {
      "vic": {
        "price": 8,
        "promoText": " ",
        "packageSize": "200g",
        "packagePrice": "$4.00 per 100G"
      }
    }
  },
  {
    "id": "vittoria-coffee-mountain-grwn-grnd",
    "brand": "Vittoria",
    "name": "Mountain Grown Ground Coffee",
    "imageUrl": "https://shop.coles.com.au/wcsstore/Coles-CAS/images/9/1/8/9180375.jpg",
    "categories": ["pantry"],
    "tags": ["coffe", "ground-coffe"],
    "locations": {
      "vic": {
        "price": 36.5,
        "promoText": " ",
        "packageSize": "1kg",
        "packagePrice": "$3.65 per 100G"
      }
    }
  },
  {
    "id": "lavazza-ground-coffee-torino-qualita-oro-4965938p",
    "brand": "Lavazza",
    "name": "Smooth And Aromatic Medium Roast Ground Coffee",
    "imageUrl": "https://shop.coles.com.au/wcsstore/Coles-CAS/images/4/9/6/4965938-th.jpg",
    "categories": ["pantry"],
    "tags": ["coffe", "ground-coffe"],
    "locations": {
      "vic": {
        "price": 30,
        "promoText": " ",
        "packageSize": "1kg",
        "packagePrice": "$3.00 per 100G"
      }
    }
  },
  {
    "id": "lavazza-ground-coffee-arabica-gold",
    "brand": "Lavazza",
    "name": "Qualita Oro Medium Roast Smooth Ground Coffee",
    "imageUrl": "https://shop.coles.com.au/wcsstore/Coles-CAS/images/6/8/5/6851055-th.jpg",
    "categories": ["pantry"],
    "tags": ["coffe", "ground-coffe"],
    "locations": {
      "vic": {
        "price": 12,
        "promoText": "$4.00 ",
        "packageSize": "500g",
        "packagePrice": "$2.40 per 100G"
      }
    }
  },
  {
    "id": "bean-ground-drunk-organic-classic-ground",
    "brand": "Bean Ground & Drunk",
    "name": "Organic Classic Medium Roast Fairtrade Coffee",
    "imageUrl": "https://shop.coles.com.au/wcsstore/Coles-CAS/images/3/2/0/3208290-th.jpg",
    "categories": ["pantry"],
    "tags": ["coffe", "ground-coffe"],
    "locations": {
      "vic": {
        "price": 7,
        "promoText": "$1.80 ",
        "packageSize": "250g",
        "packagePrice": "$2.80 per 100G"
      }
    }
  },
  {
    "id": "coles-urban-coffee-culture-med-roast-ground",
    "brand": "Coles",
    "name": "Urban Coffee Culture Intensity 7 Ground Coffee Medium",
    "imageUrl": "https://shop.coles.com.au/wcsstore/Coles-CAS/images/3/6/1/3616387-th.jpg",
    "categories": ["pantry"],
    "tags": ["coffe", "ground-coffe"],
    "locations": {
      "vic": {
        "price": 4.5,
        "promoText": " ",
        "packageSize": "250g",
        "packagePrice": "$1.80 per 100G"
      }
    }
  },
  {
    "id": "lavazza-qualita-oro-ground",
    "brand": "Lavazza",
    "name": "Qualita Oro Ground",
    "imageUrl": "https://shop.coles.com.au/wcsstore/Coles-CAS/images/3/7/9/3790635-th.jpg",
    "categories": ["pantry"],
    "tags": ["coffe", "ground-coffe"],
    "locations": {
      "vic": {
        "price": 7.5,
        "promoText": " ",
        "packageSize": "250g",
        "packagePrice": "$3.00 per 100G"
      }
    }
  },
  {
    "id": "vittoria-coffee-ground-espresso-8830566p",
    "brand": "Vittoria",
    "name": "Espresso Ground Coffee",
    "imageUrl": "https://shop.coles.com.au/wcsstore/Coles-CAS/images/8/8/3/8830566-th.jpg",
    "categories": ["pantry"],
    "tags": ["coffe", "ground-coffe"],
    "locations": {
      "vic": {
        "price": 15,
        "promoText": "Was $19.30 on Sep 2018 ",
        "packageSize": "500g",
        "packagePrice": "$3.00 per 100G"
      }
    }
  },
  {
    "id": "bean-ground-drunk-organic-ground-decaffeinated-coffee",
    "brand": "Bean Ground & Drunk",
    "name": "Organic Decaffeinated Medium Roast Fairtrade Coffee",
    "imageUrl": "https://shop.coles.com.au/wcsstore/Coles-CAS/images/2/0/0/2007099-th.jpg",
    "categories": ["pantry"],
    "tags": ["coffe", "ground-coffe"],
    "locations": {
      "vic": {
        "price": 7,
        "promoText": "$1.80 ",
        "packageSize": "250g",
        "packagePrice": "$2.80 per 100G"
      }
    }
  },
  {
    "id": "illy-caffe-ground-coffee",
    "brand": "Illy",
    "name": "Classico Ground Coffee",
    "imageUrl": "https://shop.coles.com.au/wcsstore/Coles-CAS/images/8/0/9/8097061-th.jpg",
    "categories": ["pantry"],
    "tags": ["coffe", "ground-coffe"],
    "locations": {
      "vic": {
        "price": 15,
        "promoText": " ",
        "packageSize": "250g",
        "packagePrice": "$6.00 per 100G"
      }
    }
  },
  {
    "id": "oasis-coffee-greek-style-204328p",
    "brand": "Oasis",
    "name": "Greek Style Coffee",
    "imageUrl": "https://shop.coles.com.au/wcsstore/Coles-CAS/images/2/0/4/204328-th.jpg",
    "categories": ["pantry"],
    "tags": ["coffe", "ground-coffe"],
    "locations": {
      "vic": {
        "price": 4,
        "promoText": " ",
        "packageSize": "200g",
        "packagePrice": "$2.00 per 100G"
      }
    }
  },
  {
    "id": "grinders-ground-coffee-crema-caffe",
    "brand": "Grinders",
    "name": "Medium Roasted Crema Ground Coffee",
    "imageUrl": "https://shop.coles.com.au/wcsstore/Coles-CAS/images/8/7/6/8769137-th.jpg",
    "categories": ["pantry"],
    "tags": ["coffe", "ground-coffe"],
    "locations": {
      "vic": {
        "price": 9.55,
        "promoText": " ",
        "packageSize": "200g",
        "packagePrice": "$4.78 per 100G"
      }
    }
  },
  {
    "id": "grinders-ground-coffee-brazil",
    "brand": "Grinders",
    "name": "Rich Espresso Ground Coffee",
    "imageUrl": "https://shop.coles.com.au/wcsstore/Coles-CAS/images/8/7/6/8769160-th.jpg",
    "categories": ["pantry"],
    "tags": ["coffe", "ground-coffe"],
    "locations": {
      "vic": {
        "price": 9.55,
        "promoText": " ",
        "packageSize": "200g",
        "packagePrice": "$4.78 per 100G"
      }
    }
  },
  {
    "id": "lavazza-cafe-italiano-classico-ground",
    "brand": "Lavazza",
    "name": "Cafe Italiano Classico Ground",
    "imageUrl": "https://shop.coles.com.au/wcsstore/Coles-CAS/images/5/0/2/5023863-th.jpg",
    "categories": ["pantry"],
    "tags": ["coffe", "ground-coffe"],
    "locations": {
      "vic": {
        "price": 7.5,
        "promoText": " ",
        "packageSize": "250g",
        "packagePrice": "$3.00 per 100G"
      }
    }
  },
  {
    "id": "oxfam-fair-fto-world-coffee-blend-ground",
    "brand": "Oxfam",
    "name": "Fair World Blend Organic Ground Coffee",
    "imageUrl": "https://shop.coles.com.au/wcsstore/Coles-CAS/images/7/8/6/7865226-th.jpg",
    "categories": ["pantry"],
    "tags": ["coffe", "ground-coffe"],
    "locations": {
      "vic": {
        "price": 9,
        "promoText": " ",
        "packageSize": "250g",
        "packagePrice": "$3.60 per 100G"
      }
    }
  },
  {
    "id": "republica-organic-ground-coffee-sydney-espresso",
    "brand": "Republica",
    "name": "Organic Sydney Double Shot Crema Medium Roast Ground Coffee",
    "imageUrl": "https://shop.coles.com.au/wcsstore/Coles-CAS/images/3/5/2/3525510-th.jpg",
    "categories": ["pantry"],
    "tags": ["coffe", "ground-coffe"],
    "locations": {
      "vic": {
        "price": 10,
        "promoText": " ",
        "packageSize": "300g",
        "packagePrice": "$3.33 per 100G"
      }
    }
  },
  {
    "id": "coles-fairtrade-organic-ground-coffee",
    "brand": "Coles",
    "name": "Urban Coffee Culture Intensity 10 Organic Ground Coffee",
    "imageUrl": "https://shop.coles.com.au/wcsstore/Coles-CAS/images/2/2/6/2262336-th.jpg",
    "categories": ["pantry"],
    "tags": ["coffe", "ground-coffe"],
    "locations": {
      "vic": {
        "price": 5,
        "promoText": " ",
        "packageSize": "250g",
        "packagePrice": "$2.00 per 100G"
      }
    }
  },
  {
    "id": "harris-strong-coffe-ground",
    "brand": "Harris",
    "name": "Strong Coffee Ground",
    "imageUrl": "https://shop.coles.com.au/wcsstore/Coles-CAS/images/3/7/5/3755383-th.jpg",
    "categories": ["pantry"],
    "tags": ["coffe", "ground-coffe"],
    "locations": {
      "vic": {
        "price": 15,
        "promoText": "$5.00 ",
        "packageSize": "1kg",
        "packagePrice": "$1.50 per 100G"
      }
    }
  },
  {
    "id": "bushells-coffee-turkish-pure",
    "brand": "Bushells",
    "name": "Turkish Style Pulverised Coffee",
    "imageUrl": "https://shop.coles.com.au/wcsstore/Coles-CAS/images/1/1/6/116457-th.jpg",
    "categories": ["pantry"],
    "tags": ["coffe", "ground-coffe"],
    "locations": {
      "vic": {
        "price": 5.2,
        "promoText": "$1.30 ",
        "packageSize": "250g",
        "packagePrice": "$2.08 per 100G"
      }
    }
  },
  {
    "id": "aurora-medaglia-doro-coffee-special-ground-italian-blend",
    "brand": "Caffe Aurora",
    "name": "Italian Style Ground Coffee",
    "imageUrl": "https://shop.coles.com.au/wcsstore/Coles-CAS/images/5/1/5/5156798-th.jpg",
    "categories": ["pantry"],
    "tags": ["coffe", "ground-coffe"],
    "locations": {
      "vic": {
        "price": 12,
        "promoText": "$3.00 ",
        "packageSize": "1kg",
        "packagePrice": "$1.20 per 100G"
      }
    }
  },
  {
    "id": "coles-urban-coffee-culture-strg-roast-ground",
    "brand": "Coles",
    "name": "Urban Coffee Culture Intensity 10 Ground Coffee Strong",
    "imageUrl": "https://shop.coles.com.au/wcsstore/Coles-CAS/images/3/6/1/3616401-th.jpg",
    "categories": ["pantry"],
    "tags": ["coffe", "ground-coffe"],
    "locations": {
      "vic": {
        "price": 4.5,
        "promoText": " ",
        "packageSize": "250g",
        "packagePrice": "$1.80 per 100G"
      }
    }
  },
  {
    "id": "daley-stret-medium-dark-coffe-ground",
    "brand": "Daley Street",
    "name": "Medium/Dark Coffee Ground",
    "imageUrl": "https://shop.coles.com.au/wcsstore/Coles-CAS/images/3/7/5/3752589-th.jpg",
    "categories": ["pantry"],
    "tags": ["coffe", "ground-coffe"],
    "locations": {
      "vic": {
        "price": 9,
        "promoText": " ",
        "packageSize": "200g",
        "packagePrice": "$4.50 per 100G"
      }
    }
  },
  {
    "id": "harris-smoth-coffe-ground",
    "brand": "Harris",
    "name": "Smooth Coffee Ground",
    "imageUrl": "https://shop.coles.com.au/wcsstore/Coles-CAS/images/3/7/5/3755372-th.jpg",
    "categories": ["pantry"],
    "tags": ["coffe", "ground-coffe"],
    "locations": {
      "vic": {
        "price": 15,
        "promoText": "$5.00 ",
        "packageSize": "1kg",
        "packagePrice": "$1.50 per 100G"
      }
    }
  },
  {
    "id": "melitta-ground-coffee-blue-mountain-style-filter",
    "brand": "Melitta",
    "name": "Blue Mountain Style Medium Roast Ground Coffee",
    "imageUrl": "https://shop.coles.com.au/wcsstore/Coles-CAS/images/3/4/4/344076-th.jpg",
    "categories": ["pantry"],
    "tags": ["coffe", "ground-coffe"],
    "locations": {
      "vic": {
        "price": 5.3,
        "promoText": " ",
        "packageSize": "250g",
        "packagePrice": "$2.12 per 100G"
      }
    }
  },
  {
    "id": "vittoria-italian-ground-coffee",
    "brand": "Vittoria",
    "name": "Italian Blend Ground Coffee",
    "imageUrl": "https://shop.coles.com.au/wcsstore/Coles-CAS/images/3/2/0/3208347-th.jpg",
    "categories": ["pantry"],
    "tags": ["coffe", "ground-coffe"],
    "locations": {
      "vic": {
        "price": 11,
        "promoText": " ",
        "packageSize": "500g",
        "packagePrice": "$2.20 per 100G"
      }
    }
  },
  {
    "id": "delta-coffee-ground-premium-blend",
    "brand": "Chicco D'Oro",
    "name": "Premium Blend Delta Ground Coffee",
    "imageUrl": "https://shop.coles.com.au/wcsstore/Coles-CAS/images/7/3/9/7397638-th.jpg",
    "categories": ["pantry"],
    "tags": ["coffe", "ground-coffe"],
    "locations": {
      "vic": {
        "price": 3,
        "promoText": " ",
        "packageSize": "200g",
        "packagePrice": "$1.50 per 100G"
      }
    }
  },
  {
    "id": "daley-stret-medium-coffe-ground",
    "brand": "Daley Street",
    "name": "Medium Coffee Ground",
    "imageUrl": "https://shop.coles.com.au/wcsstore/Coles-CAS/images/3/7/5/3752590-th.jpg",
    "categories": ["pantry"],
    "tags": ["coffe", "ground-coffe"],
    "locations": {
      "vic": {
        "price": 9,
        "promoText": " ",
        "packageSize": "200g",
        "packagePrice": "$4.50 per 100G"
      }
    }
  },
  {
    "id": "grinders-ground-coffee-espresso",
    "brand": "Grinders",
    "name": "Rich & Bold Espresso Ground Coffee",
    "imageUrl": "https://shop.coles.com.au/wcsstore/Coles-CAS/images/3/5/3/3532695-th.jpg",
    "categories": ["pantry"],
    "tags": ["coffe", "ground-coffe"],
    "locations": {
      "vic": {
        "price": 9.55,
        "promoText": " ",
        "packageSize": "200g",
        "packagePrice": "$4.78 per 100G"
      }
    }
  },
  {
    "id": "lavazza-ground-decaffeinated",
    "brand": "Lavazza",
    "name": "Decaffeinated Ground Coffee Medium Roast",
    "imageUrl": "https://shop.coles.com.au/wcsstore/Coles-CAS/images/3/2/0/3208631-th.jpg",
    "categories": ["pantry"],
    "tags": ["coffe", "ground-coffe"],
    "locations": {
      "vic": {
        "price": 7.5,
        "promoText": " ",
        "packageSize": "250g",
        "packagePrice": "$3.00 per 100G"
      }
    }
  },
  {
    "id": "lavazza-qualita-rossa-ground",
    "brand": "Lavazza",
    "name": "Qualita Rossa Ground",
    "imageUrl": "https://shop.coles.com.au/wcsstore/Coles-CAS/images/3/7/5/3756568-th.jpg",
    "categories": ["pantry"],
    "tags": ["coffe", "ground-coffe"],
    "locations": {
      "vic": {
        "price": 15,
        "promoText": "$7.00 ",
        "packageSize": "1kg",
        "packagePrice": "$1.50 per 100G"
      }
    }
  },
  {
    "id": "melitta-filter-coffee-italian-gourmet",
    "brand": "Melitta",
    "name": "Italian Gourmet Dark Roast Ground Coffee",
    "imageUrl": "https://shop.coles.com.au/wcsstore/Coles-CAS/images/9/4/5/9456862-th.jpg",
    "categories": ["pantry"],
    "tags": ["coffe", "ground-coffe"],
    "locations": {
      "vic": {
        "price": 5.3,
        "promoText": " ",
        "packageSize": "250g",
        "packagePrice": "$2.12 per 100G"
      }
    }
  },
  {
    "id": "melita-espresso-coffee-gusto-milano",
    "brand": "Melitta",
    "name": "Espresso Gusto Milano Dark Roast Ground Coffee",
    "imageUrl": "https://shop.coles.com.au/wcsstore/Coles-CAS/images/3/2/0/3209000-th.jpg",
    "categories": ["pantry"],
    "tags": ["coffe", "ground-coffe"],
    "locations": {
      "vic": {
        "price": 5.3,
        "promoText": " ",
        "packageSize": "250g",
        "packagePrice": "$2.12 per 100G"
      }
    }
  },
  {
    "id": "republica-organic-ground-coffee-melbourne-espresso",
    "brand": "Republica",
    "name": "Organic Melbourne Laneway Ristretto Dark Roast Ground Coffee",
    "imageUrl": "https://shop.coles.com.au/wcsstore/Coles-CAS/images/3/5/3/3531105-th.jpg",
    "categories": ["pantry"],
    "tags": ["coffe", "ground-coffe"],
    "locations": {
      "vic": {
        "price": 10,
        "promoText": " ",
        "packageSize": "300g",
        "packagePrice": "$3.33 per 100G"
      }
    }
  },
  {
    "id": "starbucks-caffe-verona-ground",
    "brand": "Starbucks",
    "name": "Caffe Verona Ground",
    "imageUrl": "https://shop.coles.com.au/wcsstore/Coles-CAS/images/3/7/7/3771470-th.jpg",
    "categories": ["pantry"],
    "tags": ["coffe", "ground-coffe"],
    "locations": {
      "vic": {
        "price": 9,
        "promoText": " ",
        "packageSize": "200g",
        "packagePrice": "$4.50 per 100G"
      }
    }
  },
  {
    "id": "starbucks-house-blend-ground",
    "brand": "Starbucks",
    "name": "House Blend Ground",
    "imageUrl": "https://shop.coles.com.au/wcsstore/Coles-CAS/images/3/7/7/3771481-th.jpg",
    "categories": ["pantry"],
    "tags": ["coffe", "ground-coffe"],
    "locations": {
      "vic": {
        "price": 9,
        "promoText": " ",
        "packageSize": "200g",
        "packagePrice": "$4.50 per 100G"
      }
    }
  },
  {
    "id": "nescafe-blend-43-coffee-granules",
    "brand": "Nescafe",
    "name": "Blend 43 Instant Coffee",
    "imageUrl": "https://shop.coles.com.au/wcsstore/Coles-CAS/images/2/0/2/202672-th.jpg",
    "categories": ["pantry"],
    "tags": ["coffe", "instant-coffe"],
    "locations": {
      "vic": {
        "price": 20,
        "promoText": " ",
        "packageSize": "500g",
        "packagePrice": "$4.00 per 100G"
      }
    }
  },
  {
    "id": "moccona-classic--coffee-freeze-dried",
    "brand": "Moccona",
    "name": "Classic Medium Roast Instant Coffee",
    "imageUrl": "https://shop.coles.com.au/wcsstore/Coles-CAS/images/9/6/9/9693915-th.jpg",
    "categories": ["pantry"],
    "tags": ["coffe", "instant-coffe"],
    "locations": {
      "vic": {
        "price": 24,
        "promoText": " ",
        "packageSize": "400g",
        "packagePrice": "$6.00 per 100G"
      }
    }
  },
  {
    "id": "nescafe-blend-43-coffee-granules-116322p",
    "brand": "Nescafe",
    "name": "Blend 43 Instant Coffee",
    "imageUrl": "https://shop.coles.com.au/wcsstore/Coles-CAS/images/1/1/6/116322-th.jpg",
    "categories": ["pantry"],
    "tags": ["coffe", "instant-coffe"],
    "locations": {
      "vic": {
        "price": 9.4,
        "promoText": " ",
        "packageSize": "150g",
        "packagePrice": "$6.27 per 100G"
      }
    }
  },
  {
    "id": "moccona-instant-coffee-classic-freeze-dried-medium-roast",
    "brand": "Moccona",
    "name": "Classic Medium Roast Instant Coffee",
    "imageUrl": "https://shop.coles.com.au/wcsstore/Coles-CAS/images/2/3/1/231251-th.jpg",
    "categories": ["pantry"],
    "tags": ["coffe", "instant-coffe"],
    "locations": {
      "vic": {
        "price": 9,
        "promoText": "$4.00 ",
        "packageSize": "200g",
        "packagePrice": "$4.50 per 100G"
      }
    }
  },
  {
    "id": "moccona-barista-reserve-smooth-espresso",
    "brand": "Moccona",
    "name": "Barista Reserve Smooth Espresso Instant Coffee",
    "imageUrl": "https://shop.coles.com.au/wcsstore/Coles-CAS/images/3/2/0/3208482-th.jpg",
    "categories": ["pantry"],
    "tags": ["coffe", "instant-coffe"],
    "locations": {
      "vic": {
        "price": 9,
        "promoText": "$9.00 ",
        "packageSize": "175g",
        "packagePrice": "$5.14 per 100G"
      }
    }
  },
  {
    "id": "lavazza--prontissimo-coffee-intenso",
    "brand": "Lavazza",
    "name": "Prontissimo Intenso Instant Coffee",
    "imageUrl": "https://shop.coles.com.au/wcsstore/Coles-CAS/images/2/8/4/2840750-th.jpg",
    "categories": ["pantry"],
    "tags": ["coffe", "instant-coffe"],
    "locations": {
      "vic": {
        "price": 10,
        "promoText": " ",
        "packageSize": "95g",
        "packagePrice": "$10.53 per 100G"
      }
    }
  },
  {
    "id": "nescafe-blend-43-instant-granules",
    "brand": "Nescafe",
    "name": "Blend 43 Instant Coffee",
    "imageUrl": "https://shop.coles.com.au/wcsstore/Coles-CAS/images/1/1/6/116402-th.jpg",
    "categories": ["pantry"],
    "tags": ["coffe", "instant-coffe"],
    "locations": {
      "vic": {
        "price": 10.75,
        "promoText": "Was $14.69 on May 2018 ",
        "packageSize": "250g",
        "packagePrice": "$4.30 per 100G"
      }
    }
  },
  {
    "id": "moccona-classic-coffee-freeze-dried-dark",
    "brand": "Moccona",
    "name": "Classic Dark Roast Instant Coffee",
    "imageUrl": "https://shop.coles.com.au/wcsstore/Coles-CAS/images/6/8/3/6835015-th.jpg",
    "categories": ["pantry"],
    "tags": ["coffe", "instant-coffe"],
    "locations": {
      "vic": {
        "price": 24,
        "promoText": " ",
        "packageSize": "400g",
        "packagePrice": "$6.00 per 100G"
      }
    }
  },
  {
    "id": "nescafe-coffee-gold-blend-original",
    "brand": "Nescafe",
    "name": "Gold Original Instant Coffee",
    "imageUrl": "https://shop.coles.com.au/wcsstore/Coles-CAS/images/8/0/4/8048033-th.jpg",
    "categories": ["pantry"],
    "tags": ["coffe", "instant-coffe"],
    "locations": {
      "vic": {
        "price": 11.5,
        "promoText": "Was $12.00 on Jun 2020 ",
        "packageSize": "200g",
        "packagePrice": "$5.75 per 100G"
      }
    }
  },
  {
    "id": "moccona-coffee-instant-caramel",
    "brand": "Moccona",
    "name": "Caramel Flavor Infused Instant Coffee",
    "imageUrl": "https://shop.coles.com.au/wcsstore/Coles-CAS/images/9/9/2/9928848-th.jpg",
    "categories": ["pantry"],
    "tags": ["coffe", "instant-coffe"],
    "locations": {
      "vic": {
        "price": 9.95,
        "promoText": " ",
        "packageSize": "95g",
        "packagePrice": "$10.47 per 100G"
      }
    }
  },
  {
    "id": "robert-timms-coffee-bags-decaf",
    "brand": "Robert Timms",
    "name": "Decaffeinated Coffee Bags 18 pack",
    "imageUrl": "https://shop.coles.com.au/wcsstore/Coles-CAS/images/6/4/1/6415064-th.jpg",
    "categories": ["pantry"],
    "tags": ["coffe", "instant-coffe"],
    "locations": {
      "vic": {
        "price": 7.4,
        "promoText": " ",
        "packageSize": "105g",
        "packagePrice": "$7.05 per 100G"
      }
    }
  },
  {
    "id": "nescafe-blend-43-decaf",
    "brand": "Nescafe",
    "name": "Blend 43 Decaf",
    "imageUrl": "https://shop.coles.com.au/wcsstore/Coles-CAS/images/4/1/5/415174-th.jpg",
    "categories": ["pantry"],
    "tags": ["coffe", "instant-coffe"],
    "locations": {
      "vic": {
        "price": 9.4,
        "promoText": " ",
        "packageSize": "100g",
        "packagePrice": "$9.40 per 100G"
      }
    }
  },
  {
    "id": "robert-timms-coffee-premium-full-bodied-granulated",
    "brand": "Robert Timms",
    "name": "Premium Full Bodied Granulated Coffee",
    "imageUrl": "https://shop.coles.com.au/wcsstore/Coles-CAS/images/4/9/6/4965712-th.jpg",
    "categories": ["pantry"],
    "tags": ["coffe", "instant-coffe"],
    "locations": {
      "vic": {
        "price": 8,
        "promoText": " ",
        "packageSize": "200g",
        "packagePrice": "$4.00 per 100G"
      }
    }
  },
  {
    "id": "robert-timms-gold-colombia-coffee-bags",
    "brand": "Robert Timms",
    "name": "Gold Colombia Coffee Bags Strong 28 Pack",
    "imageUrl": "https://shop.coles.com.au/wcsstore/Coles-CAS/images/3/5/1/3511630-th.jpg",
    "categories": ["pantry"],
    "tags": ["coffe", "instant-coffe"],
    "locations": {
      "vic": {
        "price": 9.65,
        "promoText": " ",
        "packageSize": "160g",
        "packagePrice": "$6.03 per 100G"
      }
    }
  },
  {
    "id": "lavazza-prontissimo-coffe-espresso",
    "brand": "Lavazza",
    "name": "Prontissimo Coffee Espresso",
    "imageUrl": "https://shop.coles.com.au/wcsstore/Coles-CAS/images/3/7/5/3756524-th.jpg",
    "categories": ["pantry"],
    "tags": ["coffe", "instant-coffe"],
    "locations": {
      "vic": {
        "price": 10,
        "promoText": " ",
        "packageSize": "95g",
        "packagePrice": "$10.53 per 100G"
      }
    }
  },
  {
    "id": "moccona-coffee-classic-freeze-dried-medium-roast",
    "brand": "Moccona",
    "name": "Classic Medium Roast Instant Coffee",
    "imageUrl": "https://shop.coles.com.au/wcsstore/Coles-CAS/images/3/0/3/303556-th.jpg",
    "categories": ["pantry"],
    "tags": ["coffe", "instant-coffe"],
    "locations": {
      "vic": {
        "price": 9.95,
        "promoText": " ",
        "packageSize": "100g",
        "packagePrice": "$9.95 per 100G"
      }
    }
  },
  {
    "id": "republica-100%25-pure-coffee-decaffinated-100g",
    "brand": "Republica Organic",
    "name": "Medium Roast Decaffeinated Coffee",
    "imageUrl": "https://shop.coles.com.au/wcsstore/Coles-CAS/images/8/6/4/8648019-th.jpg",
    "categories": ["pantry"],
    "tags": ["coffe", "instant-coffe"],
    "locations": {
      "vic": {
        "price": 11,
        "promoText": " ",
        "packageSize": "100g",
        "packagePrice": "$11.00 per 100G"
      }
    }
  },
  {
    "id": "robert-timms-coffee-bags-mocha-kenya-style",
    "brand": "Robert Timms",
    "name": "Mocha Kenya Style Coffee Bags 28 pack",
    "imageUrl": "https://shop.coles.com.au/wcsstore/Coles-CAS/images/5/6/9/5698633-th.jpg",
    "categories": ["pantry"],
    "tags": ["coffe", "instant-coffe"],
    "locations": {
      "vic": {
        "price": 9.65,
        "promoText": " ",
        "packageSize": "160g",
        "packagePrice": "$0.06 per 1G"
      }
    }
  },
  {
    "id": "moccona-freeze-dried-espresso-instant-coffee-granules",
    "brand": "Moccona",
    "name": "Espresso Style Bold & Intense Instant Coffee",
    "imageUrl": "https://shop.coles.com.au/wcsstore/Coles-CAS/images/2/2/6/2269175-th.jpg",
    "categories": ["pantry"],
    "tags": ["coffe", "instant-coffe"],
    "locations": {
      "vic": {
        "price": 24,
        "promoText": " ",
        "packageSize": "400g",
        "packagePrice": "$6.00 per 100G"
      }
    }
  },
  {
    "id": "nescafe-gold-softpack",
    "brand": "Nescafe",
    "name": "Gold Original Ground Coffee Medium Refill Pack",
    "imageUrl": "https://shop.coles.com.au/wcsstore/Coles-CAS/images/3/6/3/3636806-th.jpg",
    "categories": ["pantry"],
    "tags": ["coffe", "instant-coffe"],
    "locations": {
      "vic": {
        "price": 19,
        "promoText": " ",
        "packageSize": "320g",
        "packagePrice": "$5.94 per 100G"
      }
    }
  },
  {
    "id": "republica-100%25-pure-coffee-colombian-100g",
    "brand": "Republica Organic",
    "name": "South American Medium Roast Freeze Dried Instant Coffee",
    "imageUrl": "https://shop.coles.com.au/wcsstore/Coles-CAS/images/8/6/4/8649077-th.jpg",
    "categories": ["pantry"],
    "tags": ["coffe", "instant-coffe"],
    "locations": {
      "vic": {
        "price": 8.5,
        "promoText": "$1.50 ",
        "packageSize": "100g",
        "packagePrice": "$8.50 per 100G"
      }
    }
  },
  {
    "id": "coles-coffee-gold-freeze-dried-fairtrade-organic",
    "brand": "Coles",
    "name": "Organic Fairtrade Gold Freeze Dried Coffee",
    "imageUrl": "https://shop.coles.com.au/wcsstore/Coles-CAS/images/7/3/9/7393433-th.jpg",
    "categories": ["pantry"],
    "tags": ["coffe", "instant-coffe"],
    "locations": {
      "vic": {
        "price": 4,
        "promoText": " ",
        "packageSize": "100g",
        "packagePrice": "$4.00 per 100G"
      }
    }
  },
  {
    "id": "international-roast-coffee-powder",
    "brand": "International Roast",
    "name": "Instant Coffee",
    "imageUrl": "https://shop.coles.com.au/wcsstore/Coles-CAS/images/3/4/0/340246-th.jpg",
    "categories": ["pantry"],
    "tags": ["coffe", "instant-coffe"],
    "locations": {
      "vic": {
        "price": 8,
        "promoText": " ",
        "packageSize": "500g",
        "packagePrice": "$1.60 per 100G"
      }
    }
  },
  {
    "id": "moccona-coffee-classic-dark-roast",
    "brand": "Moccona",
    "name": "Classic Dark Roast Instant Coffee",
    "imageUrl": "https://shop.coles.com.au/wcsstore/Coles-CAS/images/5/0/1/5018874-th.jpg",
    "categories": ["pantry"],
    "tags": ["coffe", "instant-coffe"],
    "locations": {
      "vic": {
        "price": 9.95,
        "promoText": " ",
        "packageSize": "100g",
        "packagePrice": "$9.95 per 100G"
      }
    }
  },
  {
    "id": "moccona-coffee-classic-medium-roast",
    "brand": "Moccona",
    "name": "Classic Medium Roast Instant Coffee",
    "imageUrl": "https://shop.coles.com.au/wcsstore/Coles-CAS/images/1/7/3/173144-th.jpg",
    "categories": ["pantry"],
    "tags": ["coffe", "instant-coffe"],
    "locations": {
      "vic": {
        "price": 6,
        "promoText": " ",
        "packageSize": "50g",
        "packagePrice": "$12.00 per 100G"
      }
    }
  },
  {
    "id": "moccona-coffee-instant-hazelnut",
    "brand": "Moccona",
    "name": "Hazelnut Flavour Infused Instant Coffee",
    "imageUrl": "https://shop.coles.com.au/wcsstore/Coles-CAS/images/9/9/2/9928859-th.jpg",
    "categories": ["pantry"],
    "tags": ["coffe", "instant-coffe"],
    "locations": {
      "vic": {
        "price": 9.95,
        "promoText": " ",
        "packageSize": "95g",
        "packagePrice": "$10.47 per 100G"
      }
    }
  },
  {
    "id": "nescafe-espresso-coffee",
    "brand": "Nescafe",
    "name": "Blend 43 Espresso Instant Coffee",
    "imageUrl": "https://shop.coles.com.au/wcsstore/Coles-CAS/images/8/2/2/8229231-th.jpg",
    "categories": ["pantry"],
    "tags": ["coffe", "instant-coffe"],
    "locations": {
      "vic": {
        "price": 9.4,
        "promoText": " ",
        "packageSize": "150g",
        "packagePrice": "$6.27 per 100G"
      }
    }
  },
  {
    "id": "nescafe-instant-mild-roast-coffee",
    "brand": "Nescafe",
    "name": "Blend 43 Mild Roast Instant Coffee",
    "imageUrl": "https://shop.coles.com.au/wcsstore/Coles-CAS/images/8/2/2/8228669-th.jpg",
    "categories": ["pantry"],
    "tags": ["coffe", "instant-coffe"],
    "locations": {
      "vic": {
        "price": 9.4,
        "promoText": " ",
        "packageSize": "150g",
        "packagePrice": "$6.27 per 100G"
      }
    }
  },
  {
    "id": "nescafe-gold-coffee",
    "brand": "Nescafe",
    "name": "Gold Intense Ground Coffee",
    "imageUrl": "https://shop.coles.com.au/wcsstore/Coles-CAS/images/3/2/0/3208198-th.jpg",
    "categories": ["pantry"],
    "tags": ["coffe", "instant-coffe"],
    "locations": {
      "vic": {
        "price": 11.5,
        "promoText": "Was $12.00 on Jun 2020 ",
        "packageSize": "200g",
        "packagePrice": "$5.75 per 100G"
      }
    }
  },
  {
    "id": "coles-coffee-instant-decaffeinated",
    "brand": "Coles",
    "name": "Coffee Decaffeinated",
    "imageUrl": "https://shop.coles.com.au/wcsstore/Coles-CAS/images/5/3/3/5334660-th.jpg",
    "categories": ["pantry"],
    "tags": ["coffe", "instant-coffe"],
    "locations": {
      "vic": {
        "price": 4,
        "promoText": " ",
        "packageSize": "100g",
        "packagePrice": "$4.00 per 100G"
      }
    }
  },
  {
    "id": "coles-smart-buy-coffee-instant-powder",
    "brand": "Coles",
    "name": "Instant Coffee Powder",
    "imageUrl": "https://shop.coles.com.au/wcsstore/Coles-CAS/images/5/3/3/5334648-th.jpg",
    "categories": ["pantry"],
    "tags": ["coffe", "instant-coffe"],
    "locations": {
      "vic": {
        "price": 2.9,
        "promoText": " ",
        "packageSize": "200g",
        "packagePrice": "$1.45 per 100G"
      }
    }
  },
  {
    "id": "moccona-coffee-classic-dark-roast-5018863p",
    "brand": "Moccona",
    "name": "Classic Dark Roast Instant Coffee",
    "imageUrl": "https://shop.coles.com.au/wcsstore/Coles-CAS/images/5/0/1/5018863-th.jpg",
    "categories": ["pantry"],
    "tags": ["coffe", "instant-coffe"],
    "locations": {
      "vic": {
        "price": 9,
        "promoText": "$4.00 ",
        "packageSize": "200g",
        "packagePrice": "$4.50 per 100G"
      }
    }
  },
  {
    "id": "moccona-coffee-decaffienated",
    "brand": "Moccona",
    "name": "Classic Medium Decaffeinated Instant Coffee",
    "imageUrl": "https://shop.coles.com.au/wcsstore/Coles-CAS/images/2/5/2/25249-th.jpg",
    "categories": ["pantry"],
    "tags": ["coffe", "instant-coffe"],
    "locations": {
      "vic": {
        "price": 12.5,
        "promoText": " ",
        "packageSize": "100g",
        "packagePrice": "$12.50 per 100G"
      }
    }
  },
  {
    "id": "moccona-freeze-dried-coffee-indulgence",
    "brand": "Moccona",
    "name": "Indulgence Speciality Blend Coffee",
    "imageUrl": "https://shop.coles.com.au/wcsstore/Coles-CAS/images/3/2/3/3232465-th.jpg",
    "categories": ["pantry"],
    "tags": ["coffe", "instant-coffe"],
    "locations": {
      "vic": {
        "price": 16,
        "promoText": "Was $19.00 on Jun 2018 ",
        "packageSize": "200g",
        "packagePrice": "$8.00 per 100G"
      }
    }
  },
  {
    "id": "moccona-specialty-blend-coffe-intense",
    "brand": "Moccona",
    "name": "Specialty Blend Coffee Intense",
    "imageUrl": "https://shop.coles.com.au/wcsstore/Coles-CAS/images/3/7/5/3755248-th.jpg",
    "categories": ["pantry"],
    "tags": ["coffe", "instant-coffe"],
    "locations": {
      "vic": {
        "price": 16,
        "promoText": " ",
        "packageSize": "200g",
        "packagePrice": "$8.00 per 100G"
      }
    }
  },
  {
    "id": "nescafe-blend-43-smooth-creamy-coffee",
    "brand": "Nescafe",
    "name": "Blend 43 Smooth & Creamy Instant Coffee",
    "imageUrl": "https://shop.coles.com.au/wcsstore/Coles-CAS/images/2/1/2/2125460-th.jpg",
    "categories": ["pantry"],
    "tags": ["coffe", "instant-coffe"],
    "locations": {
      "vic": {
        "price": 9.4,
        "promoText": " ",
        "packageSize": "140g",
        "packagePrice": "$6.71 per 100G"
      }
    }
  },
  {
    "id": "nescafe-gold-coffee-smooth",
    "brand": "Nescafe",
    "name": "Gold Smooth Mild Ground Coffee",
    "imageUrl": "https://shop.coles.com.au/wcsstore/Coles-CAS/images/3/2/0/3208165-th.jpg",
    "categories": ["pantry"],
    "tags": ["coffe", "instant-coffe"],
    "locations": {
      "vic": {
        "price": 9,
        "promoText": " ",
        "packageSize": "90g",
        "packagePrice": "$10.00 per 100G"
      }
    }
  },
  {
    "id": "nescafe-blend-43-coffe-espresso",
    "brand": "Nescafe",
    "name": "Blend 43 Coffee Espresso",
    "imageUrl": "https://shop.coles.com.au/wcsstore/Coles-CAS/images/3/7/7/3772961-th.jpg",
    "categories": ["pantry"],
    "tags": ["coffe", "instant-coffe"],
    "locations": {
      "vic": {
        "price": 20,
        "promoText": "Any 2 $28",
        "packageSize": "500g",
        "packagePrice": "$4.00 per 100G"
      }
    }
  },
  {
    "id": "starbucks-medium-roast-premium-instant-coffe",
    "brand": "Starbucks",
    "name": "Medium Roast Premium Instant Coffee",
    "imageUrl": "https://shop.coles.com.au/wcsstore/Coles-CAS/images/3/7/7/3771798-th.jpg",
    "categories": ["pantry"],
    "tags": ["coffe", "instant-coffe"],
    "locations": {
      "vic": {
        "price": 9.95,
        "promoText": " ",
        "packageSize": "90g",
        "packagePrice": "$11.06 per 100G"
      }
    }
  },
  {
    "id": "moccona-mocha-kenya-style-instant-freeze-dried-coffee",
    "brand": "Moccona",
    "name": "Mocha Kenya Style Rich & Exotic Instant Coffee",
    "imageUrl": "https://shop.coles.com.au/wcsstore/Coles-CAS/images/7/4/7/7479335-th.jpg",
    "categories": ["pantry"],
    "tags": ["coffe", "instant-coffe"],
    "locations": {
      "vic": {
        "price": 9,
        "promoText": "$4.00 ",
        "packageSize": "200g",
        "packagePrice": "$4.50 per 100G"
      }
    }
  },
  {
    "id": "moccona-barista-reserve-coffee-crema",
    "brand": "Moccona",
    "name": "Barista Reserve Crema Instant Coffee",
    "imageUrl": "https://shop.coles.com.au/wcsstore/Coles-CAS/images/3/2/0/3208493-th.jpg",
    "categories": ["pantry"],
    "tags": ["coffe", "instant-coffe"],
    "locations": {
      "vic": {
        "price": 9,
        "promoText": "$9.00 ",
        "packageSize": "175g",
        "packagePrice": "$5.14 per 100G"
      }
    }
  },
  {
    "id": "nescafe-gold-blend-coffee-original-8049750p",
    "brand": "Nescafe",
    "name": "Gold Original Premium Instant Coffee",
    "imageUrl": "https://shop.coles.com.au/wcsstore/Coles-CAS/images/8/0/4/8049750-th.jpg",
    "categories": ["pantry"],
    "tags": ["coffe", "instant-coffe"],
    "locations": {
      "vic": {
        "price": 9.5,
        "promoText": " ",
        "packageSize": "100g",
        "packagePrice": "$9.50 per 100G"
      }
    }
  },
  {
    "id": "nescafe-coffee-green-blend",
    "brand": "Nescafe",
    "name": "Green Blend Instant Coffee",
    "imageUrl": "https://shop.coles.com.au/wcsstore/Coles-CAS/images/8/0/5/8051118-th.jpg",
    "categories": ["pantry"],
    "tags": ["coffe", "instant-coffe"],
    "locations": {
      "vic": {
        "price": 11,
        "promoText": " ",
        "packageSize": "100g",
        "packagePrice": "$11.00 per 100G"
      }
    }
  },
  {
    "id": "nescafe-blend-43-coffee-granules-116220p",
    "brand": "Nescafe",
    "name": "Blend 43 Instant Coffee",
    "imageUrl": "https://shop.coles.com.au/wcsstore/Coles-CAS/images/1/1/6/116220-th.jpg",
    "categories": ["pantry"],
    "tags": ["coffe", "instant-coffe"],
    "locations": {
      "vic": {
        "price": 5,
        "promoText": " ",
        "packageSize": "50g",
        "packagePrice": "$10.00 per 100G"
      }
    }
  },
  {
    "id": "robert-timms-premium-coffee-espresso",
    "brand": "Robert Timms",
    "name": "Premium Espresso Extra Dark Roasted Granulated Coffee",
    "imageUrl": "https://shop.coles.com.au/wcsstore/Coles-CAS/images/8/6/3/8639925-th.jpg",
    "categories": ["pantry"],
    "tags": ["coffe", "instant-coffe"],
    "locations": {
      "vic": {
        "price": 8,
        "promoText": " ",
        "packageSize": "200g",
        "packagePrice": "$4.00 per 100G"
      }
    }
  },
  {
    "id": "robert-timms-cafe-series-coffee-bags-arabica-dark",
    "brand": "Robert Timms",
    "name": "Cafe Series Arabica Dark Roast Coffee Bags 10 Pack",
    "imageUrl": "https://shop.coles.com.au/wcsstore/Coles-CAS/images/3/5/1/3511651-th.jpg",
    "categories": ["pantry"],
    "tags": ["coffe", "instant-coffe"],
    "locations": {
      "vic": {
        "price": 5.95,
        "promoText": " ",
        "packageSize": "58g",
        "packagePrice": "$1.03 per 10G"
      }
    }
  },
  {
    "id": "bushells-coffee-powder-instant",
    "brand": "Bushells",
    "name": "Classic Gourmet Instant Coffee",
    "imageUrl": "https://shop.coles.com.au/wcsstore/Coles-CAS/images/8/4/5/8456958-th.jpg",
    "categories": ["pantry"],
    "tags": ["coffe", "instant-coffe"],
    "locations": {
      "vic": {
        "price": 6,
        "promoText": " ",
        "packageSize": "200g",
        "packagePrice": "$3.00 per 100G"
      }
    }
  },
  {
    "id": "coles-smart-buy-coffee-instant-granules",
    "brand": "Coles",
    "name": "Original Granulated Coffee",
    "imageUrl": "https://shop.coles.com.au/wcsstore/Coles-CAS/images/5/8/9/5892498-th.jpg",
    "categories": ["pantry"],
    "tags": ["coffe", "instant-coffe"],
    "locations": {
      "vic": {
        "price": 3.7,
        "promoText": " ",
        "packageSize": "200g",
        "packagePrice": "$1.85 per 100G"
      }
    }
  },
  {
    "id": "coles-freeze-dried-coffee",
    "brand": "Coles",
    "name": "Medium Roast Freeze Dried Coffee",
    "imageUrl": "https://shop.coles.com.au/wcsstore/Coles-CAS/images/3/4/6/3465725-th.jpg",
    "categories": ["pantry"],
    "tags": ["coffe", "instant-coffe"],
    "locations": {
      "vic": {
        "price": 6,
        "promoText": " ",
        "packageSize": "200g",
        "packagePrice": "$3.00 per 100G"
      }
    }
  },
  {
    "id": "moccona-espresso-style-instant-freeze-dried-coffee",
    "brand": "Moccona",
    "name": "Espresso Style Bold & Intense Instant Coffee",
    "imageUrl": "https://shop.coles.com.au/wcsstore/Coles-CAS/images/7/4/7/7479357-th.jpg",
    "categories": ["pantry"],
    "tags": ["coffe", "instant-coffe"],
    "locations": {
      "vic": {
        "price": 9,
        "promoText": "$4.00 ",
        "packageSize": "200g",
        "packagePrice": "$4.50 per 100G"
      }
    }
  },
  {
    "id": "moccona-french-style-instant-freeze-dried-coffee-7479324p",
    "brand": "Moccona",
    "name": "French Style Smooth & Rounded Instant Coffee",
    "imageUrl": "https://shop.coles.com.au/wcsstore/Coles-CAS/images/7/4/7/7479324-th.jpg",
    "categories": ["pantry"],
    "tags": ["coffe", "instant-coffe"],
    "locations": {
      "vic": {
        "price": 9,
        "promoText": "$4.00 ",
        "packageSize": "200g",
        "packagePrice": "$4.50 per 100G"
      }
    }
  },
  {
    "id": "moccona-freeze-dried-coffee-rich",
    "brand": "Moccona",
    "name": "Rich & Dark Speciality Blend Coffee",
    "imageUrl": "https://shop.coles.com.au/wcsstore/Coles-CAS/images/3/2/3/3232476-th.jpg",
    "categories": ["pantry"],
    "tags": ["coffe", "instant-coffe"],
    "locations": {
      "vic": {
        "price": 16,
        "promoText": "Was $19.00 on Jun 2018 ",
        "packageSize": "200g",
        "packagePrice": "$8.00 per 100G"
      }
    }
  },
  {
    "id": "moccona-barista-reserve-coffee-rich-esprsso",
    "brand": "Moccona",
    "name": "Barista Reserve Rich Espresso Instant Coffee",
    "imageUrl": "https://shop.coles.com.au/wcsstore/Coles-CAS/images/3/2/0/3208471-th.jpg",
    "categories": ["pantry"],
    "tags": ["coffe", "instant-coffe"],
    "locations": {
      "vic": {
        "price": 9,
        "promoText": "$9.00 ",
        "packageSize": "175g",
        "packagePrice": "$5.14 per 100G"
      }
    }
  },
  {
    "id": "moccona-ristretto-freeze-dried-inst-coffee",
    "brand": "Moccona",
    "name": "Ristretto Freeze Dried Coffee Intensity 12",
    "imageUrl": "https://shop.coles.com.au/wcsstore/Coles-CAS/images/3/5/1/3512654-th.jpg",
    "categories": ["pantry"],
    "tags": ["coffe", "instant-coffe"],
    "locations": {
      "vic": {
        "price": 16,
        "promoText": "Was $19.00 on Jun 2019 ",
        "packageSize": "200g",
        "packagePrice": "$8.00 per 100G"
      }
    }
  },
  {
    "id": "nescafe-gold-blend-coffee-shortblack",
    "brand": "Nescafe",
    "name": "Gold Short Black Strong Instant Coffee",
    "imageUrl": "https://shop.coles.com.au/wcsstore/Coles-CAS/images/8/0/5/8050829-th.jpg",
    "categories": ["pantry"],
    "tags": ["coffe", "instant-coffe"],
    "locations": {
      "vic": {
        "price": 11,
        "promoText": " ",
        "packageSize": "100g",
        "packagePrice": "$11.00 per 100G"
      }
    }
  },
  {
    "id": "nescafe-gold-coffee-smooth-3208201p",
    "brand": "Nescafe",
    "name": "Gold Smooth Mild Ground Coffee",
    "imageUrl": "https://shop.coles.com.au/wcsstore/Coles-CAS/images/3/2/0/3208201-th.jpg",
    "categories": ["pantry"],
    "tags": ["coffe", "instant-coffe"],
    "locations": {
      "vic": {
        "price": 11.5,
        "promoText": "Was $12.00 on Jun 2020 ",
        "packageSize": "180g",
        "packagePrice": "$6.39 per 100G"
      }
    }
  },
  {
    "id": "nescafe-gold-origins-colombia",
    "brand": "Nescafe",
    "name": "Gold Colombia Origin Coffee Mild",
    "imageUrl": "https://shop.coles.com.au/wcsstore/Coles-CAS/images/3/5/1/3512177-th.jpg",
    "categories": ["pantry"],
    "tags": ["coffe", "instant-coffe"],
    "locations": {
      "vic": {
        "price": 0,
        "promoText": " ",
        "packageSize": "100g",
        "packagePrice": ""
      }
    }
  },
  {
    "id": "nescafe-blend-43-coffee-black-roast",
    "brand": "Nescafe",
    "name": "Blend 43 Black Roast Instant Coffee",
    "imageUrl": "https://shop.coles.com.au/wcsstore/Coles-CAS/images/3/6/3/3631290-th.jpg",
    "categories": ["pantry"],
    "tags": ["coffe", "instant-coffe"],
    "locations": {
      "vic": {
        "price": 9.5,
        "promoText": " ",
        "packageSize": "100g",
        "packagePrice": "$9.50 per 100G"
      }
    }
  },
  {
    "id": "nescafe-blend-43-coffe-black-roast",
    "brand": "Nescafe",
    "name": "Blend 43 Coffee Black Roast",
    "imageUrl": "https://shop.coles.com.au/wcsstore/Coles-CAS/images/3/7/7/3776500-th.jpg",
    "categories": ["pantry"],
    "tags": ["coffe", "instant-coffe"],
    "locations": {
      "vic": {
        "price": 20,
        "promoText": "Any 2 $28",
        "packageSize": "400g",
        "packagePrice": "$5.00 per 100G"
      }
    }
  },
  {
    "id": "robert-timms-cafe-series-coffee-bags-arabica-medm",
    "brand": "Robert Timms",
    "name": "Cafe Series Arabica Medium Roast Coffee Bags 10 Pack",
    "imageUrl": "https://shop.coles.com.au/wcsstore/Coles-CAS/images/3/5/1/3511640-th.jpg",
    "categories": ["pantry"],
    "tags": ["coffe", "instant-coffe"],
    "locations": {
      "vic": {
        "price": 5.95,
        "promoText": " ",
        "packageSize": "58g",
        "packagePrice": "$1.03 per 10G"
      }
    }
  },
  {
    "id": "starbucks-dark-roast-premium-instant-coffe",
    "brand": "Starbucks",
    "name": "Dark Roast Premium Instant Coffee",
    "imageUrl": "https://shop.coles.com.au/wcsstore/Coles-CAS/images/3/7/7/3771812-th.jpg",
    "categories": ["pantry"],
    "tags": ["coffe", "instant-coffe"],
    "locations": {
      "vic": {
        "price": 9.95,
        "promoText": " ",
        "packageSize": "90g",
        "packagePrice": "$11.06 per 100G"
      }
    }
  },
  {
    "id": "vittoria-coffee-beans-espresso-9184897p",
    "brand": "Vittoria",
    "name": "Espresso Coffee Beans",
    "imageUrl": "https://shop.coles.com.au/wcsstore/Coles-CAS/images/9/1/8/9184897.jpg",
    "categories": ["pantry"],
    "tags": ["coffe", "coffe-beans"],
    "locations": {
      "vic": {
        "price": 20,
        "promoText": "$8.00 ",
        "packageSize": "1kg",
        "packagePrice": "$2.00 per 100G"
      }
    }
  },
  {
    "id": "lavazza-coffee-beans-qualita-oro",
    "brand": "Lavazza",
    "name": "Qualita Oro Medium Roast Smooth Coffee Beans",
    "imageUrl": "https://shop.coles.com.au/wcsstore/Coles-CAS/images/6/8/5/6851099-th.jpg",
    "categories": ["pantry"],
    "tags": ["coffe", "coffe-beans"],
    "locations": {
      "vic": {
        "price": 12,
        "promoText": "$4.00 ",
        "packageSize": "500g",
        "packagePrice": "$2.40 per 100G"
      }
    }
  },
  {
    "id": "vittoria-coffee-mountain-grown-beans",
    "brand": "Vittoria",
    "name": "Mountain Grown Coffee Beans",
    "imageUrl": "https://shop.coles.com.au/wcsstore/Coles-CAS/images/8/6/8/8686572.jpg",
    "categories": ["pantry"],
    "tags": ["coffe", "coffe-beans"],
    "locations": {
      "vic": {
        "price": 36.5,
        "promoText": " ",
        "packageSize": "1kg",
        "packagePrice": "$3.65 per 100G"
      }
    }
  },
  {
    "id": "vittoria-coffee-beans-italian",
    "brand": "Vittoria",
    "name": "Special Italian Blend Coffee Beans",
    "imageUrl": "https://shop.coles.com.au/wcsstore/Coles-CAS/images/4/4/3/443770.jpg",
    "categories": ["pantry"],
    "tags": ["coffe", "coffe-beans"],
    "locations": {
      "vic": {
        "price": 19,
        "promoText": " ",
        "packageSize": "1kg",
        "packagePrice": "$1.90 per 100G"
      }
    }
  },
  {
    "id": "lavazza-coffee-beans-arabica-gold",
    "brand": "Lavazza",
    "name": "Medium Roast Smooth And Aromatic Coffee Beans",
    "imageUrl": "https://shop.coles.com.au/wcsstore/Coles-CAS/images/8/9/6/8967050-th.jpg",
    "categories": ["pantry"],
    "tags": ["coffe", "coffe-beans"],
    "locations": {
      "vic": {
        "price": 30,
        "promoText": " ",
        "packageSize": "1kg",
        "packagePrice": "$3.00 per 100G"
      }
    }
  },
  {
    "id": "grinders-rich-espresso-coffee-beans",
    "brand": "Grinders",
    "name": "Rich Espresso Coffee Beans",
    "imageUrl": "https://shop.coles.com.au/wcsstore/Coles-CAS/images/3/5/1/3516065-th.jpg",
    "categories": ["pantry"],
    "tags": ["coffe", "coffe-beans"],
    "locations": {
      "vic": {
        "price": 27,
        "promoText": " ",
        "packageSize": "1kg",
        "packagePrice": "$2.70 per 100G"
      }
    }
  },
  {
    "id": "vittoria-organic-coffee-beans",
    "brand": "Vittoria",
    "name": "Organic Espresso Coffee Beans",
    "imageUrl": "https://shop.coles.com.au/wcsstore/Coles-CAS/images/2/0/0/2002095-th.jpg",
    "categories": ["pantry"],
    "tags": ["coffe", "coffe-beans"],
    "locations": {
      "vic": {
        "price": 36.5,
        "promoText": " ",
        "packageSize": "1kg",
        "packagePrice": "$3.65 per 100G"
      }
    }
  },
  {
    "id": "coles-brand-coffee-beans-fairtrade",
    "brand": "Coles",
    "name": "Urban Coffee Culture Dark Roasted Beans",
    "imageUrl": "https://shop.coles.com.au/wcsstore/Coles-CAS/images/7/6/5/7656656-th.jpg",
    "categories": ["pantry"],
    "tags": ["coffe", "coffe-beans"],
    "locations": {
      "vic": {
        "price": 12,
        "promoText": " ",
        "packageSize": "1kg",
        "packagePrice": "$12.00 per 1KG"
      }
    }
  },
  {
    "id": "grinders--caffe-crema-coffee",
    "brand": "Grinders",
    "name": "Medium Roasted Crema Coffee Beans",
    "imageUrl": "https://shop.coles.com.au/wcsstore/Coles-CAS/images/1/3/3/1336197-th.jpg",
    "categories": ["pantry"],
    "tags": ["coffe", "coffe-beans"],
    "locations": {
      "vic": {
        "price": 27,
        "promoText": " ",
        "packageSize": "1kg",
        "packagePrice": "$27.00 per 1Kg"
      }
    }
  },
  {
    "id": "harris-smoth-coffe-beans",
    "brand": "Harris",
    "name": "Smooth Coffee Beans",
    "imageUrl": "https://shop.coles.com.au/wcsstore/Coles-CAS/images/3/7/5/3755361-th.jpg",
    "categories": ["pantry"],
    "tags": ["coffe", "coffe-beans"],
    "locations": {
      "vic": {
        "price": 15,
        "promoText": "$5.00 ",
        "packageSize": "1kg",
        "packagePrice": "$1.50 per 100G"
      }
    }
  },
  {
    "id": "dc-coffee-beans-duke-3354768p",
    "brand": "DC",
    "name": "Coffee Beans Duchess",
    "imageUrl": "https://shop.coles.com.au/wcsstore/ColesResponsiveStorefrontAssetStore/dist/ccfc54aed6e361b650bcf0582f7b576b/img/img_product-placeholder.png",
    "categories": ["pantry"],
    "tags": ["coffe", "coffe-beans"],
    "locations": {
      "vic": {
        "price": 10,
        "promoText": " ",
        "packageSize": "250g",
        "packagePrice": "$4.00 per 100G"
      }
    }
  },
  {
    "id": "grinders-espresso-coffee-beans",
    "brand": "Grinders",
    "name": "Rich & Bold Espresso Coffee Beans",
    "imageUrl": "https://shop.coles.com.au/wcsstore/Coles-CAS/images/2/6/8/2686933-th.jpg",
    "categories": ["pantry"],
    "tags": ["coffe", "coffe-beans"],
    "locations": {
      "vic": {
        "price": 27,
        "promoText": " ",
        "packageSize": "1kg",
        "packagePrice": "$2.70 per 100G"
      }
    }
  },
  {
    "id": "vittoria-espresso-coffee-beans-3208358p",
    "brand": "Vittoria",
    "name": "Espresso Coffee Beans",
    "imageUrl": "https://shop.coles.com.au/wcsstore/Coles-CAS/images/3/2/0/3208358-th.jpg",
    "categories": ["pantry"],
    "tags": ["coffe", "coffe-beans"],
    "locations": {
      "vic": {
        "price": 15,
        "promoText": "Was $19.30 on Sep 2018 ",
        "packageSize": "500g",
        "packagePrice": "$3.00 per 100G"
      }
    }
  },
  {
    "id": "daley-stret-medium-coffe-beans",
    "brand": "Daley Street",
    "name": "Medium Coffee Beans",
    "imageUrl": "https://shop.coles.com.au/wcsstore/Coles-CAS/images/3/7/5/3752578-th.jpg",
    "categories": ["pantry"],
    "tags": ["coffe", "coffe-beans"],
    "locations": {
      "vic": {
        "price": 9,
        "promoText": " ",
        "packageSize": "200g",
        "packagePrice": "$4.50 per 100G"
      }
    }
  },
  {
    "id": "daley-stret-medium-dark-coffe-beans",
    "brand": "Daley Street",
    "name": "Medium/Dark Coffee Beans",
    "imageUrl": "https://shop.coles.com.au/wcsstore/Coles-CAS/images/3/7/5/3752534-th.jpg",
    "categories": ["pantry"],
    "tags": ["coffe", "coffe-beans"],
    "locations": {
      "vic": {
        "price": 9,
        "promoText": " ",
        "packageSize": "200g",
        "packagePrice": "$4.50 per 100G"
      }
    }
  },
  {
    "id": "grinders-organic-coffee-beans",
    "brand": "Grinders",
    "name": "Organic Mellow & Smooth Coffee Beans",
    "imageUrl": "https://shop.coles.com.au/wcsstore/Coles-CAS/images/3/5/1/3516054-th.jpg",
    "categories": ["pantry"],
    "tags": ["coffe", "coffe-beans"],
    "locations": {
      "vic": {
        "price": 32,
        "promoText": " ",
        "packageSize": "1kg",
        "packagePrice": "$32.00 per 1Kg"
      }
    }
  },
  {
    "id": "harris-strong-coffe-beans",
    "brand": "Harris",
    "name": "Strong Coffee Beans",
    "imageUrl": "https://shop.coles.com.au/wcsstore/Coles-CAS/images/3/7/5/3755350-th.jpg",
    "categories": ["pantry"],
    "tags": ["coffe", "coffe-beans"],
    "locations": {
      "vic": {
        "price": 15,
        "promoText": "$5.00 ",
        "packageSize": "1kg",
        "packagePrice": "$1.50 per 100G"
      }
    }
  },
  {
    "id": "lavazza-espresso-barista-perfetto-beans",
    "brand": "Lavazza",
    "name": "Espresso Barista Perfetto Beans",
    "imageUrl": "https://shop.coles.com.au/wcsstore/Coles-CAS/images/3/7/5/3756502-th.jpg",
    "categories": ["pantry"],
    "tags": ["coffe", "coffe-beans"],
    "locations": {
      "vic": {
        "price": 35,
        "promoText": " ",
        "packageSize": "1kg",
        "packagePrice": "$3.50 per 100G"
      }
    }
  },
  {
    "id": "aurora-medaglia-doro-coffee-beans-italian-blend",
    "brand": "Caffe Aurora",
    "name": "Italian Blend Coffee Beans",
    "imageUrl": "https://shop.coles.com.au/wcsstore/Coles-CAS/images/8/1/7/81771-th.jpg",
    "categories": ["pantry"],
    "tags": ["coffe", "coffe-beans"],
    "locations": {
      "vic": {
        "price": 12,
        "promoText": "$3.00 ",
        "packageSize": "1kg",
        "packagePrice": "$1.20 per 100G"
      }
    }
  },
  {
    "id": "coles-fairtrade-organic-coffee-beans",
    "brand": "Coles",
    "name": "Urban Coffee Culture Intensity 10 Organic Coffee Beans",
    "imageUrl": "https://shop.coles.com.au/wcsstore/Coles-CAS/images/2/2/6/2262303-th.jpg",
    "categories": ["pantry"],
    "tags": ["coffe", "coffe-beans"],
    "locations": {
      "vic": {
        "price": 5,
        "promoText": " ",
        "packageSize": "250g",
        "packagePrice": "$2.00 per 100G"
      }
    }
  },
  {
    "id": "coles-urban-coffee-culture-med-roast-beans",
    "brand": "Coles",
    "name": "Urban Coffee Culture Intensity 7 Whole Roast Beans Medium",
    "imageUrl": "https://shop.coles.com.au/wcsstore/Coles-CAS/images/3/6/1/3616354-th.jpg",
    "categories": ["pantry"],
    "tags": ["coffe", "coffe-beans"],
    "locations": {
      "vic": {
        "price": 8,
        "promoText": " ",
        "packageSize": "500g",
        "packagePrice": "$1.60 per 100G"
      }
    }
  },
  {
    "id": "coles-urban-coffee-culture-med-roast-beans-3616321p",
    "brand": "Coles",
    "name": "Urban Coffee Culture Intensity 7 Whole Roast Beans Medium",
    "imageUrl": "https://shop.coles.com.au/wcsstore/Coles-CAS/images/3/6/1/3616321-th.jpg",
    "categories": ["pantry"],
    "tags": ["coffe", "coffe-beans"],
    "locations": {
      "vic": {
        "price": 12,
        "promoText": " ",
        "packageSize": "1kg",
        "packagePrice": "$12.00 per 1Kg"
      }
    }
  },
  {
    "id": "dc-coffee-beans-darkside-3354746p",
    "brand": "DC",
    "name": "Coffee Beans Darkside",
    "imageUrl": "https://shop.coles.com.au/wcsstore/ColesResponsiveStorefrontAssetStore/dist/ccfc54aed6e361b650bcf0582f7b576b/img/img_product-placeholder.png",
    "categories": ["pantry"],
    "tags": ["coffe", "coffe-beans"],
    "locations": {
      "vic": {
        "price": 10,
        "promoText": " ",
        "packageSize": "250g",
        "packagePrice": "$4.00 per 100G"
      }
    }
  },
  {
    "id": "dc-coffee-ground-duke-3354881p",
    "brand": "DC",
    "name": "Coffee Ground Duchess",
    "imageUrl": "https://shop.coles.com.au/wcsstore/Coles-CAS/images/3/3/5/3354881-th.jpg",
    "categories": ["pantry"],
    "tags": ["coffe", "coffe-beans"],
    "locations": {
      "vic": {
        "price": 10,
        "promoText": " ",
        "packageSize": "250g",
        "packagePrice": "$4.00 per 100G"
      }
    }
  },
  {
    "id": "dc-coffee-ground-darkside-3354860p",
    "brand": "DC",
    "name": "Coffee Ground Darkside",
    "imageUrl": "https://shop.coles.com.au/wcsstore/ColesResponsiveStorefrontAssetStore/dist/ccfc54aed6e361b650bcf0582f7b576b/img/img_product-placeholder.png",
    "categories": ["pantry"],
    "tags": ["coffe", "coffe-beans"],
    "locations": {
      "vic": {
        "price": 10,
        "promoText": " ",
        "packageSize": "250g",
        "packagePrice": "$4.00 per 100G"
      }
    }
  },
  {
    "id": "illy-caffe-coffee-beans",
    "brand": "Illy",
    "name": "Classico Beans",
    "imageUrl": "https://shop.coles.com.au/wcsstore/Coles-CAS/images/8/0/9/8096998-th.jpg",
    "categories": ["pantry"],
    "tags": ["coffe", "coffe-beans"],
    "locations": {
      "vic": {
        "price": 15,
        "promoText": " ",
        "packageSize": "250g",
        "packagePrice": "$6.00 per 100G"
      }
    }
  },
  {
    "id": "lavazza-qualita-rossa-beans",
    "brand": "Lavazza",
    "name": "Qualita Rossa Coffee Beans",
    "imageUrl": "https://shop.coles.com.au/wcsstore/Coles-CAS/images/3/5/1/3514489-th.jpg",
    "categories": ["pantry"],
    "tags": ["coffe", "coffe-beans"],
    "locations": {
      "vic": {
        "price": 15,
        "promoText": "$7.00 ",
        "packageSize": "1kg",
        "packagePrice": "$1.50 per 100G"
      }
    }
  },
  {
    "id": "lavazza-espresso-barista-intenso-beans",
    "brand": "Lavazza",
    "name": "Espresso Barista Intenso Beans",
    "imageUrl": "https://shop.coles.com.au/wcsstore/Coles-CAS/images/3/7/5/3756557-th.jpg",
    "categories": ["pantry"],
    "tags": ["coffe", "coffe-beans"],
    "locations": {
      "vic": {
        "price": 35,
        "promoText": " ",
        "packageSize": "1kg",
        "packagePrice": "$3.50 per 100G"
      }
    }
  },
  {
    "id": "lavazza-espresso-barista-gran-crema-beans",
    "brand": "Lavazza",
    "name": "Espresso Barista Gran Crema Beans",
    "imageUrl": "https://shop.coles.com.au/wcsstore/Coles-CAS/images/3/7/5/3756513-th.jpg",
    "categories": ["pantry"],
    "tags": ["coffe", "coffe-beans"],
    "locations": {
      "vic": {
        "price": 35,
        "promoText": " ",
        "packageSize": "1kg",
        "packagePrice": "$3.50 per 100G"
      }
    }
  },
  {
    "id": "starbucks-espresso-roast-beans",
    "brand": "Starbucks",
    "name": "Espresso Roast Beans",
    "imageUrl": "https://shop.coles.com.au/wcsstore/Coles-CAS/images/3/7/7/3771528-th.jpg",
    "categories": ["pantry"],
    "tags": ["coffe", "coffe-beans"],
    "locations": {
      "vic": {
        "price": 9,
        "promoText": " ",
        "packageSize": "200g",
        "packagePrice": "$4.50 per 100G"
      }
    }
  },
  {
    "id": "starbucks-pike-place-beans",
    "brand": "Starbucks",
    "name": "Pike Place Beans",
    "imageUrl": "https://shop.coles.com.au/wcsstore/Coles-CAS/images/3/7/7/3771619-th.jpg",
    "categories": ["pantry"],
    "tags": ["coffe", "coffe-beans"],
    "locations": {
      "vic": {
        "price": 9,
        "promoText": " ",
        "packageSize": "200g",
        "packagePrice": "$4.50 per 100G"
      }
    }
  },
  {
    "id": "moccona%09%09%09-cafe-classics-latte",
    "brand": "Moccona",
    "name": "Cafe Classic Latte Sachets 10 pack",
    "imageUrl": "https://shop.coles.com.au/wcsstore/Coles-CAS/images/1/5/6/1566903-th.jpg",
    "categories": ["pantry"],
    "tags": ["coffe", "coffe-mixes"],
    "locations": {
      "vic": {
        "price": 4.5,
        "promoText": "Was $5.55 on Jul 2018 ",
        "packageSize": "150g",
        "packagePrice": "$3.00 per 100G"
      }
    }
  },
  {
    "id": "moccona-cafe-classics%09%09%09-cappucino",
    "brand": "Moccona",
    "name": "Cafe Classics Cappuccino Coffee Sachets 10 pack",
    "imageUrl": "https://shop.coles.com.au/wcsstore/Coles-CAS/images/1/5/6/1566936-th.jpg",
    "categories": ["pantry"],
    "tags": ["coffe", "coffe-mixes"],
    "locations": {
      "vic": {
        "price": 4.5,
        "promoText": "Was $5.55 on Jul 2018 ",
        "packageSize": "150g",
        "packagePrice": "$0.45 per 1Ea"
      }
    }
  },
  {
    "id": "moccona%09%09%09-cafe-classic-cappuccino-strong",
    "brand": "Moccona",
    "name": "Strong Cappuccino Sachets 10 pack",
    "imageUrl": "https://shop.coles.com.au/wcsstore/Coles-CAS/images/1/5/6/1566914-th.jpg",
    "categories": ["pantry"],
    "tags": ["coffe", "coffe-mixes"],
    "locations": {
      "vic": {
        "price": 4.5,
        "promoText": "Was $5.55 on Jul 2018 ",
        "packageSize": "150g",
        "packagePrice": "$3.00 per 100G"
      }
    }
  },
  {
    "id": "nescafe-cafe-menu-coffee-cappuccino-9577540p",
    "brand": "Nescafe",
    "name": "Cappuccino Sachets 10 Pack",
    "imageUrl": "https://shop.coles.com.au/wcsstore/Coles-CAS/images/9/5/7/9577540-th.jpg",
    "categories": ["pantry"],
    "tags": ["coffe", "coffe-mixes"],
    "locations": {
      "vic": {
        "price": 3.15,
        "promoText": "$3.15 ",
        "packageSize": "132g",
        "packagePrice": "$2.39 per 100G"
      }
    }
  },
  {
    "id": "nescafe-cafe-menu-coffee-cappuccino-strong",
    "brand": "Nescafe",
    "name": "Strong Cappuccino Sachets 10 Pack",
    "imageUrl": "https://shop.coles.com.au/wcsstore/Coles-CAS/images/5/6/9/5694097-th.jpg",
    "categories": ["pantry"],
    "tags": ["coffe", "coffe-mixes"],
    "locations": {
      "vic": {
        "price": 3.15,
        "promoText": "$3.15 ",
        "packageSize": "132g",
        "packagePrice": "$2.39 per 100G"
      }
    }
  },
  {
    "id": "nescafe-cafe-menu-coffee-caramel-4461854p",
    "brand": "Nescafe",
    "name": "Caramel Latte Sachets 10 Pack",
    "imageUrl": "https://shop.coles.com.au/wcsstore/Coles-CAS/images/4/4/6/4461854-th.jpg",
    "categories": ["pantry"],
    "tags": ["coffe", "coffe-mixes"],
    "locations": {
      "vic": {
        "price": 3.15,
        "promoText": "$3.15 ",
        "packageSize": "170g",
        "packagePrice": "$1.85 per 100G"
      }
    }
  },
  {
    "id": "nescafe-cafe-menu-coffee-mocha-4461832p",
    "brand": "Nescafe",
    "name": "Mocha Sachets 10 Pack",
    "imageUrl": "https://shop.coles.com.au/wcsstore/Coles-CAS/images/4/4/6/4461832-th.jpg",
    "categories": ["pantry"],
    "tags": ["coffe", "coffe-mixes"],
    "locations": {
      "vic": {
        "price": 3.15,
        "promoText": "$3.15 ",
        "packageSize": "180g",
        "packagePrice": "$1.75 per 100G"
      }
    }
  },
  {
    "id": "robert-timms-coffee-bags-italian-espresso-style-4965756p",
    "brand": "Robert Timms",
    "name": "Italian Espresso Style Coffee Bags 28 Pack",
    "imageUrl": "https://shop.coles.com.au/wcsstore/Coles-CAS/images/4/9/6/4965756-th.jpg",
    "categories": ["pantry"],
    "tags": ["coffe", "coffe-mixes"],
    "locations": {
      "vic": {
        "price": 9.65,
        "promoText": " ",
        "packageSize": "160g",
        "packagePrice": "$60.31 per 1KG"
      }
    }
  },
  {
    "id": "nescafe-cafe-menu-cappuccino",
    "brand": "Nescafe",
    "name": "Cappuccino Sachets 26 Pack",
    "imageUrl": "https://shop.coles.com.au/wcsstore/Coles-CAS/images/2/8/6/2868023-th.jpg",
    "categories": ["pantry"],
    "tags": ["coffe", "coffe-mixes"],
    "locations": {
      "vic": {
        "price": 11,
        "promoText": " ",
        "packageSize": "332g",
        "packagePrice": "$3.31 per 100G"
      }
    }
  },
  {
    "id": "nescafe-gold-coffee-sachets-creme-brulee",
    "brand": "Nescafe",
    "name": "Gold Creme Brulee Latte Coffee Sachets  8 pack",
    "imageUrl": "https://shop.coles.com.au/wcsstore/Coles-CAS/images/3/5/1/3511403-th.jpg",
    "categories": ["pantry"],
    "tags": ["coffe", "coffe-mixes"],
    "locations": {
      "vic": {
        "price": 3.15,
        "promoText": "$3.15 ",
        "packageSize": "140g",
        "packagePrice": "$2.25 per 100G"
      }
    }
  },
  {
    "id": "nescafe-coffe-sachets-cokies-cream",
    "brand": "Nescafe",
    "name": "Cookies & Cream Coffee Sachets",
    "imageUrl": "https://shop.coles.com.au/wcsstore/Coles-CAS/images/3/7/7/3776510-th.jpg",
    "categories": ["pantry"],
    "tags": ["coffe", "coffe-mixes"],
    "locations": {
      "vic": {
        "price": 3.15,
        "promoText": "$3.15 ",
        "packageSize": "10 pack",
        "packagePrice": "$0.32 per 1Ea"
      }
    }
  },
  {
    "id": "nescafe-gold-coffe-sachets-tiramisu-mocha",
    "brand": "Nescafe",
    "name": "Gold Tiramisu Mocha Coffee Sachets",
    "imageUrl": "https://shop.coles.com.au/wcsstore/Coles-CAS/images/3/7/7/3776521-th.jpg",
    "categories": ["pantry"],
    "tags": ["coffe", "coffe-mixes"],
    "locations": {
      "vic": {
        "price": 3.15,
        "promoText": "$3.15 ",
        "packageSize": "8 pack",
        "packagePrice": "$0.39 per 1Ea"
      }
    }
  },
  {
    "id": "nescafe-cafe-menu-coffee-hazelnut",
    "brand": "Nescafe",
    "name": "Hazelnut Latte Sachets 10 Pack",
    "imageUrl": "https://shop.coles.com.au/wcsstore/Coles-CAS/images/4/4/9/4491550-th.jpg",
    "categories": ["pantry"],
    "tags": ["coffe", "coffe-mixes"],
    "locations": {
      "vic": {
        "price": 3.15,
        "promoText": "$3.15 ",
        "packageSize": "180g",
        "packagePrice": "$1.75 per 100G"
      }
    }
  },
  {
    "id": "nescafe-gold-coffe-sachets-almond-latte",
    "brand": "Nescafe",
    "name": "Gold Almond Latte Coffee Sachets",
    "imageUrl": "https://shop.coles.com.au/wcsstore/Coles-CAS/images/3/7/3/3739296-th.jpg",
    "categories": ["pantry"],
    "tags": ["coffe", "coffe-mixes"],
    "locations": {
      "vic": {
        "price": 3.15,
        "promoText": "$3.15 ",
        "packageSize": "6 pack",
        "packagePrice": "$0.53 per 1Ea"
      }
    }
  },
  {
    "id": "nescafe-gold-coffe-sachets-coconut-latte",
    "brand": "Nescafe",
    "name": "Gold Coconut Latte Coffee Sachets",
    "imageUrl": "https://shop.coles.com.au/wcsstore/Coles-CAS/images/3/7/3/3739263-th.jpg",
    "categories": ["pantry"],
    "tags": ["coffe", "coffe-mixes"],
    "locations": {
      "vic": {
        "price": 3.15,
        "promoText": "$3.15 ",
        "packageSize": "6 pack",
        "packagePrice": "$0.53 per 1Ea"
      }
    }
  },
  {
    "id": "nescafe-gold-coffe-sachets-oat-latte",
    "brand": "Nescafe",
    "name": "Gold Oat Latte Coffee Sachets",
    "imageUrl": "https://shop.coles.com.au/wcsstore/Coles-CAS/images/3/7/3/3739274-th.jpg",
    "categories": ["pantry"],
    "tags": ["coffe", "coffe-mixes"],
    "locations": {
      "vic": {
        "price": 3.15,
        "promoText": "$3.15 ",
        "packageSize": "6 pack",
        "packagePrice": "$0.53 per 1Ea"
      }
    }
  },
  {
    "id": "moccona-cafe-classics-flat-white",
    "brand": "Moccona",
    "name": "Flat White Cafe Classics 10 Serves",
    "imageUrl": "https://shop.coles.com.au/wcsstore/Coles-CAS/images/3/5/1/3513158-th.jpg",
    "categories": ["pantry"],
    "tags": ["coffe", "coffe-mixes"],
    "locations": {
      "vic": {
        "price": 4.5,
        "promoText": "Was $5.55 on Jul 2018 ",
        "packageSize": "145g",
        "packagePrice": "$3.10 per 100G"
      }
    }
  },
  {
    "id": "nescafe-cafe-menu-coffee-cappuccino-decaf",
    "brand": "Nescafe",
    "name": "Decaffeinated Cappuccino Sachets 10 Pack",
    "imageUrl": "https://shop.coles.com.au/wcsstore/Coles-CAS/images/4/9/7/4976956-th.jpg",
    "categories": ["pantry"],
    "tags": ["coffe", "coffe-mixes"],
    "locations": {
      "vic": {
        "price": 3.15,
        "promoText": "$3.15 ",
        "packageSize": "157g",
        "packagePrice": "$2.01 per 100G"
      }
    }
  },
  {
    "id": "nescafe-cafe-menu-coffee-cappuccino-skim-4976854p",
    "brand": "Nescafe",
    "name": "Skim Cappuccino Sachets 10 Pack",
    "imageUrl": "https://shop.coles.com.au/wcsstore/Coles-CAS/images/4/9/7/4976854-th.jpg",
    "categories": ["pantry"],
    "tags": ["coffe", "coffe-mixes"],
    "locations": {
      "vic": {
        "price": 3.15,
        "promoText": "$3.15 ",
        "packageSize": "132g",
        "packagePrice": "$2.39 per 100G"
      }
    }
  },
  {
    "id": "nescafe-cafe-menu-mocha",
    "brand": "Nescafe",
    "name": "Mocha Sachets 26 Pack",
    "imageUrl": "https://shop.coles.com.au/wcsstore/Coles-CAS/images/2/8/6/2868001-th.jpg",
    "categories": ["pantry"],
    "tags": ["coffe", "coffe-mixes"],
    "locations": {
      "vic": {
        "price": 11,
        "promoText": " ",
        "packageSize": "468g",
        "packagePrice": "$2.35 per 100G"
      }
    }
  },
  {
    "id": "avalanche-cappuccino-99-sugar-free-sachets",
    "brand": "Avalanche",
    "name": "Cappuccino Sugar Free Coffee Sachets",
    "imageUrl": "https://shop.coles.com.au/wcsstore/Coles-CAS/images/3/6/3/3630672-th.jpg",
    "categories": ["pantry"],
    "tags": ["coffe", "coffe-mixes"],
    "locations": {
      "vic": {
        "price": 5.5,
        "promoText": " ",
        "packageSize": "10 pack",
        "packagePrice": "$0.55 per 1Ea"
      }
    }
  },
  {
    "id": "coles-coffee-mocha",
    "brand": "Coles",
    "name": "Mocha Coffee Sachets 10 Pack",
    "imageUrl": "https://shop.coles.com.au/wcsstore/Coles-CAS/images/6/1/6/6169627-th.jpg",
    "categories": ["pantry"],
    "tags": ["coffe", "coffe-mixes"],
    "locations": {
      "vic": {
        "price": 3.25,
        "promoText": " ",
        "packageSize": "180g",
        "packagePrice": "$1.81 per 100G"
      }
    }
  },
  {
    "id": "jarrah-instant-coffee-french-style",
    "brand": "Jarrah",
    "name": "French Vanilla Latte",
    "imageUrl": "https://shop.coles.com.au/wcsstore/Coles-CAS/images/5/4/3/5436900-th.jpg",
    "categories": ["pantry"],
    "tags": ["coffe", "coffe-mixes"],
    "locations": {
      "vic": {
        "price": 6,
        "promoText": " ",
        "packageSize": "250g",
        "packagePrice": "$2.40 per 100G"
      }
    }
  },
  {
    "id": "jarrah-coffee-salted-caramel",
    "brand": "Jarrah",
    "name": "Salted Caramel Latte",
    "imageUrl": "https://shop.coles.com.au/wcsstore/Coles-CAS/images/2/2/4/2244491-th.jpg",
    "categories": ["pantry"],
    "tags": ["coffe", "coffe-mixes"],
    "locations": {
      "vic": {
        "price": 6,
        "promoText": " ",
        "packageSize": "250g",
        "packagePrice": "$2.40 per 100G"
      }
    }
  },
  {
    "id": "jarrah-special-honey-almond-latte",
    "brand": "Jarrah",
    "name": "Extra Special Honey & Almond Latte",
    "imageUrl": "https://shop.coles.com.au/wcsstore/Coles-CAS/images/3/7/5/3756659-th.jpg",
    "categories": ["pantry"],
    "tags": ["coffe", "coffe-mixes"],
    "locations": {
      "vic": {
        "price": 6,
        "promoText": " ",
        "packageSize": "210g",
        "packagePrice": "$2.86 per 100G"
      }
    }
  },
  {
    "id": "moccona-cafe-classics-caramel-latte-coffee-sachets-10-pack",
    "brand": "Moccona",
    "name": "Cafe Classics Caramel Latte Coffee Sachets 10 pack",
    "imageUrl": "https://shop.coles.com.au/wcsstore/Coles-CAS/images/1/7/5/1758824-th.jpg",
    "categories": ["pantry"],
    "tags": ["coffe", "coffe-mixes"],
    "locations": {
      "vic": {
        "price": 4.5,
        "promoText": "Was $5.55 on Jul 2018 ",
        "packageSize": "140g",
        "packagePrice": "$3.21 per 100G"
      }
    }
  },
  {
    "id": "moccona-cafe-classics-vanilla-latte-10-pack",
    "brand": "Moccona",
    "name": "Cafe Classics Vanilla Latte Sachets 10 pack",
    "imageUrl": "https://shop.coles.com.au/wcsstore/Coles-CAS/images/2/5/7/2577508-th.jpg",
    "categories": ["pantry"],
    "tags": ["coffe", "coffe-mixes"],
    "locations": {
      "vic": {
        "price": 4.5,
        "promoText": "Was $5.55 on Jul 2018 ",
        "packageSize": "150g",
        "packagePrice": "$3.00 per 100G"
      }
    }
  },
  {
    "id": "nescafe-cafe-menu-coffee-vanilla",
    "brand": "Nescafe",
    "name": "Vanilla Latte Sachets 10 Pack",
    "imageUrl": "https://shop.coles.com.au/wcsstore/Coles-CAS/images/4/4/6/4462846-th.jpg",
    "categories": ["pantry"],
    "tags": ["coffe", "coffe-mixes"],
    "locations": {
      "vic": {
        "price": 3.15,
        "promoText": "$3.15 ",
        "packageSize": "185g",
        "packagePrice": "$1.70 per 100G"
      }
    }
  },
  {
    "id": "nescafe-gold-coffee-sachets-cappuccino-inten",
    "brand": "Nescafe",
    "name": "Gold Cappuccino Intense Coffee Sachets Strong 8 pack",
    "imageUrl": "https://shop.coles.com.au/wcsstore/Coles-CAS/images/3/5/1/3511844-th.jpg",
    "categories": ["pantry"],
    "tags": ["coffe", "coffe-mixes"],
    "locations": {
      "vic": {
        "price": 3.15,
        "promoText": "$3.15 ",
        "packageSize": "123g",
        "packagePrice": "$2.56 per 100G"
      }
    }
  },
  {
    "id": "coles-coffee-cafe-latte",
    "brand": "Coles",
    "name": "Coffee Cafe Latte 10 Sachets",
    "imageUrl": "https://shop.coles.com.au/wcsstore/Coles-CAS/images/6/1/6/6169376-th.jpg",
    "categories": ["pantry"],
    "tags": ["coffe", "coffe-mixes"],
    "locations": {
      "vic": {
        "price": 3.25,
        "promoText": " ",
        "packageSize": "180g",
        "packagePrice": "$1.81 per 100G"
      }
    }
  },
  {
    "id": "coles-caramel-latte-all-in-one-sachets",
    "brand": "Coles",
    "name": "Caramel Latte Coffee Sachets 10 Pack",
    "imageUrl": "https://shop.coles.com.au/wcsstore/Coles-CAS/images/3/4/6/3465703-th.jpg",
    "categories": ["pantry"],
    "tags": ["coffe", "coffe-mixes"],
    "locations": {
      "vic": {
        "price": 3.25,
        "promoText": " ",
        "packageSize": "170g",
        "packagePrice": "$1.91 per 100G"
      }
    }
  },
  {
    "id": "jarrah-special-chai-latte",
    "brand": "Jarrah",
    "name": "Extra Special Coffee Chai Latte",
    "imageUrl": "https://shop.coles.com.au/wcsstore/Coles-CAS/images/3/7/5/3756637-th.jpg",
    "categories": ["pantry"],
    "tags": ["coffe", "coffe-mixes"],
    "locations": {
      "vic": {
        "price": 6,
        "promoText": " ",
        "packageSize": "210g",
        "packagePrice": "$2.86 per 100G"
      }
    }
  },
  {
    "id": "nescafe-cafe-menu-strong-cappuccino",
    "brand": "Nescafe",
    "name": "Strong Cappuccino Sachets 26 Pack",
    "imageUrl": "https://shop.coles.com.au/wcsstore/Coles-CAS/images/2/8/6/2868034-th.jpg",
    "categories": ["pantry"],
    "tags": ["coffe", "coffe-mixes"],
    "locations": {
      "vic": {
        "price": 11,
        "promoText": " ",
        "packageSize": "332g",
        "packagePrice": "$3.31 per 100G"
      }
    }
  },
  {
    "id": "nescafe-gold-coffee-sachets-cappuccino-orig",
    "brand": "Nescafe",
    "name": "Gold Cappuccino Original Coffee Sachets Medium 8 pack",
    "imageUrl": "https://shop.coles.com.au/wcsstore/Coles-CAS/images/3/5/1/3511822-th.jpg",
    "categories": ["pantry"],
    "tags": ["coffe", "coffe-mixes"],
    "locations": {
      "vic": {
        "price": 3.15,
        "promoText": "$3.15 ",
        "packageSize": "123g",
        "packagePrice": "$2.56 per 100G"
      }
    }
  },
  {
    "id": "starbucks-caramel-latte-premium-instant-mixes",
    "brand": "Starbucks",
    "name": "Caramel Latte Premium Instant Mixes",
    "imageUrl": "https://shop.coles.com.au/wcsstore/Coles-CAS/images/3/7/7/3771776-th.jpg",
    "categories": ["pantry"],
    "tags": ["coffe", "coffe-mixes"],
    "locations": {
      "vic": {
        "price": 5.9,
        "promoText": " ",
        "packageSize": "5 pack",
        "packagePrice": "$1.18 per 1Ea"
      }
    }
  },
  {
    "id": "starbucks-latte-premium-instant-mixes",
    "brand": "Starbucks",
    "name": "Latte Premium Instant Mixes",
    "imageUrl": "https://shop.coles.com.au/wcsstore/Coles-CAS/images/3/7/7/3771743-th.jpg",
    "categories": ["pantry"],
    "tags": ["coffe", "coffe-mixes"],
    "locations": {
      "vic": {
        "price": 5.9,
        "promoText": " ",
        "packageSize": "5 pack",
        "packagePrice": "$1.18 per 1Ea"
      }
    }
  },
  {
    "id": "avalanche-caramel-99-sugar-free-sachets",
    "brand": "Avalanche",
    "name": "Caramel Sugar Free Coffee Sachets",
    "imageUrl": "https://shop.coles.com.au/wcsstore/Coles-CAS/images/3/6/3/3631904-th.jpg",
    "categories": ["pantry"],
    "tags": ["coffe", "coffe-mixes"],
    "locations": {
      "vic": {
        "price": 5.5,
        "promoText": " ",
        "packageSize": "10 pack",
        "packagePrice": "$0.55 per 1Ea"
      }
    }
  },
  {
    "id": "bushells-coffee-chicory-essence",
    "brand": "Bushells",
    "name": "Coffee & Chicory Essence",
    "imageUrl": "https://shop.coles.com.au/wcsstore/Coles-CAS/images/1/1/6/116708-th.jpg",
    "categories": ["pantry"],
    "tags": ["coffe", "coffe-mixes"],
    "locations": {
      "vic": {
        "price": 4.3,
        "promoText": " ",
        "packageSize": "250mL",
        "packagePrice": "$1.72 per 100mL"
      }
    }
  },
  {
    "id": "coles-coffee-cappuccino",
    "brand": "Coles",
    "name": "Classic Cappuccino Coffee Sachets 10 Pack",
    "imageUrl": "https://shop.coles.com.au/wcsstore/Coles-CAS/images/6/1/6/6168602-th.jpg",
    "categories": ["pantry"],
    "tags": ["coffe", "coffe-mixes"],
    "locations": {
      "vic": {
        "price": 3.25,
        "promoText": " ",
        "packageSize": "132g",
        "packagePrice": "$2.46 per 100G"
      }
    }
  },
  {
    "id": "coles-strong-cappuccino-all-in-one-sachets",
    "brand": "Coles",
    "name": "Strong Cappuccino Coffee Sachets 10 Pack",
    "imageUrl": "https://shop.coles.com.au/wcsstore/Coles-CAS/images/3/4/6/3465714-th.jpg",
    "categories": ["pantry"],
    "tags": ["coffe", "coffe-mixes"],
    "locations": {
      "vic": {
        "price": 3.25,
        "promoText": " ",
        "packageSize": "132g",
        "packagePrice": "$2.46 per 100G"
      }
    }
  },
  {
    "id": "jarrah-instant-coffee-swiss-style",
    "brand": "Jarrah",
    "name": "Swiss Mochaccino Coffee",
    "imageUrl": "https://shop.coles.com.au/wcsstore/Coles-CAS/images/5/4/3/5436910-th.jpg",
    "categories": ["pantry"],
    "tags": ["coffe", "coffe-mixes"],
    "locations": {
      "vic": {
        "price": 6,
        "promoText": " ",
        "packageSize": "250g",
        "packagePrice": "$2.40 per 100G"
      }
    }
  },
  {
    "id": "jarrah-instant-coffee-brazil-style",
    "brand": "Jarrah",
    "name": "Brazilian Latte Coffee",
    "imageUrl": "https://shop.coles.com.au/wcsstore/Coles-CAS/images/5/4/3/5436896-th.jpg",
    "categories": ["pantry"],
    "tags": ["coffe", "coffe-mixes"],
    "locations": {
      "vic": {
        "price": 6,
        "promoText": " ",
        "packageSize": "250g",
        "packagePrice": "$2.40 per 100G"
      }
    }
  },
  {
    "id": "moccona-cafe-classics-double-shot-latte",
    "brand": "Moccona",
    "name": "Cafe Classics Double Shot Latte",
    "imageUrl": "https://shop.coles.com.au/wcsstore/Coles-CAS/images/3/5/1/3519529-th.jpg",
    "categories": ["pantry"],
    "tags": ["coffe", "coffe-mixes"],
    "locations": {
      "vic": {
        "price": 4.5,
        "promoText": "Was $5.55 on Jul 2018 ",
        "packageSize": "150g",
        "packagePrice": "$3.00 per 1G"
      }
    }
  },
  {
    "id": "moccona-cafe-classics-cappuccino",
    "brand": "Moccona",
    "name": "Cafe Classics Cappuccino",
    "imageUrl": "https://shop.coles.com.au/wcsstore/Coles-CAS/images/3/7/5/3755292-th.jpg",
    "categories": ["pantry"],
    "tags": ["coffe", "coffe-mixes"],
    "locations": {
      "vic": {
        "price": 10.5,
        "promoText": " ",
        "packageSize": "30 pack",
        "packagePrice": "$0.35 per 1Ea"
      }
    }
  },
  {
    "id": "moccona-cafe-classics-latte",
    "brand": "Moccona",
    "name": "Classics Latte Cafe",
    "imageUrl": "https://shop.coles.com.au/wcsstore/Coles-CAS/images/3/7/5/3755281-th.jpg",
    "categories": ["pantry"],
    "tags": ["coffe", "coffe-mixes"],
    "locations": {
      "vic": {
        "price": 10.5,
        "promoText": " ",
        "packageSize": "30 Pack",
        "packagePrice": "$0.35 per 1Ea"
      }
    }
  },
  {
    "id": "nescafe-cafe-menu-vanilla",
    "brand": "Nescafe",
    "name": "Vanilla Latte Sachets 26 Pack",
    "imageUrl": "https://shop.coles.com.au/wcsstore/Coles-CAS/images/2/8/6/2868012-th.jpg",
    "categories": ["pantry"],
    "tags": ["coffe", "coffe-mixes"],
    "locations": {
      "vic": {
        "price": 11,
        "promoText": " ",
        "packageSize": "481g",
        "packagePrice": "$0.42 per 1Ea"
      }
    }
  },
  {
    "id": "nescafe-cafe-menu-caramel",
    "brand": "Nescafe",
    "name": "Caramel Latte Sachets 26 Pack",
    "imageUrl": "https://shop.coles.com.au/wcsstore/Coles-CAS/images/2/8/6/2867993-th.jpg",
    "categories": ["pantry"],
    "tags": ["coffe", "coffe-mixes"],
    "locations": {
      "vic": {
        "price": 11,
        "promoText": " ",
        "packageSize": "442g",
        "packagePrice": "$2.49 per 100G"
      }
    }
  },
  {
    "id": "starbucks-caffe-mocha-premium-instant-mixes",
    "brand": "Starbucks",
    "name": "Cafe Mocha Premium Instant Mixes",
    "imageUrl": "https://shop.coles.com.au/wcsstore/Coles-CAS/images/3/7/7/3771754-th.jpg",
    "categories": ["pantry"],
    "tags": ["coffe", "coffe-mixes"],
    "locations": {
      "vic": {
        "price": 5.9,
        "promoText": " ",
        "packageSize": "5 pack",
        "packagePrice": "$1.18 per 1Ea"
      }
    }
  },
  {
    "id": "starbucks-cappuccino-premium-instant-mixes",
    "brand": "Starbucks",
    "name": "Cappuccino Premium Instant Mixes",
    "imageUrl": "https://shop.coles.com.au/wcsstore/Coles-CAS/images/3/7/7/3771732-th.jpg",
    "categories": ["pantry"],
    "tags": ["coffe", "coffe-mixes"],
    "locations": {
      "vic": {
        "price": 5.9,
        "promoText": " ",
        "packageSize": "5 pack",
        "packagePrice": "$1.18 per 1Ea"
      }
    }
  },
  {
    "id": "lor-espresso-onyx-capsules",
    "brand": "L'OR",
    "name": "Espresso Onyx Intensity 12 Coffee Capsules 10 Pack",
    "imageUrl": "https://shop.coles.com.au/wcsstore/Coles-CAS/images/2/9/5/2951058-th.jpg",
    "categories": ["pantry"],
    "tags": ["coffe", "capsules"],
    "locations": {
      "vic": {
        "price": 4.8,
        "promoText": "$1.20 ",
        "packageSize": "52g",
        "packagePrice": "$0.09 per 1G"
      }
    }
  },
  {
    "id": "lor-espresso-supremo-capsules",
    "brand": "L'OR",
    "name": "Espresso Supremo Intensity 10 Coffee Capsules10 Pack",
    "imageUrl": "https://shop.coles.com.au/wcsstore/Coles-CAS/images/2/9/5/2951069-th.jpg",
    "categories": ["pantry"],
    "tags": ["coffe", "capsules"],
    "locations": {
      "vic": {
        "price": 4.8,
        "promoText": "$1.20 ",
        "packageSize": "52g",
        "packagePrice": "$9.23 per 1G"
      }
    }
  },
  {
    "id": "lor-espresso-ristretto-capsules",
    "brand": "L'OR",
    "name": "Espresso Ristretto Intensity 11 Coffee Capsules 10 pack",
    "imageUrl": "https://shop.coles.com.au/wcsstore/Coles-CAS/images/2/9/5/2959286-th.jpg",
    "categories": ["pantry"],
    "tags": ["coffe", "capsules"],
    "locations": {
      "vic": {
        "price": 4.8,
        "promoText": "$1.20 ",
        "packageSize": "52g",
        "packagePrice": "$9.23 per 100G"
      }
    }
  },
  {
    "id": "nescafe-dolce-gusto-capsules-cappucino",
    "brand": "Nescafe",
    "name": "Dolce Gusto Cappuccino Capsules 16 pack",
    "imageUrl": "https://shop.coles.com.au/wcsstore/Coles-CAS/images/3/2/0/3208074-th.jpg",
    "categories": ["pantry"],
    "tags": ["coffe", "capsules"],
    "locations": {
      "vic": {
        "price": 8.5,
        "promoText": " ",
        "packageSize": "186g",
        "packagePrice": "$4.57 per 100G"
      }
    }
  },
  {
    "id": "nescafe-dolce-gusto-capsules-americano",
    "brand": "Nescafe",
    "name": "Dolce Gusto Americano Coffee Capsules 16 pack",
    "imageUrl": "https://shop.coles.com.au/wcsstore/Coles-CAS/images/3/3/5/3354509-th.jpg",
    "categories": ["pantry"],
    "tags": ["coffe", "capsules"],
    "locations": {
      "vic": {
        "price": 8.5,
        "promoText": " ",
        "packageSize": "128g",
        "packagePrice": "$6.64 per 100G"
      }
    }
  },
  {
    "id": "vittoria-espressotoria-coffee-capsules",
    "brand": "Vittoria",
    "name": "Espressotoria Espresso Coffee Capsules 12 pack",
    "imageUrl": "https://shop.coles.com.au/wcsstore/Coles-CAS/images/1/8/2/1825885-th.jpg",
    "categories": ["pantry"],
    "tags": ["coffe", "capsules"],
    "locations": {
      "vic": {
        "price": 8.4,
        "promoText": " ",
        "packageSize": "78g",
        "packagePrice": "$10.77 per 100G"
      }
    }
  },
  {
    "id": "vittoria-italian-compatible-coffee-capsules-10-pack",
    "brand": "Vittoria",
    "name": "Italian Blend Coffee Capsules 10 Pack",
    "imageUrl": "https://shop.coles.com.au/wcsstore/Coles-CAS/images/2/5/2/2526530-th.jpg",
    "categories": ["pantry"],
    "tags": ["coffe", "capsules"],
    "locations": {
      "vic": {
        "price": 4,
        "promoText": "Was $5.89 on Jun 2016 ",
        "packageSize": "52g",
        "packagePrice": "$7.69 per 100G"
      }
    }
  },
  {
    "id": "vittoria-espresso-compatible-coffee-capsules-10-pack",
    "brand": "Vittoria",
    "name": "Espresso Coffee Capsules 10 Pack",
    "imageUrl": "https://shop.coles.com.au/wcsstore/Coles-CAS/images/2/5/2/2526482-th.jpg",
    "categories": ["pantry"],
    "tags": ["coffe", "capsules"],
    "locations": {
      "vic": {
        "price": 5,
        "promoText": "$2.00 ",
        "packageSize": "52g",
        "packagePrice": "$9.62 per 100G"
      }
    }
  },
  {
    "id": "lor-espresso-lungo-profundo-capsules",
    "brand": "L'OR",
    "name": "Espresso Lungo Profondo Intensity 8 Coffee Capsules 10 Pack",
    "imageUrl": "https://shop.coles.com.au/wcsstore/Coles-CAS/images/2/9/5/2951047-th.jpg",
    "categories": ["pantry"],
    "tags": ["coffe", "capsules"],
    "locations": {
      "vic": {
        "price": 4.8,
        "promoText": "$1.20 ",
        "packageSize": "52g",
        "packagePrice": "$0.09 per 1G"
      }
    }
  },
  {
    "id": "lor-espresso-capsules-lungo-profondo",
    "brand": "L'OR",
    "name": "Espresso Lungo Profondo Intensity 8 Coffee Capsules 20 Pack",
    "imageUrl": "https://shop.coles.com.au/wcsstore/Coles-CAS/images/3/5/2/3525645-th.jpg",
    "categories": ["pantry"],
    "tags": ["coffe", "capsules"],
    "locations": {
      "vic": {
        "price": 8,
        "promoText": "$3.00 ",
        "packageSize": "104g",
        "packagePrice": "$7.69 per 100G"
      }
    }
  },
  {
    "id": "lavazza-amm-coffee-capsules-intensamente",
    "brand": "Lavazza",
    "name": "Espresso Intenso Intensita 13 Ground Coffee 16 Capsules",
    "imageUrl": "https://shop.coles.com.au/wcsstore/Coles-CAS/images/2/2/6/2268810-th.jpg",
    "categories": ["pantry"],
    "tags": ["coffe", "capsules"],
    "locations": {
      "vic": {
        "price": 8,
        "promoText": "$3.00 ",
        "packageSize": "120g",
        "packagePrice": "$6.67 per 100G"
      }
    }
  },
  {
    "id": "moccona-coffee-capsules-espresso-7",
    "brand": "Moccona",
    "name": "Espresso 7 Coffee Capsules 10 pack",
    "imageUrl": "https://shop.coles.com.au/wcsstore/Coles-CAS/images/3/5/2/3525634-th.jpg",
    "categories": ["pantry"],
    "tags": ["coffe", "capsules"],
    "locations": {
      "vic": {
        "price": 6,
        "promoText": " ",
        "packageSize": "52g",
        "packagePrice": "$11.54 per 100G"
      }
    }
  },
  {
    "id": "starbucks-caffe-verona-capsules",
    "brand": "Starbucks",
    "name": "By Nespresso Caffe Verona Capsules",
    "imageUrl": "https://shop.coles.com.au/wcsstore/Coles-CAS/images/3/6/1/3613083-th.jpg",
    "categories": ["pantry"],
    "tags": ["coffe", "capsules"],
    "locations": {
      "vic": {
        "price": 6.9,
        "promoText": "Any 4 $20",
        "packageSize": "10 pack",
        "packagePrice": "$0.69 per 1Ea"
      }
    }
  },
  {
    "id": "coles-coffee-capsules-intensity-8-10-pack",
    "brand": "Coles",
    "name": "Urban Coffee Culture Intensity 6 Medium Coffee Capsules 10 Pack",
    "imageUrl": "https://shop.coles.com.au/wcsstore/Coles-CAS/images/2/3/5/2352304-th.jpg",
    "categories": ["pantry"],
    "tags": ["coffe", "capsules"],
    "locations": {
      "vic": {
        "price": 3.7,
        "promoText": " ",
        "packageSize": "52g",
        "packagePrice": "$7.12 per 100G"
      }
    }
  },
  {
    "id": "illy-espresso-intenso-capsules",
    "brand": "Illy",
    "name": "Espresso Intenso Bold Roast Coffee Capsules 10 pack",
    "imageUrl": "https://shop.coles.com.au/wcsstore/Coles-CAS/images/3/6/2/3626427-th.jpg",
    "categories": ["pantry"],
    "tags": ["coffe", "capsules"],
    "locations": {
      "vic": {
        "price": 7.5,
        "promoText": " ",
        "packageSize": "57g",
        "packagePrice": "$13.16 per 100G"
      }
    }
  },
  {
    "id": "republica-coffee-capsules-paris",
    "brand": "Republica Organic",
    "name": "Paris Intensity 10 Biodegradable Coffee Capsules",
    "imageUrl": "https://shop.coles.com.au/wcsstore/Coles-CAS/images/1/9/9/1992854-th.jpg",
    "categories": ["pantry"],
    "tags": ["coffe", "capsules"],
    "locations": {
      "vic": {
        "price": 5,
        "promoText": " ",
        "packageSize": "10 pack",
        "packagePrice": "$9.09 per 100G"
      }
    }
  },
  {
    "id": "starbucks-house-blend-lungo-capsules",
    "brand": "Starbucks",
    "name": "By Nespresso House Blend Lungo Capsules",
    "imageUrl": "https://shop.coles.com.au/wcsstore/Coles-CAS/images/3/6/1/3613050-th.jpg",
    "categories": ["pantry"],
    "tags": ["coffe", "capsules"],
    "locations": {
      "vic": {
        "price": 6.9,
        "promoText": "Any 4 $20",
        "packageSize": "10 pack",
        "packagePrice": "$0.69 per 1Ea"
      }
    }
  },
  {
    "id": "starbucks-dark-espresso-roast-capsules",
    "brand": "Starbucks",
    "name": "By Nespresso Dark Espresso Roast Capsules",
    "imageUrl": "https://shop.coles.com.au/wcsstore/Coles-CAS/images/3/6/1/3613072-th.jpg",
    "categories": ["pantry"],
    "tags": ["coffe", "capsules"],
    "locations": {
      "vic": {
        "price": 6.9,
        "promoText": "Any 4 $20",
        "packageSize": "10 pack",
        "packagePrice": "$0.69 per 1Ea"
      }
    }
  },
  {
    "id": "starbucks-pike-place-capsules",
    "brand": "Starbucks",
    "name": "Pike Place Capsules",
    "imageUrl": "https://shop.coles.com.au/wcsstore/Coles-CAS/images/3/7/7/3772950-th.jpg",
    "categories": ["pantry"],
    "tags": ["coffe", "capsules"],
    "locations": {
      "vic": {
        "price": 6.9,
        "promoText": "Any 4 $20",
        "packageSize": "10 pack",
        "packagePrice": "$0.69 per 1Ea"
      }
    }
  },
  {
    "id": "coles-coffee-caps-intensity-10-10-pack",
    "brand": "Coles",
    "name": "Urban Coffee Culture Intensity 10 Strong Coffee Capsules 10 Pack",
    "imageUrl": "https://shop.coles.com.au/wcsstore/Coles-CAS/images/2/3/5/2352326-th.jpg",
    "categories": ["pantry"],
    "tags": ["coffe", "capsules"],
    "locations": {
      "vic": {
        "price": 3.7,
        "promoText": " ",
        "packageSize": "52g",
        "packagePrice": "$7.12 per 100G"
      }
    }
  },
  {
    "id": "illy-espresso-classico-capsules",
    "brand": "Illy",
    "name": "Espresso Classico Classic Roast Coffee Capsules 10 pack",
    "imageUrl": "https://shop.coles.com.au/wcsstore/Coles-CAS/images/3/6/2/3626405-th.jpg",
    "categories": ["pantry"],
    "tags": ["coffe", "capsules"],
    "locations": {
      "vic": {
        "price": 7.5,
        "promoText": " ",
        "packageSize": "57g",
        "packagePrice": "$13.16 per 100G"
      }
    }
  },
  {
    "id": "lor-espresso-oro-sublime-capsules",
    "brand": "L'OR",
    "name": "Espresso Capsules 10 Pack Or Absolu 10 Pack",
    "imageUrl": "https://shop.coles.com.au/wcsstore/Coles-CAS/images/2/9/5/2951116-th.jpg",
    "categories": ["pantry"],
    "tags": ["coffe", "capsules"],
    "locations": {
      "vic": {
        "price": 4.8,
        "promoText": "$1.20 ",
        "packageSize": "52g",
        "packagePrice": "$0.48 per 1Ea"
      }
    }
  },
  {
    "id": "lor-espresso-papua-new-guinea-capsules",
    "brand": "L'OR",
    "name": "Espresso Papua New Guinea Intensity 7 Coffee Capsules 10 Pack",
    "imageUrl": "https://shop.coles.com.au/wcsstore/Coles-CAS/images/2/9/5/2951105-th.jpg",
    "categories": ["pantry"],
    "tags": ["coffe", "capsules"],
    "locations": {
      "vic": {
        "price": 4.8,
        "promoText": "$1.20 ",
        "packageSize": "52g",
        "packagePrice": "$92.33 per 1KG"
      }
    }
  },
  {
    "id": "lavazza-amodo-mio-armonico-coffee-capsules",
    "brand": "Lavazza",
    "name": "Espresso Delizioso Intensita 8 Coffee Capsules",
    "imageUrl": "https://shop.coles.com.au/wcsstore/Coles-CAS/images/1/7/7/1774194-th.jpg",
    "categories": ["pantry"],
    "tags": ["coffe", "capsules"],
    "locations": {
      "vic": {
        "price": 8,
        "promoText": "$3.00 ",
        "packageSize": "16 pack",
        "packagePrice": "$0.50 per 1Ea"
      }
    }
  },
  {
    "id": "lavazza-a-modo-mio-qualita-rossa-capsules",
    "brand": "Lavazza",
    "name": "Expresso Intensita 10 Ground Coffee 16 Capsules",
    "imageUrl": "https://shop.coles.com.au/wcsstore/Coles-CAS/images/3/5/1/3514490-th.jpg",
    "categories": ["pantry"],
    "tags": ["coffe", "capsules"],
    "locations": {
      "vic": {
        "price": 8,
        "promoText": "$3.00 ",
        "packageSize": "16 pack",
        "packagePrice": "$0.50 per 1Ea"
      }
    }
  },
  {
    "id": "starbucks-blonde-espresso-roast-capsules",
    "brand": "Starbucks",
    "name": "By Nespresso Blonde Espresso Roast Capsules",
    "imageUrl": "https://shop.coles.com.au/wcsstore/Coles-CAS/images/3/6/1/3613061-th.jpg",
    "categories": ["pantry"],
    "tags": ["coffe", "capsules"],
    "locations": {
      "vic": {
        "price": 6.9,
        "promoText": "Any 4 $20",
        "packageSize": "10 pack",
        "packagePrice": "$0.69 per 1Ea"
      }
    }
  },
  {
    "id": "starbucks-single-origin-sumatra-capsules",
    "brand": "Starbucks",
    "name": "By Nespresso Single Origin Coffee Sumatra Capsules",
    "imageUrl": "https://shop.coles.com.au/wcsstore/Coles-CAS/images/3/6/1/3613040-th.jpg",
    "categories": ["pantry"],
    "tags": ["coffe", "capsules"],
    "locations": {
      "vic": {
        "price": 6.9,
        "promoText": "Any 4 $20",
        "packageSize": "10 pack",
        "packagePrice": "$0.69 per 1Ea"
      }
    }
  },
  {
    "id": "coles-coffee-capsules-intensity-6-10-pack",
    "brand": "Coles",
    "name": "Urban Coffee Culture Intensity 8 Decaffeinated Coffee  Capsules 10 Pack",
    "imageUrl": "https://shop.coles.com.au/wcsstore/Coles-CAS/images/2/3/5/2352315-th.jpg",
    "categories": ["pantry"],
    "tags": ["coffe", "capsules"],
    "locations": {
      "vic": {
        "price": 3.7,
        "promoText": " ",
        "packageSize": "52g",
        "packagePrice": "$7.12 per 100G"
      }
    }
  },
  {
    "id": "illy-espresso-forte-capsules",
    "brand": "Illy",
    "name": "Espresso Forte Extra Bold Roast Coffee Capsules 10 pack",
    "imageUrl": "https://shop.coles.com.au/wcsstore/Coles-CAS/images/3/6/2/3626416-th.jpg",
    "categories": ["pantry"],
    "tags": ["coffe", "capsules"],
    "locations": {
      "vic": {
        "price": 7.5,
        "promoText": " ",
        "packageSize": "57g",
        "packagePrice": "$13.16 per 100G"
      }
    }
  },
  {
    "id": "lor-espresso-columbia-capsules",
    "brand": "L'OR",
    "name": "Espresso Colombia Intensity 8 Coffee Capsules 10 Pack",
    "imageUrl": "https://shop.coles.com.au/wcsstore/Coles-CAS/images/2/9/5/2951091-th.jpg",
    "categories": ["pantry"],
    "tags": ["coffe", "capsules"],
    "locations": {
      "vic": {
        "price": 4.8,
        "promoText": "$1.20 ",
        "packageSize": "52g",
        "packagePrice": "$0.92 per 10G"
      }
    }
  },
  {
    "id": "lor-espresso-capsules-lungo-estremo",
    "brand": "L'OR",
    "name": "Espresso Lungo Estremo Intensity 10 Coffee Capsules 10 Pack",
    "imageUrl": "https://shop.coles.com.au/wcsstore/Coles-CAS/images/3/1/9/3193217-th.jpg",
    "categories": ["pantry"],
    "tags": ["coffe", "capsules"],
    "locations": {
      "vic": {
        "price": 4.8,
        "promoText": "$1.20 ",
        "packageSize": "52g",
        "packagePrice": "$92.33 per 1KG"
      }
    }
  },
  {
    "id": "lavazza-espresso-capsules-deciso",
    "brand": "Lavazza",
    "name": "Espresso Deciso Intensita 10 Coffee Capsules",
    "imageUrl": "https://shop.coles.com.au/wcsstore/Coles-CAS/images/3/5/1/3514139-th.jpg",
    "categories": ["pantry"],
    "tags": ["coffe", "capsules"],
    "locations": {
      "vic": {
        "price": 13,
        "promoText": "Was $15.00 on May 2019 ",
        "packageSize": "30 pack",
        "packagePrice": "$0.43 per 1Ea"
      }
    }
  },
  {
    "id": "moccona-coffee-capsules-ristretto-12",
    "brand": "Moccona",
    "name": "Ristretto 12 Espresso Coffee Capsules 10 pack",
    "imageUrl": "https://shop.coles.com.au/wcsstore/Coles-CAS/images/3/1/9/3193421-th.jpg",
    "categories": ["pantry"],
    "tags": ["coffe", "capsules"],
    "locations": {
      "vic": {
        "price": 6,
        "promoText": " ",
        "packageSize": "52g",
        "packagePrice": "$11.54 per 100G"
      }
    }
  },
  {
    "id": "moccona-coffee-capsules-lungo-8",
    "brand": "Moccona",
    "name": "Lungo 8 Coffee Capsules 10 Pack",
    "imageUrl": "https://shop.coles.com.au/wcsstore/Coles-CAS/images/3/5/1/3512632-th.jpg",
    "categories": ["pantry"],
    "tags": ["coffe", "capsules"],
    "locations": {
      "vic": {
        "price": 6,
        "promoText": " ",
        "packageSize": "52g",
        "packagePrice": "$11.54 per 100G"
      }
    }
  },
  {
    "id": "st-remio-k-fee-caffitaly-capsules-strong",
    "brand": "St Remio",
    "name": "Strong K-Fee Caffitaly Coffee Capsules 10 Pack",
    "imageUrl": "https://shop.coles.com.au/wcsstore/Coles-CAS/images/3/2/2/3224864-th.jpg",
    "categories": ["pantry"],
    "tags": ["coffe", "capsules"],
    "locations": {
      "vic": {
        "price": 3.75,
        "promoText": " ",
        "packageSize": "80g",
        "packagePrice": "$4.69 per 100G"
      }
    }
  },
  {
    "id": "st-remio-k-fee-caffitaly-capsules-intense",
    "brand": "St Remio",
    "name": "Intense K-Fee Caffitaly Coffee Capsules 10 Pack",
    "imageUrl": "https://shop.coles.com.au/wcsstore/Coles-CAS/images/3/2/2/3224875-th.jpg",
    "categories": ["pantry"],
    "tags": ["coffe", "capsules"],
    "locations": {
      "vic": {
        "price": 3.75,
        "promoText": " ",
        "packageSize": "80g",
        "packagePrice": "$4.69 per 100G"
      }
    }
  },
  {
    "id": "starbucks-ndg-capsules-espresso-roast",
    "brand": "Starbucks",
    "name": "Nescafe Dolce Gusto Capsules Espresso Roast",
    "imageUrl": "https://shop.coles.com.au/wcsstore/Coles-CAS/images/3/7/7/3777105-th.jpg",
    "categories": ["pantry"],
    "tags": ["coffe", "capsules"],
    "locations": {
      "vic": {
        "price": 8.5,
        "promoText": " ",
        "packageSize": "12 pack",
        "packagePrice": "$0.71 per 1Ea"
      }
    }
  },
  {
    "id": "coles-coffee-capsules-intensity-12-10-pack",
    "brand": "Coles",
    "name": "Urban Coffee Culture Intensity 12 Intense Coffee  Capsules 10 Pack",
    "imageUrl": "https://shop.coles.com.au/wcsstore/Coles-CAS/images/2/3/5/2352337-th.jpg",
    "categories": ["pantry"],
    "tags": ["coffe", "capsules"],
    "locations": {
      "vic": {
        "price": 3.7,
        "promoText": " ",
        "packageSize": "52g",
        "packagePrice": "$7.12 per 100G"
      }
    }
  },
  {
    "id": "coles-urban-coffee-culture-capsules-supreme",
    "brand": "Coles",
    "name": "Urban Coffee Culture Intensity 11 Supreme Coffee Capsules 10 pack",
    "imageUrl": "https://shop.coles.com.au/wcsstore/Coles-CAS/images/3/2/0/3209022-th.jpg",
    "categories": ["pantry"],
    "tags": ["coffe", "capsules"],
    "locations": {
      "vic": {
        "price": 3.7,
        "promoText": " ",
        "packageSize": "52g",
        "packagePrice": "$7.12 per 100G"
      }
    }
  },
  {
    "id": "coles-dolce-gusto-capsules-cappuccino",
    "brand": "Coles",
    "name": "Dolce Gusto Cappuccino Intensity 9 Coffee Capsules",
    "imageUrl": "https://shop.coles.com.au/wcsstore/Coles-CAS/images/3/2/0/3209044-th.jpg",
    "categories": ["pantry"],
    "tags": ["coffe", "capsules"],
    "locations": {
      "vic": {
        "price": 6.5,
        "promoText": " ",
        "packageSize": "16 pack",
        "packagePrice": "$0.41 per 1Ea"
      }
    }
  },
  {
    "id": "coles-urban-coffe-culture-dolc-gus-hot-choc",
    "brand": "Coles",
    "name": "Urban Coffee Culture Dolce Gusto Hot Chocolate Capsules",
    "imageUrl": "https://shop.coles.com.au/wcsstore/Coles-CAS/images/3/6/5/3653383-th.jpg",
    "categories": ["pantry"],
    "tags": ["coffe", "capsules"],
    "locations": {
      "vic": {
        "price": 6.5,
        "promoText": " ",
        "packageSize": "16 pack",
        "packagePrice": "$0.41 per 1Ea"
      }
    }
  },
  {
    "id": "lor-espresso-sontuoso-capsules",
    "brand": "L'OR",
    "name": "Espresso Sontuoso Intensity 8 Coffee Capsules 10 Pack",
    "imageUrl": "https://shop.coles.com.au/wcsstore/Coles-CAS/images/2/9/5/2951036-th.jpg",
    "categories": ["pantry"],
    "tags": ["coffe", "capsules"],
    "locations": {
      "vic": {
        "price": 4.8,
        "promoText": "$1.20 ",
        "packageSize": "52g",
        "packagePrice": "$0.09 per 1G"
      }
    }
  },
  {
    "id": "lor-espresso-capsules-onyx",
    "brand": "L'OR",
    "name": "Espresso Onyx Intensity 12 Coffee Capsules 20 Pack",
    "imageUrl": "https://shop.coles.com.au/wcsstore/Coles-CAS/images/3/5/1/3519518-th.jpg",
    "categories": ["pantry"],
    "tags": ["coffe", "capsules"],
    "locations": {
      "vic": {
        "price": 8,
        "promoText": "$3.00 ",
        "packageSize": "104g",
        "packagePrice": "$7.69 per 100G"
      }
    }
  },
  {
    "id": "lavazza-amodo-mio-deciso-coffee-capsules",
    "brand": "Lavazza",
    "name": "Espresso Passionale Intensita 11 Ground Coffee 16 Capsules",
    "imageUrl": "https://shop.coles.com.au/wcsstore/Coles-CAS/images/1/7/7/1774208-th.jpg",
    "categories": ["pantry"],
    "tags": ["coffe", "capsules"],
    "locations": {
      "vic": {
        "price": 8,
        "promoText": "$3.00 ",
        "packageSize": "120g",
        "packagePrice": "$6.67 per 100G"
      }
    }
  },
  {
    "id": "moccona-coffee-capsules-espresso-10",
    "brand": "Moccona",
    "name": "Espresso Coffee Capsules 10 pack",
    "imageUrl": "https://shop.coles.com.au/wcsstore/Coles-CAS/images/3/1/9/3193410-th.jpg",
    "categories": ["pantry"],
    "tags": ["coffe", "capsules"],
    "locations": {
      "vic": {
        "price": 6,
        "promoText": " ",
        "packageSize": "52g",
        "packagePrice": "$11.54 per 100G"
      }
    }
  },
  {
    "id": "nescafe-dolce-gusto-coffee-capsules-cafe-au-lait",
    "brand": "Nescafe",
    "name": "Dolce Gusto Cafe Au Lait Coffee Capsules 16 Pack",
    "imageUrl": "https://shop.coles.com.au/wcsstore/Coles-CAS/images/9/9/2/9928338-th.jpg",
    "categories": ["pantry"],
    "tags": ["coffe", "capsules"],
    "locations": {
      "vic": {
        "price": 8.5,
        "promoText": " ",
        "packageSize": "160g",
        "packagePrice": "$5.31 per 100G"
      }
    }
  },
  {
    "id": "republica-organic-capsules-sydney",
    "brand": "Republica Organic",
    "name": "Capsules Sydney",
    "imageUrl": "https://shop.coles.com.au/wcsstore/Coles-CAS/images/3/7/6/3766186-th.jpg",
    "categories": ["pantry"],
    "tags": ["coffe", "capsules"],
    "locations": {
      "vic": {
        "price": 9.5,
        "promoText": " ",
        "packageSize": "20 pack",
        "packagePrice": "$0.48 per 1Ea"
      }
    }
  },
  {
    "id": "republica-organic-capsules-byron-bay",
    "brand": "Republica Organic",
    "name": "Capsules Byron Bay",
    "imageUrl": "https://shop.coles.com.au/wcsstore/Coles-CAS/images/3/7/6/3766674-th.jpg",
    "categories": ["pantry"],
    "tags": ["coffe", "capsules"],
    "locations": {
      "vic": {
        "price": 5,
        "promoText": " ",
        "packageSize": "10 pack",
        "packagePrice": "$0.50 per 1Ea"
      }
    }
  },
  {
    "id": "st-remio-k-fee-caffitaly-capsules-classic",
    "brand": "St Remio",
    "name": "Classic K-Fee Caffitaly Coffee Capsules 10 Pack",
    "imageUrl": "https://shop.coles.com.au/wcsstore/Coles-CAS/images/3/2/2/3224886-th.jpg",
    "categories": ["pantry"],
    "tags": ["coffe", "capsules"],
    "locations": {
      "vic": {
        "price": 3.75,
        "promoText": " ",
        "packageSize": "80g",
        "packagePrice": "$4.69 per 100G"
      }
    }
  },
  {
    "id": "starbucks-single-origin-colombia-capsules",
    "brand": "Starbucks",
    "name": "By Nespresso Single Origin Coffee Colombia Capsules",
    "imageUrl": "https://shop.coles.com.au/wcsstore/Coles-CAS/images/3/6/1/3612987-th.jpg",
    "categories": ["pantry"],
    "tags": ["coffe", "capsules"],
    "locations": {
      "vic": {
        "price": 6.9,
        "promoText": "Any 4 $20",
        "packageSize": "10 pack",
        "packagePrice": "$0.69 per 1Ea"
      }
    }
  },
  {
    "id": "starbucks-ndg-capsules-cappuccino",
    "brand": "Starbucks",
    "name": "Nescafe Dolce Gusto Capsules Cappuccino",
    "imageUrl": "https://shop.coles.com.au/wcsstore/Coles-CAS/images/3/7/7/3777116-th.jpg",
    "categories": ["pantry"],
    "tags": ["coffe", "capsules"],
    "locations": {
      "vic": {
        "price": 8.5,
        "promoText": " ",
        "packageSize": "12 pack",
        "packagePrice": "$0.71 per 1Ea"
      }
    }
  },
  {
    "id": "starbucks-ndg-capsules-espresso-blonde-roast",
    "brand": "Starbucks",
    "name": "Nescafe Dolce Gusto Capsules Espresso Blonde Roast",
    "imageUrl": "https://shop.coles.com.au/wcsstore/Coles-CAS/images/3/7/7/3777080-th.jpg",
    "categories": ["pantry"],
    "tags": ["coffe", "capsules"],
    "locations": {
      "vic": {
        "price": 8.5,
        "promoText": " ",
        "packageSize": "12 pack",
        "packagePrice": "$0.71 per 1Ea"
      }
    }
  },
  {
    "id": "vittoria-oro-compatible-capsules",
    "brand": "Vittoria",
    "name": "Oro Coffee Capsules 10 pack",
    "imageUrl": "https://shop.coles.com.au/wcsstore/Coles-CAS/images/2/7/3/2732316-th.jpg",
    "categories": ["pantry"],
    "tags": ["coffe", "capsules"],
    "locations": {
      "vic": {
        "price": 5,
        "promoText": "Was $7.50 on Jun 2019 ",
        "packageSize": "52g",
        "packagePrice": "$9.62 per 100Ea"
      }
    }
  },
  {
    "id": "espressotoria-aurora-italian-coffee-capsules-12-pack",
    "brand": "Caffe Aurora",
    "name": "Espressotoria Italian Coffee Capsules",
    "imageUrl": "https://shop.coles.com.au/wcsstore/Coles-CAS/images/1/8/2/1825874-th.jpg",
    "categories": ["pantry"],
    "tags": ["coffe", "capsules"],
    "locations": {
      "vic": {
        "price": 4.45,
        "promoText": "$1.15 ",
        "packageSize": "12 pack",
        "packagePrice": "$0.37 per 1Ea"
      }
    }
  },
  {
    "id": "coles-dolce-gusto-capsules-ristretto",
    "brand": "Coles",
    "name": "Dolce Gusto Ristretto Intensity 11 Coffee Capsules",
    "imageUrl": "https://shop.coles.com.au/wcsstore/Coles-CAS/images/3/2/0/3209066-th.jpg",
    "categories": ["pantry"],
    "tags": ["coffe", "capsules"],
    "locations": {
      "vic": {
        "price": 5.5,
        "promoText": " ",
        "packageSize": "16 pack",
        "packagePrice": "$0.34 per 1Ea"
      }
    }
  },
  {
    "id": "coles-urban-coffee-culture-sng-origin-brazil",
    "brand": "Coles",
    "name": "Urban Coffee Culture Intensity 8 Brazil Coffee Capsules 10 Pack",
    "imageUrl": "https://shop.coles.com.au/wcsstore/Coles-CAS/images/3/5/0/3502617-th.jpg",
    "categories": ["pantry"],
    "tags": ["coffe", "capsules"],
    "locations": {
      "vic": {
        "price": 3.7,
        "promoText": " ",
        "packageSize": "52g",
        "packagePrice": "$0.71 per 10G"
      }
    }
  },
  {
    "id": "coles-dolce-gusto-capsules-americano",
    "brand": "Coles",
    "name": "Dolce Gusto Americano Intensity 4 Coffee Capsules 16 Pack",
    "imageUrl": "https://shop.coles.com.au/wcsstore/Coles-CAS/images/3/2/0/3209055-th.jpg",
    "categories": ["pantry"],
    "tags": ["coffe", "capsules"],
    "locations": {
      "vic": {
        "price": 6.5,
        "promoText": " ",
        "packageSize": "128g",
        "packagePrice": "$5.08 per 100G"
      }
    }
  },
  {
    "id": "daley-stret-light-medium-coffe-capsules",
    "brand": "Daley Street",
    "name": "Light/Medium Coffee Capsules",
    "imageUrl": "https://shop.coles.com.au/wcsstore/Coles-CAS/images/3/7/4/3745404-th.jpg",
    "categories": ["pantry"],
    "tags": ["coffe", "capsules"],
    "locations": {
      "vic": {
        "price": 5,
        "promoText": " ",
        "packageSize": "10 PACK",
        "packagePrice": ""
      }
    }
  },
  {
    "id": "daley-stret-light-coffe-capsules",
    "brand": "Daley Street",
    "name": "Light Coffee Capsules",
    "imageUrl": "https://shop.coles.com.au/wcsstore/Coles-CAS/images/3/7/4/3745426-th.jpg",
    "categories": ["pantry"],
    "tags": ["coffe", "capsules"],
    "locations": {
      "vic": {
        "price": 5,
        "promoText": " ",
        "packageSize": "10 PACK",
        "packagePrice": ""
      }
    }
  },
  {
    "id": "daley-stret-medium-coffe-capsules",
    "brand": "Daley Street",
    "name": "Medium Coffee Capsules",
    "imageUrl": "https://shop.coles.com.au/wcsstore/Coles-CAS/images/3/7/4/3745415-th.jpg",
    "categories": ["pantry"],
    "tags": ["coffe", "capsules"],
    "locations": {
      "vic": {
        "price": 5,
        "promoText": " ",
        "packageSize": "10 PACK",
        "packagePrice": ""
      }
    }
  },
  {
    "id": "daley-stret-medium-dark-coffe-capsules",
    "brand": "Daley Street",
    "name": "Medium/Dark Coffee Capsules",
    "imageUrl": "https://shop.coles.com.au/wcsstore/Coles-CAS/images/3/7/4/3745324-th.jpg",
    "categories": ["pantry"],
    "tags": ["coffe", "capsules"],
    "locations": {
      "vic": {
        "price": 5,
        "promoText": " ",
        "packageSize": "10 PACK",
        "packagePrice": ""
      }
    }
  },
  {
    "id": "espressotoria-vittoria-mountain-grown-coffee-capsules",
    "brand": "Espressotoria",
    "name": "Vittoria Coffee Mountain Grown Coffee Capsules",
    "imageUrl": "https://shop.coles.com.au/wcsstore/Coles-CAS/images/2/0/0/2002732-th.jpg",
    "categories": ["pantry"],
    "tags": ["coffe", "capsules"],
    "locations": {
      "vic": {
        "price": 7.5,
        "promoText": " ",
        "packageSize": "12 pack",
        "packagePrice": "$0.63 per 1Ea"
      }
    }
  },
  {
    "id": "lor-espresso-capsules-ristretto-decaffeinato",
    "brand": "L'OR",
    "name": "Espresso Decaffeinato Ristretto Intensity 9 Coffee Capsules 10 pack",
    "imageUrl": "https://shop.coles.com.au/wcsstore/Coles-CAS/images/3/1/9/3193396-th.jpg",
    "categories": ["pantry"],
    "tags": ["coffe", "capsules"],
    "locations": {
      "vic": {
        "price": 4.8,
        "promoText": "$1.20 ",
        "packageSize": "52g",
        "packagePrice": "$9.23 per 100G"
      }
    }
  },
  {
    "id": "lor-espresso-capsules-india",
    "brand": "L'OR",
    "name": "Espresso India Karnataka Coffee Aluminium Capsules 10 pack",
    "imageUrl": "https://shop.coles.com.au/wcsstore/Coles-CAS/images/3/5/3/3537032-th.jpg",
    "categories": ["pantry"],
    "tags": ["coffe", "capsules"],
    "locations": {
      "vic": {
        "price": 4.8,
        "promoText": "$1.20 ",
        "packageSize": "52g",
        "packagePrice": "$9.23 per 100G"
      }
    }
  },
  {
    "id": "l-or-espresso-capsules-ristretto",
    "brand": "L'Or",
    "name": "Espresso Capsules Ristretto",
    "imageUrl": "https://shop.coles.com.au/wcsstore/Coles-CAS/images/3/7/5/3755179-th.jpg",
    "categories": ["pantry"],
    "tags": ["coffe", "capsules"],
    "locations": {
      "vic": {
        "price": 18,
        "promoText": " ",
        "packageSize": "40 pack",
        "packagePrice": "$0.45 per 1Ea"
      }
    }
  },
  {
    "id": "l-or-espresso-capsules-ultimo",
    "brand": "L'Or",
    "name": "Espresso Capsules Ultimo",
    "imageUrl": "https://shop.coles.com.au/wcsstore/Coles-CAS/images/3/7/5/3755340-th.jpg",
    "categories": ["pantry"],
    "tags": ["coffe", "capsules"],
    "locations": {
      "vic": {
        "price": 4.8,
        "promoText": "$1.20 ",
        "packageSize": "10 pack",
        "packagePrice": "$0.48 per 1Ea"
      }
    }
  },
  {
    "id": "l-or-espresso-capsules-guatemala",
    "brand": "L'Or",
    "name": "Espresso Capsules Guatemala",
    "imageUrl": "https://shop.coles.com.au/wcsstore/Coles-CAS/images/3/7/5/3755226-th.jpg",
    "categories": ["pantry"],
    "tags": ["coffe", "capsules"],
    "locations": {
      "vic": {
        "price": 4.8,
        "promoText": "$1.20 ",
        "packageSize": "10 pack",
        "packagePrice": "$0.48 per 1Ea"
      }
    }
  },
  {
    "id": "lavazza-a-modo-mio-tiny-coffee-machine-black",
    "brand": "Lavazza",
    "name": "A Modo Mio Tiny Black Coffee Machine",
    "imageUrl": "https://shop.coles.com.au/wcsstore/Coles-CAS/images/3/2/0/3208620-th.jpg",
    "categories": ["pantry"],
    "tags": ["coffe", "capsules"],
    "locations": {
      "vic": {
        "price": 79,
        "promoText": " ",
        "packageSize": "",
        "packagePrice": "$79.00 per 1Ea"
      }
    }
  },
  {
    "id": "lavazza-a-modo-mio-caps-dek-decaffeinated",
    "brand": "Lavazza",
    "name": "Espresso Dek Cremoso Intensita 7 Decaffeinated Coffee Capsules",
    "imageUrl": "https://shop.coles.com.au/wcsstore/Coles-CAS/images/3/2/0/3208722-th.jpg",
    "categories": ["pantry"],
    "tags": ["coffe", "capsules"],
    "locations": {
      "vic": {
        "price": 8,
        "promoText": "$3.00 ",
        "packageSize": "16 pack",
        "packagePrice": "$0.50 per 1Ea"
      }
    }
  },
  {
    "id": "lavazza-a-modo-mio-capsules-lungo-dolce",
    "brand": "Lavazza",
    "name": "A Modo Mio Capsules Lungo Dolce",
    "imageUrl": "https://shop.coles.com.au/wcsstore/Coles-CAS/images/3/7/5/3756579-th.jpg",
    "categories": ["pantry"],
    "tags": ["coffe", "capsules"],
    "locations": {
      "vic": {
        "price": 8,
        "promoText": "$3.00 ",
        "packageSize": "16 pack",
        "packagePrice": "$0.50 per 1Ea"
      }
    }
  },
  {
    "id": "lavazza-espresso-capsules-armonico",
    "brand": "Lavazza",
    "name": "Espresso Capsules Armonico",
    "imageUrl": "https://shop.coles.com.au/wcsstore/Coles-CAS/images/3/7/5/3756488-th.jpg",
    "categories": ["pantry"],
    "tags": ["coffe", "capsules"],
    "locations": {
      "vic": {
        "price": 13,
        "promoText": " ",
        "packageSize": "30 pack",
        "packagePrice": "$0.43 per 1Ea"
      }
    }
  },
  {
    "id": "lavazza-espresso-capsules-vigoroso",
    "brand": "Lavazza",
    "name": "Espresso Capsules Vigoroso",
    "imageUrl": "https://shop.coles.com.au/wcsstore/Coles-CAS/images/3/7/5/3756535-th.jpg",
    "categories": ["pantry"],
    "tags": ["coffe", "capsules"],
    "locations": {
      "vic": {
        "price": 13,
        "promoText": " ",
        "packageSize": "30 pack",
        "packagePrice": "$0.43 per 1Ea"
      }
    }
  },
  {
    "id": "moccona-coffe-capsules-ristretto-12",
    "brand": "Moccona",
    "name": "Ristretto 12 Coffee Capsules",
    "imageUrl": "https://shop.coles.com.au/wcsstore/Coles-CAS/images/3/7/5/3755306-th.jpg",
    "categories": ["pantry"],
    "tags": ["coffe", "capsules"],
    "locations": {
      "vic": {
        "price": 9,
        "promoText": " ",
        "packageSize": "20 Pack",
        "packagePrice": "$0.45 per 1Ea"
      }
    }
  },
  {
    "id": "nescafe-dolce-gusto-capsules-espresso-intenso",
    "brand": "Nescafe",
    "name": "Dolce Gusto Espresso Intenso Coffee Capsules 16 pack",
    "imageUrl": "https://shop.coles.com.au/wcsstore/Coles-CAS/images/3/3/5/3354510-th.jpg",
    "categories": ["pantry"],
    "tags": ["coffe", "capsules"],
    "locations": {
      "vic": {
        "price": 8.5,
        "promoText": " ",
        "packageSize": "96g",
        "packagePrice": "$8.85 per 100G"
      }
    }
  },
  {
    "id": "republica-organic-melbourne-coffee-capsules",
    "brand": "Republica",
    "name": "Organic Melbourne Laneway Ristretto Intensity 14 Coffee Capsules 10 Pack",
    "imageUrl": "https://shop.coles.com.au/wcsstore/Coles-CAS/images/3/5/1/3513271-th.jpg",
    "categories": ["pantry"],
    "tags": ["coffe", "capsules"],
    "locations": {
      "vic": {
        "price": 5,
        "promoText": " ",
        "packageSize": "55g",
        "packagePrice": "$9.09 per 100G"
      }
    }
  },
  {
    "id": "republica-organic-sydney-double-shot-nespresso",
    "brand": "Republica Organic",
    "name": "Sydney Intensity 14 Biodegradable Coffee Capsules",
    "imageUrl": "https://shop.coles.com.au/wcsstore/Coles-CAS/images/3/2/0/3208948-th.jpg",
    "categories": ["pantry"],
    "tags": ["coffe", "capsules"],
    "locations": {
      "vic": {
        "price": 5,
        "promoText": " ",
        "packageSize": "10 pack",
        "packagePrice": "$9.09 per 100G"
      }
    }
  },
  {
    "id": "republica-organic-capsules-paris",
    "brand": "Republica Organic",
    "name": "Capsules Paris",
    "imageUrl": "https://shop.coles.com.au/wcsstore/Coles-CAS/images/3/7/6/3766197-th.jpg",
    "categories": ["pantry"],
    "tags": ["coffe", "capsules"],
    "locations": {
      "vic": {
        "price": 9.5,
        "promoText": " ",
        "packageSize": "20 pack",
        "packagePrice": "$0.48 per 1Ea"
      }
    }
  },
  {
    "id": "st-remio-k-fee-caffitaly-capsules-supreme",
    "brand": "St Remio",
    "name": "Supreme Intensity 13 Ground Coffee 10 Capsules",
    "imageUrl": "https://shop.coles.com.au/wcsstore/Coles-CAS/images/3/5/1/3513464-th.jpg",
    "categories": ["pantry"],
    "tags": ["coffe", "capsules"],
    "locations": {
      "vic": {
        "price": 3.75,
        "promoText": " ",
        "packageSize": "80g",
        "packagePrice": "$4.69 per 10G"
      }
    }
  },
  {
    "id": "st-remio-k-fee-caffitaly-capsules-bold",
    "brand": "St Remio",
    "name": "Bold Intensity 9 Ground Coffee 10 Capsules",
    "imageUrl": "https://shop.coles.com.au/wcsstore/Coles-CAS/images/3/5/2/3525770-th.jpg",
    "categories": ["pantry"],
    "tags": ["coffe", "capsules"],
    "locations": {
      "vic": {
        "price": 3.75,
        "promoText": " ",
        "packageSize": "80g",
        "packagePrice": "$4.69 per 10G"
      }
    }
  },
  {
    "id": "st-remio-compostable-coffe-capsules-strong",
    "brand": "St Remio",
    "name": "Compostable Coffee Capsules Strong",
    "imageUrl": "https://shop.coles.com.au/wcsstore/Coles-CAS/images/3/7/6/3762254-th.jpg",
    "categories": ["pantry"],
    "tags": ["coffe", "capsules"],
    "locations": {
      "vic": {
        "price": 5,
        "promoText": " ",
        "packageSize": "10 pack",
        "packagePrice": "$0.50 per 1Ea"
      }
    }
  },
  {
    "id": "st-remio-compostable-coffe-capsules-intense",
    "brand": "St Remio",
    "name": "Compostable Coffee Capsules Intense",
    "imageUrl": "https://shop.coles.com.au/wcsstore/Coles-CAS/images/3/7/6/3762221-th.jpg",
    "categories": ["pantry"],
    "tags": ["coffe", "capsules"],
    "locations": {
      "vic": {
        "price": 5,
        "promoText": " ",
        "packageSize": "10 pack",
        "packagePrice": "$0.50 per 1Ea"
      }
    }
  },
  {
    "id": "st-remio-compostable-coffe-capsules-supreme",
    "brand": "St Remio",
    "name": "Compostable Coffee Capsules Supreme",
    "imageUrl": "https://shop.coles.com.au/wcsstore/Coles-CAS/images/3/7/6/3762243-th.jpg",
    "categories": ["pantry"],
    "tags": ["coffe", "capsules"],
    "locations": {
      "vic": {
        "price": 5,
        "promoText": " ",
        "packageSize": "10 pack",
        "packagePrice": "$0.50 per 1Ea"
      }
    }
  },
  {
    "id": "starbucks-ndg-capsules-caramel-macchiato",
    "brand": "Starbucks",
    "name": "Nescafe Dolce Gusto Capsules Caramel Macchiato",
    "imageUrl": "https://shop.coles.com.au/wcsstore/Coles-CAS/images/3/7/7/3777127-th.jpg",
    "categories": ["pantry"],
    "tags": ["coffe", "capsules"],
    "locations": {
      "vic": {
        "price": 8.5,
        "promoText": " ",
        "packageSize": "12 pack",
        "packagePrice": "$0.71 per 1Ea"
      }
    }
  },
  {
    "id": "vittoria-coffee-italian-coffee-capsules",
    "brand": "Vittoria",
    "name": "Espressotoria Italian Blend Coffee Capsules 12 pack",
    "imageUrl": "https://shop.coles.com.au/wcsstore/Coles-CAS/images/2/2/7/2279893-th.jpg",
    "categories": ["pantry"],
    "tags": ["coffe", "capsules"],
    "locations": {
      "vic": {
        "price": 7,
        "promoText": " ",
        "packageSize": "78g",
        "packagePrice": "$8.97 per 100G"
      }
    }
  },
  {
    "id": "espressotoria-vittoria-oro-capsules-12-pack",
    "brand": "Vittoria",
    "name": "Espressotoria Oro Coffee Capsules 12 pack",
    "imageUrl": "https://shop.coles.com.au/wcsstore/Coles-CAS/images/2/2/7/2279882-th.jpg",
    "categories": ["pantry"],
    "tags": ["coffe", "capsules"],
    "locations": {
      "vic": {
        "price": 9,
        "promoText": " ",
        "packageSize": "78g",
        "packagePrice": "$11.54 per 100G"
      }
    }
  },
  {
    "id": "viittoria-compatible-mountain-grown-capsules",
    "brand": "Vittoria",
    "name": "Mountain Grown Coffee Capsules 10 pack",
    "imageUrl": "https://shop.coles.com.au/wcsstore/Coles-CAS/images/3/2/0/3208380-th.jpg",
    "categories": ["pantry"],
    "tags": ["coffe", "capsules"],
    "locations": {
      "vic": {
        "price": 4.5,
        "promoText": "Was $7.00 on Sep 2018 ",
        "packageSize": "52g",
        "packagePrice": "$8.65 per 100G"
      }
    }
  },
  {
    "id": "coles-coffee-machine-descaler",
    "brand": "Coles",
    "name": "Ultra Coffee Machine Descaler",
    "imageUrl": "https://shop.coles.com.au/wcsstore/Coles-CAS/images/3/2/0/3209077-th.jpg",
    "categories": ["pantry"],
    "tags": ["coffe", "coffe-accessories"],
    "locations": {
      "vic": {
        "price": 4,
        "promoText": " ",
        "packageSize": "250mL",
        "packagePrice": "$1.60 per 100mL"
      }
    }
  },
  {
    "id": "nestle-coffee-mate-9693948p",
    "brand": "Nestle",
    "name": "Coffee Mate Whitener",
    "imageUrl": "https://shop.coles.com.au/wcsstore/Coles-CAS/images/9/6/9/9693948-th.jpg",
    "categories": ["pantry"],
    "tags": ["coffe", "coffe-accessories"],
    "locations": {
      "vic": {
        "price": 4,
        "promoText": " ",
        "packageSize": "400g",
        "packagePrice": "$1.00 per 100G"
      }
    }
  },
  {
    "id": "harris-coffee-filter-papers-10-12-cup",
    "brand": "Harris",
    "name": "Coffee Filter Papers 10-12 Cup Size 4",
    "imageUrl": "https://shop.coles.com.au/wcsstore/Coles-CAS/images/4/7/9/47955-th.jpg",
    "categories": ["pantry"],
    "tags": ["coffe", "coffe-accessories"],
    "locations": {
      "vic": {
        "price": 2.2,
        "promoText": " ",
        "packageSize": "1 pack",
        "packagePrice": "$0.06 per 1Ea"
      }
    }
  },
  {
    "id": "coles-smart-buy-coffee-whitener",
    "brand": "Coles",
    "name": "Coffee Whitener Regular",
    "imageUrl": "https://shop.coles.com.au/wcsstore/Coles-CAS/images/4/4/8/4487359-th.jpg",
    "categories": ["pantry"],
    "tags": ["coffe", "coffe-accessories"],
    "locations": {
      "vic": {
        "price": 3.2,
        "promoText": " ",
        "packageSize": "500g",
        "packagePrice": "$0.64 per 100G"
      }
    }
  },
  {
    "id": "nestle-coffee-mate-french-vanilla",
    "brand": "Nestle",
    "name": "Coffee Mate French Vanilla Flavoured Liquid Coffee Whitener",
    "imageUrl": "https://shop.coles.com.au/wcsstore/Coles-CAS/images/8/9/8/8987047-th.jpg",
    "categories": ["pantry"],
    "tags": ["coffe", "coffe-accessories"],
    "locations": {
      "vic": {
        "price": 4,
        "promoText": " ",
        "packageSize": "150mL",
        "packagePrice": "$2.67 per 100mL"
      }
    }
  },
  {
    "id": "nestle-coffee-milk",
    "brand": "Nestle",
    "name": "Coffee & Milk Powder",
    "imageUrl": "https://shop.coles.com.au/wcsstore/Coles-CAS/images/1/1/6/116719-th.jpg",
    "categories": ["pantry"],
    "tags": ["coffe", "coffe-accessories"],
    "locations": {
      "vic": {
        "price": 4.1,
        "promoText": " ",
        "packageSize": "385g",
        "packagePrice": "$1.06 per 100G"
      }
    }
  },
  {
    "id": "lipton-tea-bags-black-tea-116989p",
    "brand": "Lipton",
    "name": "Black Tea Bags",
    "imageUrl": "https://shop.coles.com.au/wcsstore/Coles-CAS/images/1/1/6/116989-th.jpg",
    "categories": ["pantry"],
    "tags": ["tea", "black"],
    "locations": {
      "vic": {
        "price": 5,
        "promoText": " ",
        "packageSize": "100 Pack",
        "packagePrice": "$0.05 per 1Ea"
      }
    }
  },
  {
    "id": "bushells-blue-label-tea-bags-tea-cup-250154p",
    "brand": "Bushells",
    "name": "Blue LabelÂ Black Tea Bags",
    "imageUrl": "https://shop.coles.com.au/wcsstore/Coles-CAS/images/2/5/0/250154-th.jpg",
    "categories": ["pantry"],
    "tags": ["tea", "black"],
    "locations": {
      "vic": {
        "price": 3.5,
        "promoText": " ",
        "packageSize": "100 pack",
        "packagePrice": "$0.04 per 1Ea"
      }
    }
  },
  {
    "id": "twinings-tea-bags-classics-english-breakfast",
    "brand": "Twinings",
    "name": "English Breakfast Tea Bags 100 pack",
    "imageUrl": "https://shop.coles.com.au/wcsstore/Coles-CAS/images/3/0/4/304752-th.jpg",
    "categories": ["pantry"],
    "tags": ["tea", "black"],
    "locations": {
      "vic": {
        "price": 7.5,
        "promoText": "$3.50 ",
        "packageSize": "200g",
        "packagePrice": "$3.75 per 100G"
      }
    }
  },
  {
    "id": "twinings-tea-bags-classics-irish-breakfast",
    "brand": "Twinings",
    "name": "Irish Breakfast Tea Bags 100 pack",
    "imageUrl": "https://shop.coles.com.au/wcsstore/Coles-CAS/images/8/3/5/83584-th.jpg",
    "categories": ["pantry"],
    "tags": ["tea", "black"],
    "locations": {
      "vic": {
        "price": 7.5,
        "promoText": "$3.50 ",
        "packageSize": "200g",
        "packagePrice": "$3.75 per 100G"
      }
    }
  },
  {
    "id": "lipton-english-breakfast-tea",
    "brand": "Lipton",
    "name": "English Breakfast Black Tea Bags",
    "imageUrl": "https://shop.coles.com.au/wcsstore/Coles-CAS/images/3/0/8/3081315-th.jpg",
    "categories": ["pantry"],
    "tags": ["tea", "black"],
    "locations": {
      "vic": {
        "price": 5,
        "promoText": " ",
        "packageSize": "100 pack",
        "packagePrice": "$0.05 per 1Ea"
      }
    }
  },
  {
    "id": "twinings-tea-bags-classics-earl-grey",
    "brand": "Twinings",
    "name": "Earl Grey Tea Bags 100 pack",
    "imageUrl": "https://shop.coles.com.au/wcsstore/Coles-CAS/images/3/0/4/304763-th.jpg",
    "categories": ["pantry"],
    "tags": ["tea", "black"],
    "locations": {
      "vic": {
        "price": 7.5,
        "promoText": "$3.50 ",
        "packageSize": "200g",
        "packagePrice": "$3.75 per 100G"
      }
    }
  },
  {
    "id": "dilmah-tea-bags-tea-cup",
    "brand": "Dilmah",
    "name": "Pure Ceylon Premium Tea Bags 100 pack",
    "imageUrl": "https://shop.coles.com.au/wcsstore/Coles-CAS/images/4/9/0/490012-th.jpg",
    "categories": ["pantry"],
    "tags": ["tea", "black"],
    "locations": {
      "vic": {
        "price": 5.1,
        "promoText": " ",
        "packageSize": "200g",
        "packagePrice": "$0.05 per 1Ea"
      }
    }
  },
  {
    "id": "taylors-harrogates-tea-yorkshire-100-pack",
    "brand": "Taylors of Harrogate",
    "name": "Yorkshire Black Tea Bags 100 pack",
    "imageUrl": "https://shop.coles.com.au/wcsstore/Coles-CAS/images/1/4/1/1417368-th.jpg",
    "categories": ["pantry"],
    "tags": ["tea", "black"],
    "locations": {
      "vic": {
        "price": 5,
        "promoText": " ",
        "packageSize": "220g",
        "packagePrice": "$2.27 per 100G"
      }
    }
  },
  {
    "id": "twinings-classics-tea-bags-english-breakfast-341770p",
    "brand": "Twinings",
    "name": "English Breakfast Tea Bags 10 pack",
    "imageUrl": "https://shop.coles.com.au/wcsstore/Coles-CAS/images/3/4/1/341770-th.jpg",
    "categories": ["pantry"],
    "tags": ["tea", "black"],
    "locations": {
      "vic": {
        "price": 2,
        "promoText": "$0.70 ",
        "packageSize": "20g",
        "packagePrice": "$10.00 per 100G"
      }
    }
  },
  {
    "id": "twinings-english-breakfast-decaffeinated-2237226p",
    "brand": "Twinings",
    "name": "English Breakfast Decaffeinated Tea Bags 40 pack",
    "imageUrl": "https://shop.coles.com.au/wcsstore/Coles-CAS/images/2/2/3/2237226-th.jpg",
    "categories": ["pantry"],
    "tags": ["tea", "black"],
    "locations": {
      "vic": {
        "price": 7,
        "promoText": " ",
        "packageSize": "80g",
        "packagePrice": "$8.75 per 100G"
      }
    }
  },
  {
    "id": "twinings-classics-tea-bags-english-breakfast",
    "brand": "Twinings",
    "name": "English Breakfast Tea Bags 50 pack",
    "imageUrl": "https://shop.coles.com.au/wcsstore/Coles-CAS/images/6/8/1/6818989-th.jpg",
    "categories": ["pantry"],
    "tags": ["tea", "black"],
    "locations": {
      "vic": {
        "price": 7,
        "promoText": " ",
        "packageSize": "100g",
        "packagePrice": "$7.00 per 100G"
      }
    }
  },
  {
    "id": "dilmah-tea-bags-extra-stength",
    "brand": "Dilmah",
    "name": "Pure Ceylon Extra Strength Tea Bags 100 pack",
    "imageUrl": "https://shop.coles.com.au/wcsstore/Coles-CAS/images/9/5/0/9505163-th.jpg",
    "categories": ["pantry"],
    "tags": ["tea", "black"],
    "locations": {
      "vic": {
        "price": 6.4,
        "promoText": " ",
        "packageSize": "240g",
        "packagePrice": "$2.67 per 100G"
      }
    }
  },
  {
    "id": "t2-french-earl-grey-flavoured-black-tea",
    "brand": "T2",
    "name": "French Earl Grey Flavoured Black Tea Bags 25 pack",
    "imageUrl": "https://shop.coles.com.au/wcsstore/Coles-CAS/images/3/0/7/3079200-th.jpg",
    "categories": ["pantry"],
    "tags": ["tea", "black"],
    "locations": {
      "vic": {
        "price": 15,
        "promoText": " ",
        "packageSize": "50g",
        "packagePrice": "$30.00 per 100G"
      }
    }
  },
  {
    "id": "twinings-english-breakfast-extra-strong-2236788p",
    "brand": "Twinings",
    "name": "English Breakfast Extra Strong Tea Bags 80 pack",
    "imageUrl": "https://shop.coles.com.au/wcsstore/Coles-CAS/images/2/2/3/2236788-th.jpg",
    "categories": ["pantry"],
    "tags": ["tea", "black"],
    "locations": {
      "vic": {
        "price": 7.5,
        "promoText": "$3.50 ",
        "packageSize": "200g",
        "packagePrice": "$3.75 per 100G"
      }
    }
  },
  {
    "id": "coles-fair-trade-organic-english-breakfast-tea-bags",
    "brand": "Coles",
    "name": "English Breakfast Tea Bags 50 Pack",
    "imageUrl": "https://shop.coles.com.au/wcsstore/Coles-CAS/images/2/2/3/2236813-th.jpg",
    "categories": ["pantry"],
    "tags": ["tea", "black"],
    "locations": {
      "vic": {
        "price": 2.2,
        "promoText": " ",
        "packageSize": "100g",
        "packagePrice": "$2.20 per 100G"
      }
    }
  },
  {
    "id": "dilmah-classic-tea-bags-earl-grey-5190945p",
    "brand": "Dilmah",
    "name": "Earl Grey Tea Bags 50 Pack",
    "imageUrl": "https://shop.coles.com.au/wcsstore/Coles-CAS/images/5/1/9/5190945-th.jpg",
    "categories": ["pantry"],
    "tags": ["tea", "black"],
    "locations": {
      "vic": {
        "price": 5.2,
        "promoText": " ",
        "packageSize": "100 g",
        "packagePrice": "$5.20 per 100G"
      }
    }
  },
  {
    "id": "lipton-tea-bags-intense-extra-strong-4678029p",
    "brand": "Lipton",
    "name": "Intense Extra Strong Black Tea Bags",
    "imageUrl": "https://shop.coles.com.au/wcsstore/Coles-CAS/images/4/6/7/4678029-th.jpg",
    "categories": ["pantry"],
    "tags": ["tea", "black"],
    "locations": {
      "vic": {
        "price": 6.1,
        "promoText": " ",
        "packageSize": "100 pack",
        "packagePrice": "$0.06 per 1Ea"
      }
    }
  },
  {
    "id": "madura-tea-bags-earl-grey",
    "brand": "Madura",
    "name": "Earl Grey Tea Bags 50 pack",
    "imageUrl": "https://shop.coles.com.au/wcsstore/Coles-CAS/images/5/4/8/5483932-th.jpg",
    "categories": ["pantry"],
    "tags": ["tea", "black"],
    "locations": {
      "vic": {
        "price": 3.96,
        "promoText": "$0.99 ",
        "packageSize": "100g",
        "packagePrice": "$3.96 per 100G"
      }
    }
  },
  {
    "id": "madura-tea-bags-premium-blend-93646p",
    "brand": "Madura",
    "name": "Premium Blend Tea Bags 50 pack",
    "imageUrl": "https://shop.coles.com.au/wcsstore/Coles-CAS/images/9/3/6/93646-th.jpg",
    "categories": ["pantry"],
    "tags": ["tea", "black"],
    "locations": {
      "vic": {
        "price": 3.96,
        "promoText": "$0.99 ",
        "packageSize": "100g",
        "packagePrice": "$3.96 per 100G"
      }
    }
  },
  {
    "id": "tetley-tea-bags-decaffeinatted",
    "brand": "Tetley",
    "name": "Decaffeinated Black Tea Bags 100 pack",
    "imageUrl": "https://shop.coles.com.au/wcsstore/Coles-CAS/images/8/9/5/8959948-th.jpg",
    "categories": ["pantry"],
    "tags": ["tea", "black"],
    "locations": {
      "vic": {
        "price": 6,
        "promoText": "Was $8.00 on Feb 2017 ",
        "packageSize": "185g",
        "packagePrice": "$3.24 per 100G"
      }
    }
  },
  {
    "id": "tetley-extra-strong-tea-bags",
    "brand": "Tetley",
    "name": "Extra Strong Black Tea Bags 100 pack",
    "imageUrl": "https://shop.coles.com.au/wcsstore/Coles-CAS/images/7/7/5/7752194-th.jpg",
    "categories": ["pantry"],
    "tags": ["tea", "black"],
    "locations": {
      "vic": {
        "price": 4,
        "promoText": "Was $5.29 on Feb 2017 ",
        "packageSize": "200g",
        "packagePrice": "$2.00 per 100G"
      }
    }
  },
  {
    "id": "twinings-classics-tea-bags-earl-grey",
    "brand": "Twinings",
    "name": "Earl Grey Tea Bags 50 pack",
    "imageUrl": "https://shop.coles.com.au/wcsstore/Coles-CAS/images/6/8/2/6822217-th.jpg",
    "categories": ["pantry"],
    "tags": ["tea", "black"],
    "locations": {
      "vic": {
        "price": 7,
        "promoText": " ",
        "packageSize": "100g",
        "packagePrice": "$7.00 per 100G"
      }
    }
  },
  {
    "id": "coles-string-tea-tea-bags-100-pack",
    "brand": "Coles",
    "name": "Cup Tea Bags 100 Pack",
    "imageUrl": "https://shop.coles.com.au/wcsstore/Coles-CAS/images/2/3/8/2389290-th.jpg",
    "categories": ["pantry"],
    "tags": ["tea", "black"],
    "locations": {
      "vic": {
        "price": 1.9,
        "promoText": " ",
        "packageSize": "185g",
        "packagePrice": "$1.03 per 100G"
      }
    }
  },
  {
    "id": "lipton-tea-bags-black-116887p",
    "brand": "Lipton",
    "name": "Black Tea Bags",
    "imageUrl": "https://shop.coles.com.au/wcsstore/Coles-CAS/images/1/1/6/116887-th.jpg",
    "categories": ["pantry"],
    "tags": ["tea", "black"],
    "locations": {
      "vic": {
        "price": 2.2,
        "promoText": " ",
        "packageSize": "25 pack",
        "packagePrice": "$0.09 per 1Ea"
      }
    }
  },
  {
    "id": "madame-flavour-tea-melbourne-morning",
    "brand": "Madame Flavour",
    "name": "Melbourne Morning Blend Black Tea Bags 40 pack",
    "imageUrl": "https://shop.coles.com.au/wcsstore/Coles-CAS/images/3/2/4/3247021-th.jpg",
    "categories": ["pantry"],
    "tags": ["tea", "black"],
    "locations": {
      "vic": {
        "price": 5.25,
        "promoText": "Was $6.50 on May 2019 ",
        "packageSize": "80g",
        "packagePrice": "$6.56 per 100G"
      }
    }
  },
  {
    "id": "madame-flavour-tea-australian-morning",
    "brand": "Madame Flavour",
    "name": "Australian Morning Blend Black Tea Bags 40 pack",
    "imageUrl": "https://shop.coles.com.au/wcsstore/Coles-CAS/images/3/2/4/3247000-th.jpg",
    "categories": ["pantry"],
    "tags": ["tea", "black"],
    "locations": {
      "vic": {
        "price": 5.25,
        "promoText": "Was $6.50 on May 2019 ",
        "packageSize": "88g",
        "packagePrice": "$5.97 per 100G"
      }
    }
  },
  {
    "id": "qi-oolong-tea-bags-slim",
    "brand": "Qi",
    "name": "Organic Oolong Slim Tea Bags 20 pack",
    "imageUrl": "https://shop.coles.com.au/wcsstore/Coles-CAS/images/3/2/4/3247837-th.jpg",
    "categories": ["pantry"],
    "tags": ["tea", "black"],
    "locations": {
      "vic": {
        "price": 5,
        "promoText": " ",
        "packageSize": "32g",
        "packagePrice": "$15.63 per 100G"
      }
    }
  },
  {
    "id": "twinings-classics-tea-bags-earl-grey-341792p",
    "brand": "Twinings",
    "name": "Earl Grey Tea Bags 10 pack",
    "imageUrl": "https://shop.coles.com.au/wcsstore/Coles-CAS/images/3/4/1/341792-th.jpg",
    "categories": ["pantry"],
    "tags": ["tea", "black"],
    "locations": {
      "vic": {
        "price": 2,
        "promoText": "$0.70 ",
        "packageSize": "20g",
        "packagePrice": "$10.00 per 100G"
      }
    }
  },
  {
    "id": "twinings-classics-tea-bags-lady-grey-9418513p",
    "brand": "Twinings",
    "name": "Classics Lady Grey Tea Bags 50 pack",
    "imageUrl": "https://shop.coles.com.au/wcsstore/Coles-CAS/images/9/4/1/9418513-th.jpg",
    "categories": ["pantry"],
    "tags": ["tea", "black"],
    "locations": {
      "vic": {
        "price": 7,
        "promoText": " ",
        "packageSize": "100g",
        "packagePrice": "$7.00 per 100G"
      }
    }
  },
  {
    "id": "dilmah-tea-bags-premium",
    "brand": "Dilmah",
    "name": "Pure Ceylon Premium Tea Bags 50 Pack",
    "imageUrl": "https://shop.coles.com.au/wcsstore/Coles-CAS/images/5/0/5/5051177-th.jpg",
    "categories": ["pantry"],
    "tags": ["tea", "black"],
    "locations": {
      "vic": {
        "price": 3.3,
        "promoText": " ",
        "packageSize": "100g",
        "packagePrice": "$3.30 per 100G"
      }
    }
  },
  {
    "id": "dilmah-tea-bags-tea-cup-extra-stength",
    "brand": "Dilmah",
    "name": "Extra Strength Premium Ceylon Tea Bags 50 Pack",
    "imageUrl": "https://shop.coles.com.au/wcsstore/Coles-CAS/images/9/5/0/9505152-th.jpg",
    "categories": ["pantry"],
    "tags": ["tea", "black"],
    "locations": {
      "vic": {
        "price": 3.4,
        "promoText": " ",
        "packageSize": "120g",
        "packagePrice": "$2.83 per 100G"
      }
    }
  },
  {
    "id": "madura-tea-bags-premium-blend",
    "brand": "Madura",
    "name": "Premium Blend Tea Bags 100 pack",
    "imageUrl": "https://shop.coles.com.au/wcsstore/Coles-CAS/images/6/0/5/6059243-th.jpg",
    "categories": ["pantry"],
    "tags": ["tea", "black"],
    "locations": {
      "vic": {
        "price": 8.3,
        "promoText": " ",
        "packageSize": "200g",
        "packagePrice": "$4.15 per 100G"
      }
    }
  },
  {
    "id": "nerada-tea-bags-teacup",
    "brand": "Nerada",
    "name": "Tea Bags 50 pack",
    "imageUrl": "https://shop.coles.com.au/wcsstore/Coles-CAS/images/3/6/2/362781-th.jpg",
    "categories": ["pantry"],
    "tags": ["tea", "black"],
    "locations": {
      "vic": {
        "price": 2.5,
        "promoText": " ",
        "packageSize": "100g",
        "packagePrice": "$2.50 per 100G"
      }
    }
  },
  {
    "id": "nerada-leaf-tea",
    "brand": "Nerada",
    "name": "Leaf Tea",
    "imageUrl": "https://shop.coles.com.au/wcsstore/Coles-CAS/images/1/4/5/145127-th.jpg",
    "categories": ["pantry"],
    "tags": ["tea", "black"],
    "locations": {
      "vic": {
        "price": 2.4,
        "promoText": "$0.60 ",
        "packageSize": "250g",
        "packagePrice": "$0.96 per 100G"
      }
    }
  },
  {
    "id": "taylors-of-harrogate-yorkshire-tea-gold",
    "brand": "Taylors Of Harrogate",
    "name": "Yorkshire Gold Tea Bags",
    "imageUrl": "https://shop.coles.com.au/wcsstore/Coles-CAS/images/3/6/3/3638958-th.jpg",
    "categories": ["pantry"],
    "tags": ["tea", "black"],
    "locations": {
      "vic": {
        "price": 6.5,
        "promoText": " ",
        "packageSize": "100 pack",
        "packagePrice": "$0.07 per 1Ea"
      }
    }
  },
  {
    "id": "tetley-all-rounder-tea-bags",
    "brand": "Tetley",
    "name": "All Rounder Pure Black Tea Bags 200 pack",
    "imageUrl": "https://shop.coles.com.au/wcsstore/Coles-CAS/images/7/7/5/7752060-th.jpg",
    "categories": ["pantry"],
    "tags": ["tea", "black"],
    "locations": {
      "vic": {
        "price": 6,
        "promoText": "Was $7.50 on Feb 2017 ",
        "packageSize": "400g",
        "packagePrice": "$1.50 per 100G"
      }
    }
  },
  {
    "id": "tetley-tea-bags-teacup",
    "brand": "Tetley",
    "name": "Tea Bags 100 pack",
    "imageUrl": "https://shop.coles.com.au/wcsstore/Coles-CAS/images/1/9/9/199523-th.jpg",
    "categories": ["pantry"],
    "tags": ["tea", "black"],
    "locations": {
      "vic": {
        "price": 3.3,
        "promoText": "Was $3.35 on Feb 2017 ",
        "packageSize": "180g",
        "packagePrice": "$1.83 per 100G"
      }
    }
  },
  {
    "id": "twinings-tea-bags-australian-afternoon",
    "brand": "Twinings",
    "name": "Australian Afternoon Tea Bags 10 pack",
    "imageUrl": "https://shop.coles.com.au/wcsstore/Coles-CAS/images/8/9/3/8930323-th.jpg",
    "categories": ["pantry"],
    "tags": ["tea", "black"],
    "locations": {
      "vic": {
        "price": 2,
        "promoText": "$0.70 ",
        "packageSize": "20g",
        "packagePrice": "$10.00 per 100G"
      }
    }
  },
  {
    "id": "twinings-classics-tea-bags-lady-grey",
    "brand": "Twinings",
    "name": "Classics Lady Grey Tea Bags 10 Pack",
    "imageUrl": "https://shop.coles.com.au/wcsstore/Coles-CAS/images/5/9/8/5984257-th.jpg",
    "categories": ["pantry"],
    "tags": ["tea", "black"],
    "locations": {
      "vic": {
        "price": 2,
        "promoText": "$0.70 ",
        "packageSize": "20g",
        "packagePrice": "$10.00 per 100G"
      }
    }
  },
  {
    "id": "coles-brand-tea-bags-earl-grey-fairtrade-organic",
    "brand": "Coles",
    "name": "Earl Grey Tea Bags 50 Pack",
    "imageUrl": "https://shop.coles.com.au/wcsstore/Coles-CAS/images/7/4/4/7443190-th.jpg",
    "categories": ["pantry"],
    "tags": ["tea", "black"],
    "locations": {
      "vic": {
        "price": 2.2,
        "promoText": " ",
        "packageSize": "100g",
        "packagePrice": "$2.20 per 100G"
      }
    }
  },
  {
    "id": "dilmah-extra-strength-tea-bags",
    "brand": "Dilmah",
    "name": "Extra Strength Pure Ceylon Bags 200 Pack",
    "imageUrl": "https://shop.coles.com.au/wcsstore/Coles-CAS/images/5/0/5/5059237-th.jpg",
    "categories": ["pantry"],
    "tags": ["tea", "black"],
    "locations": {
      "vic": {
        "price": 10.9,
        "promoText": " ",
        "packageSize": "480g",
        "packagePrice": "$2.27 per 100G"
      }
    }
  },
  {
    "id": "dilmah-exceptional-rose-with-french-vanilla-tea",
    "brand": "Dilmah",
    "name": "Exceptional Rose With French Vanilla Tea",
    "imageUrl": "https://shop.coles.com.au/wcsstore/Coles-CAS/images/3/7/0/3701329-th.jpg",
    "categories": ["pantry"],
    "tags": ["tea", "black"],
    "locations": {
      "vic": {
        "price": 4,
        "promoText": " ",
        "packageSize": "20 pack",
        "packagePrice": "$0.20 per 1Ea"
      }
    }
  },
  {
    "id": "madame-flavour-roobios-mint-choc-15pk",
    "brand": "Madame Flavour",
    "name": "Rooibos Mint & Choc Tea Bags 15 pack",
    "imageUrl": "https://shop.coles.com.au/wcsstore/Coles-CAS/images/3/0/5/3055891-th.jpg",
    "categories": ["pantry"],
    "tags": ["tea", "black"],
    "locations": {
      "vic": {
        "price": 5.8,
        "promoText": " ",
        "packageSize": "30g",
        "packagePrice": "$19.33 per 100G"
      }
    }
  },
  {
    "id": "madura-tea-bags-english-breakfast",
    "brand": "Madura",
    "name": "English Breakfast Tea Bags 50 pack",
    "imageUrl": "https://shop.coles.com.au/wcsstore/Coles-CAS/images/5/4/8/5483943-th.jpg",
    "categories": ["pantry"],
    "tags": ["tea", "black"],
    "locations": {
      "vic": {
        "price": 3.96,
        "promoText": "$0.99 ",
        "packageSize": "100g",
        "packagePrice": "$3.96 per 100G"
      }
    }
  },
  {
    "id": "nerada-tea-bags-teacup-496507p",
    "brand": "Nerada",
    "name": "Tea Bags 100 pack",
    "imageUrl": "https://shop.coles.com.au/wcsstore/Coles-CAS/images/4/9/6/496507-th.jpg",
    "categories": ["pantry"],
    "tags": ["tea", "black"],
    "locations": {
      "vic": {
        "price": 4.7,
        "promoText": " ",
        "packageSize": "200g",
        "packagePrice": "$2.35 per 100G"
      }
    }
  },
  {
    "id": "t2-melbourne-breakfast-flavoured-black-tea",
    "brand": "T2",
    "name": "Melbourne Breakfast Flavoured Black Tea Bags 25 pack",
    "imageUrl": "https://shop.coles.com.au/wcsstore/Coles-CAS/images/3/0/7/3079186-th.jpg",
    "categories": ["pantry"],
    "tags": ["tea", "black"],
    "locations": {
      "vic": {
        "price": 14,
        "promoText": " ",
        "packageSize": "50g",
        "packagePrice": "$28.00 per 100G"
      }
    }
  },
  {
    "id": "taylors-of-harrogate-yorkshire-proper-strong",
    "brand": "Taylors Of Harrogate",
    "name": "Yorkshire Tea Proper Strong",
    "imageUrl": "https://shop.coles.com.au/wcsstore/Coles-CAS/images/3/7/0/3708441-th.jpg",
    "categories": ["pantry"],
    "tags": ["tea", "black"],
    "locations": {
      "vic": {
        "price": 6,
        "promoText": " ",
        "packageSize": "100 pack",
        "packagePrice": "$6.00 per 100G"
      }
    }
  },
  {
    "id": "twinings-tea-bags-assam-bold-3708725p",
    "brand": "Twining's",
    "name": "Assam Bold Tea Bags",
    "imageUrl": "https://shop.coles.com.au/wcsstore/Coles-CAS/images/3/7/0/3708725-th.jpg",
    "categories": ["pantry"],
    "tags": ["tea", "black"],
    "locations": {
      "vic": {
        "price": 7,
        "promoText": " ",
        "packageSize": "40 pack",
        "packagePrice": "$0.18 per 1Ea"
      }
    }
  },
  {
    "id": "twinings-tea-bags-russian-caravan",
    "brand": "Twinings",
    "name": "Russian Caravan Tea Bags 10 Pack",
    "imageUrl": "https://shop.coles.com.au/wcsstore/Coles-CAS/images/8/1/1/8116053-th.jpg",
    "categories": ["pantry"],
    "tags": ["tea", "black"],
    "locations": {
      "vic": {
        "price": 2,
        "promoText": "$0.70 ",
        "packageSize": "20g",
        "packagePrice": "$10.00 per 100G"
      }
    }
  },
  {
    "id": "twinings-tea-bags-morning-2872938p",
    "brand": "Twinings",
    "name": "Morning Tea Bags 100 pack",
    "imageUrl": "https://shop.coles.com.au/wcsstore/Coles-CAS/images/2/8/7/2872938-th.jpg",
    "categories": ["pantry"],
    "tags": ["tea", "black"],
    "locations": {
      "vic": {
        "price": 7.5,
        "promoText": "$3.50 ",
        "packageSize": "200g",
        "packagePrice": "$3.41 per 100G"
      }
    }
  },
  {
    "id": "bushells-blue-label-tea-bags-extra-strong",
    "brand": "Bushells",
    "name": "Blue Label Extra Strong Black Tea Bags",
    "imageUrl": "https://shop.coles.com.au/wcsstore/Coles-CAS/images/8/9/1/8918394-th.jpg",
    "categories": ["pantry"],
    "tags": ["tea", "black"],
    "locations": {
      "vic": {
        "price": 4.5,
        "promoText": "Was $5.25 on Dec 2018 ",
        "packageSize": "100 pack",
        "packagePrice": "$0.05 per 1Ea"
      }
    }
  },
  {
    "id": "bushells-blue-label-tea-bags-tea-cup",
    "brand": "Bushells",
    "name": "Blue Label Black Tea Bags",
    "imageUrl": "https://shop.coles.com.au/wcsstore/Coles-CAS/images/1/5/8/158184-th.jpg",
    "categories": ["pantry"],
    "tags": ["tea", "black"],
    "locations": {
      "vic": {
        "price": 2,
        "promoText": "Was $2.70 on Dec 2018 ",
        "packageSize": "50 pack",
        "packagePrice": "$0.04 per 1Ea"
      }
    }
  },
  {
    "id": "bushells-tea-bags-australian-breakfast-100-pack",
    "brand": "Bushells",
    "name": "Breakfast Tea Bags",
    "imageUrl": "https://shop.coles.com.au/wcsstore/Coles-CAS/images/6/3/6/6369364-th.jpg",
    "categories": ["pantry"],
    "tags": ["tea", "black"],
    "locations": {
      "vic": {
        "price": 3.5,
        "promoText": " ",
        "packageSize": "100 pack",
        "packagePrice": "$0.04 per 1Ea"
      }
    }
  },
  {
    "id": "coles-fair-trade-organic-green-tea-bags",
    "brand": "Coles",
    "name": "Green Tea Bags 50 Pack",
    "imageUrl": "https://shop.coles.com.au/wcsstore/Coles-CAS/images/2/2/3/2236846-th.jpg",
    "categories": ["pantry"],
    "tags": ["tea", "black"],
    "locations": {
      "vic": {
        "price": 2.2,
        "promoText": " ",
        "packageSize": "75g",
        "packagePrice": "$2.93 per 100G"
      }
    }
  },
  {
    "id": "coles-fairtrade-pot-tea-bags-100-pack",
    "brand": "Coles",
    "name": "Fairtrade Black Tagless 100 Tea Bags",
    "imageUrl": "https://shop.coles.com.au/wcsstore/Coles-CAS/images/2/3/7/2374216-th.jpg",
    "categories": ["pantry"],
    "tags": ["tea", "black"],
    "locations": {
      "vic": {
        "price": 1.9,
        "promoText": "Was $2.00 on Jan 2019 ",
        "packageSize": "150g",
        "packagePrice": "$12.67 per 1Kg"
      }
    }
  },
  {
    "id": "dilmah-premium-teacup-tea-bags",
    "brand": "Dilmah",
    "name": "Premium Pure Ceylon Tea Bags 200 pack",
    "imageUrl": "https://shop.coles.com.au/wcsstore/Coles-CAS/images/3/2/4/3248884-th.jpg",
    "categories": ["pantry"],
    "tags": ["tea", "black"],
    "locations": {
      "vic": {
        "price": 10,
        "promoText": " ",
        "packageSize": "400g",
        "packagePrice": "$2.50 per 100G"
      }
    }
  },
  {
    "id": "dilmah-exceptional-italian-almond-tea",
    "brand": "Dilmah",
    "name": "Exceptional Italian Almond Tea",
    "imageUrl": "https://shop.coles.com.au/wcsstore/Coles-CAS/images/3/7/0/3701282-th.jpg",
    "categories": ["pantry"],
    "tags": ["tea", "black"],
    "locations": {
      "vic": {
        "price": 4,
        "promoText": " ",
        "packageSize": "20 pack",
        "packagePrice": "$0.20 per 1Ea"
      }
    }
  },
  {
    "id": "madame-flavour-grey-de-luxe",
    "brand": "Madame Flavour",
    "name": "Classic Grey De Luxe Tea Bags 18 pack",
    "imageUrl": "https://shop.coles.com.au/wcsstore/Coles-CAS/images/3/3/1/3311787-th.jpg",
    "categories": ["pantry"],
    "tags": ["tea", "black"],
    "locations": {
      "vic": {
        "price": 0,
        "promoText": " ",
        "packageSize": "45g",
        "packagePrice": ""
      }
    }
  },
  {
    "id": "madame-flavour-tea-australian-aftr-grey",
    "brand": "Madame Flavour",
    "name": "Afternoon Grey Tea Bags 40 pack",
    "imageUrl": "https://shop.coles.com.au/wcsstore/Coles-CAS/images/3/2/4/3247010-th.jpg",
    "categories": ["pantry"],
    "tags": ["tea", "black"],
    "locations": {
      "vic": {
        "price": 0,
        "promoText": " ",
        "packageSize": "80g",
        "packagePrice": ""
      }
    }
  },
  {
    "id": "nerada-cup-or-pot--tea-bags",
    "brand": "Nerada",
    "name": "Cup Or Pot Tea Bags 200 pack",
    "imageUrl": "https://shop.coles.com.au/wcsstore/Coles-CAS/images/2/4/3/24304-th.jpg",
    "categories": ["pantry"],
    "tags": ["tea", "black"],
    "locations": {
      "vic": {
        "price": 5.45,
        "promoText": " ",
        "packageSize": "400g",
        "packagePrice": "$1.36 per 100G"
      }
    }
  },
  {
    "id": "qi-oolong-tea-bags-digestif",
    "brand": "Qi",
    "name": "Wellbeing Green Tea Bags",
    "imageUrl": "https://shop.coles.com.au/wcsstore/Coles-CAS/images/3/2/4/3247848-th.jpg",
    "categories": ["pantry"],
    "tags": ["tea", "black"],
    "locations": {
      "vic": {
        "price": 5,
        "promoText": " ",
        "packageSize": "32g",
        "packagePrice": "$15.63 per 100G"
      }
    }
  },
  {
    "id": "t2-english-breakfast-black-tea-in-a-bag",
    "brand": "T2",
    "name": "English Breakfast Black Tea Bags 25 pack",
    "imageUrl": "https://shop.coles.com.au/wcsstore/Coles-CAS/images/3/0/7/3079211-th.jpg",
    "categories": ["pantry"],
    "tags": ["tea", "black"],
    "locations": {
      "vic": {
        "price": 12,
        "promoText": " ",
        "packageSize": "50g",
        "packagePrice": "$24.00 per 100G"
      }
    }
  },
  {
    "id": "t2-melbourne-breakfast",
    "brand": "T2",
    "name": "Melbourne Breakfast",
    "imageUrl": "https://shop.coles.com.au/wcsstore/Coles-CAS/images/3/7/1/3712391-th.jpg",
    "categories": ["pantry"],
    "tags": ["tea", "black"],
    "locations": {
      "vic": {
        "price": 7,
        "promoText": " ",
        "packageSize": "10 pack",
        "packagePrice": "$0.70 per 1Ea"
      }
    }
  },
  {
    "id": "t2-french-earl-grey",
    "brand": "T2",
    "name": "French Earl Grey",
    "imageUrl": "https://shop.coles.com.au/wcsstore/Coles-CAS/images/3/7/0/3708226-th.jpg",
    "categories": ["pantry"],
    "tags": ["tea", "black"],
    "locations": {
      "vic": {
        "price": 7,
        "promoText": " ",
        "packageSize": "10 pack",
        "packagePrice": "$0.70 per 1Ea"
      }
    }
  },
  {
    "id": "twinings--tea-bags-assam-bold",
    "brand": "Twinings",
    "name": "Assam Bold Tea Bags 80 pack",
    "imageUrl": "https://shop.coles.com.au/wcsstore/Coles-CAS/images/9/8/9/9896060-th.jpg",
    "categories": ["pantry"],
    "tags": ["tea", "black"],
    "locations": {
      "vic": {
        "price": 7.5,
        "promoText": "$3.50 ",
        "packageSize": "200g",
        "packagePrice": "$3.75 per 100G"
      }
    }
  },
  {
    "id": "twinings-tea-bags-australian-afternoon-8930039p",
    "brand": "Twinings",
    "name": "Afternoon Tea Bags 100 pack",
    "imageUrl": "https://shop.coles.com.au/wcsstore/Coles-CAS/images/8/9/3/8930039-th.jpg",
    "categories": ["pantry"],
    "tags": ["tea", "black"],
    "locations": {
      "vic": {
        "price": 7.5,
        "promoText": "$3.50 ",
        "packageSize": "200g",
        "packagePrice": "$3.75 per 100G"
      }
    }
  },
  {
    "id": "twinings-english-breakfast-extra-strong",
    "brand": "Twinings",
    "name": "English Breakfast Extra Strong Tea Bags 10 pack",
    "imageUrl": "https://shop.coles.com.au/wcsstore/Coles-CAS/images/2/2/3/2237190-th.jpg",
    "categories": ["pantry"],
    "tags": ["tea", "black"],
    "locations": {
      "vic": {
        "price": 2,
        "promoText": "$0.70 ",
        "packageSize": "25g",
        "packagePrice": "$8.00 per 100G"
      }
    }
  },
  {
    "id": "twinings--english-breakfast-extra-strong-tea",
    "brand": "Twinings",
    "name": "English Breakfast Extra Strong Tea",
    "imageUrl": "https://shop.coles.com.au/wcsstore/Coles-CAS/images/2/7/4/2746911-th.jpg",
    "categories": ["pantry"],
    "tags": ["tea", "black"],
    "locations": {
      "vic": {
        "price": 7,
        "promoText": " ",
        "packageSize": "40 pack",
        "packagePrice": "$7.00 per 100G"
      }
    }
  },
  {
    "id": "twinings-tea-bags-darjeling",
    "brand": "Twinings",
    "name": "Tea Bags Darjeeling",
    "imageUrl": "https://shop.coles.com.au/wcsstore/Coles-CAS/images/3/4/1/341806-th.jpg",
    "categories": ["pantry"],
    "tags": ["tea", "black"],
    "locations": {
      "vic": {
        "price": 2,
        "promoText": "$0.70 ",
        "packageSize": "10 pack",
        "packagePrice": "$0.20 per 1Ea"
      }
    }
  },
  {
    "id": "lipton-tea-bags-green-9400846p",
    "brand": "Lipton",
    "name": "Pure Green Tea Bags",
    "imageUrl": "https://shop.coles.com.au/wcsstore/Coles-CAS/images/9/4/0/9400846-th.jpg",
    "categories": ["pantry"],
    "tags": ["tea", "gren"],
    "locations": {
      "vic": {
        "price": 4.9,
        "promoText": " ",
        "packageSize": "50 pack",
        "packagePrice": "$0.10 per 1Ea"
      }
    }
  },
  {
    "id": "lipton-tea-bags-green",
    "brand": "Lipton",
    "name": "Pure Green Tea Bags",
    "imageUrl": "https://shop.coles.com.au/wcsstore/Coles-CAS/images/4/9/1/4915226-th.jpg",
    "categories": ["pantry"],
    "tags": ["tea", "gren"],
    "locations": {
      "vic": {
        "price": 8.45,
        "promoText": " ",
        "packageSize": "100 pack",
        "packagePrice": "$0.08 per 1Ea"
      }
    }
  },
  {
    "id": "dilmah-ceylon-jasmine-green-tea-20-pack",
    "brand": "Dilmah",
    "name": "Pure Ceylon Jasmine Flavour Green Tea Bags 20 pack",
    "imageUrl": "https://shop.coles.com.au/wcsstore/Coles-CAS/images/2/6/0/2601329-th.jpg",
    "categories": ["pantry"],
    "tags": ["tea", "gren"],
    "locations": {
      "vic": {
        "price": 3.7,
        "promoText": " ",
        "packageSize": "40g",
        "packagePrice": "$0.19 per 1Ea"
      }
    }
  },
  {
    "id": "lipton-jasmine-green-tea",
    "brand": "Lipton",
    "name": "Jasmine Green Tea Bags",
    "imageUrl": "https://shop.coles.com.au/wcsstore/Coles-CAS/images/2/6/1/2613725-th.jpg",
    "categories": ["pantry"],
    "tags": ["tea", "gren"],
    "locations": {
      "vic": {
        "price": 5,
        "promoText": " ",
        "packageSize": "40 pack",
        "packagePrice": "$0.13 per 1Ea"
      }
    }
  },
  {
    "id": "twinings-pure-green-tea-bags",
    "brand": "Twinings",
    "name": "Pure Green Tea Bags 100 pack",
    "imageUrl": "https://shop.coles.com.au/wcsstore/Coles-CAS/images/6/8/1/6816666-th.jpg",
    "categories": ["pantry"],
    "tags": ["tea", "gren"],
    "locations": {
      "vic": {
        "price": 7.5,
        "promoText": "$3.50 ",
        "packageSize": "150g",
        "packagePrice": "$5.00 per 100G"
      }
    }
  },
  {
    "id": "madura-tea-bags-green",
    "brand": "Madura",
    "name": "Green Tea Bags 50 pack",
    "imageUrl": "https://shop.coles.com.au/wcsstore/Coles-CAS/images/5/1/9/5195712-th.jpg",
    "categories": ["pantry"],
    "tags": ["tea", "gren"],
    "locations": {
      "vic": {
        "price": 3.64,
        "promoText": "$0.91 ",
        "packageSize": "75g",
        "packagePrice": "$4.85 per 100G"
      }
    }
  },
  {
    "id": "nerada-organic-tea-bags-green",
    "brand": "Nerada",
    "name": "Organics Pure Green Tea Bags 50 pack",
    "imageUrl": "https://shop.coles.com.au/wcsstore/Coles-CAS/images/6/3/8/6384164-th.jpg",
    "categories": ["pantry"],
    "tags": ["tea", "gren"],
    "locations": {
      "vic": {
        "price": 3.3,
        "promoText": "$0.95 ",
        "packageSize": "75g",
        "packagePrice": "$4.40 per 100G"
      }
    }
  },
  {
    "id": "lipton-green-tea-lemon",
    "brand": "Lipton",
    "name": "Lemon Flavoured Green Tea Bag",
    "imageUrl": "https://shop.coles.com.au/wcsstore/Coles-CAS/images/3/0/8/3081235-th.jpg",
    "categories": ["pantry"],
    "tags": ["tea", "gren"],
    "locations": {
      "vic": {
        "price": 5,
        "promoText": " ",
        "packageSize": "40 pack",
        "packagePrice": "$0.13 per 1Ea"
      }
    }
  },
  {
    "id": "tetley-tea-bags-green-decafinated",
    "brand": "Tetley",
    "name": "Decaffeinated Green Tea Bags 50 pack",
    "imageUrl": "https://shop.coles.com.au/wcsstore/Coles-CAS/images/6/3/6/6369740-th.jpg",
    "categories": ["pantry"],
    "tags": ["tea", "gren"],
    "locations": {
      "vic": {
        "price": 4.2,
        "promoText": " ",
        "packageSize": "87.5g",
        "packagePrice": "$4.80 per 100G"
      }
    }
  },
  {
    "id": "ito-en-matcha-green-tea-traditional",
    "brand": "Ito En",
    "name": "Matcha Traditional Green Tea Bags 20 Pack",
    "imageUrl": "https://shop.coles.com.au/wcsstore/Coles-CAS/images/3/2/4/3247291-th.jpg",
    "categories": ["pantry"],
    "tags": ["tea", "gren"],
    "locations": {
      "vic": {
        "price": 6,
        "promoText": " ",
        "packageSize": "30g",
        "packagePrice": "$20.00 per 100G"
      }
    }
  },
  {
    "id": "lipton-brilliant-mint-green-tea",
    "brand": "Lipton",
    "name": "Mint Green Tea Bags",
    "imageUrl": "https://shop.coles.com.au/wcsstore/Coles-CAS/images/2/6/1/2613736-th.jpg",
    "categories": ["pantry"],
    "tags": ["tea", "gren"],
    "locations": {
      "vic": {
        "price": 5,
        "promoText": " ",
        "packageSize": "40 pack",
        "packagePrice": "$0.13 per 1Ea"
      }
    }
  },
  {
    "id": "twinings-tea-bags-pure-green",
    "brand": "Twinings",
    "name": "Pure Green Tea Bags 50 pack",
    "imageUrl": "https://shop.coles.com.au/wcsstore/Coles-CAS/images/5/8/2/5823291-th.jpg",
    "categories": ["pantry"],
    "tags": ["tea", "gren"],
    "locations": {
      "vic": {
        "price": 7,
        "promoText": " ",
        "packageSize": "100g",
        "packagePrice": "$7.00 per 100G"
      }
    }
  },
  {
    "id": "dilmah-ceylon-pure-green-tea-20-pack",
    "brand": "Dilmah",
    "name": "Pure Ceylon Green Tea Bags 20 pack",
    "imageUrl": "https://shop.coles.com.au/wcsstore/Coles-CAS/images/2/6/0/2601318-th.jpg",
    "categories": ["pantry"],
    "tags": ["tea", "gren"],
    "locations": {
      "vic": {
        "price": 3.7,
        "promoText": " ",
        "packageSize": "40g",
        "packagePrice": "$0.19 per 1Ea"
      }
    }
  },
  {
    "id": "higher-living-gren-tea-chai",
    "brand": "Higher Living",
    "name": "Green Tea Chai",
    "imageUrl": "https://shop.coles.com.au/wcsstore/Coles-CAS/images/3/7/0/3708929-th.jpg",
    "categories": ["pantry"],
    "tags": ["tea", "gren"],
    "locations": {
      "vic": {
        "price": 3.7,
        "promoText": " ",
        "packageSize": "20 pack",
        "packagePrice": "$0.19 per 1Ea"
      }
    }
  },
  {
    "id": "madame-flavour-tea-bags-green-jasmine--pear-18-pack",
    "brand": "Madame Flavour",
    "name": "Green Jasmine & Pear Tea Bags18 pack",
    "imageUrl": "https://shop.coles.com.au/wcsstore/Coles-CAS/images/7/4/8/7488653-th.jpg",
    "categories": ["pantry"],
    "tags": ["tea", "gren"],
    "locations": {
      "vic": {
        "price": 5.8,
        "promoText": " ",
        "packageSize": "36g",
        "packagePrice": "$16.11 per 100G"
      }
    }
  },
  {
    "id": "qi-organic-green-detox-tea-bags-25-pack",
    "brand": "Qi",
    "name": "Organic Detox Green Tea Bags 25 pack",
    "imageUrl": "https://shop.coles.com.au/wcsstore/Coles-CAS/images/2/2/3/2236744-th.jpg",
    "categories": ["pantry"],
    "tags": ["tea", "gren"],
    "locations": {
      "vic": {
        "price": 5,
        "promoText": " ",
        "packageSize": "40g",
        "packagePrice": "$0.20 per 1Ea"
      }
    }
  },
  {
    "id": "tetley-green-natural-tea-bags",
    "brand": "Tetley",
    "name": "Natural Green Tea Bags 50 pack",
    "imageUrl": "https://shop.coles.com.au/wcsstore/Coles-CAS/images/6/0/5/6058900-th.jpg",
    "categories": ["pantry"],
    "tags": ["tea", "gren"],
    "locations": {
      "vic": {
        "price": 4.1,
        "promoText": " ",
        "packageSize": "60g",
        "packagePrice": "$6.83 per 100G"
      }
    }
  },
  {
    "id": "twinings-tea-bags-gren-tea-jasmine",
    "brand": "Twining's",
    "name": "Green Tea & Jasmine Tea Bags",
    "imageUrl": "https://shop.coles.com.au/wcsstore/Coles-CAS/images/3/7/0/3708780-th.jpg",
    "categories": ["pantry"],
    "tags": ["tea", "gren"],
    "locations": {
      "vic": {
        "price": 2,
        "promoText": "$0.70 ",
        "packageSize": "10 pack",
        "packagePrice": "$0.20 per 1Ea"
      }
    }
  },
  {
    "id": "ito-en-matcha-green-tea-jasmine",
    "brand": "Ito En",
    "name": "Matcha Jasmine Green Tea Bags 20 Pack",
    "imageUrl": "https://shop.coles.com.au/wcsstore/Coles-CAS/images/3/2/4/3247280-th.jpg",
    "categories": ["pantry"],
    "tags": ["tea", "gren"],
    "locations": {
      "vic": {
        "price": 6,
        "promoText": " ",
        "packageSize": "30g",
        "packagePrice": "$20.00 per 100G"
      }
    }
  },
  {
    "id": "ito-en-matcha-gren-tea-swet-matcha",
    "brand": "Ito En",
    "name": "Matcha Green Tea Sweet Matcha",
    "imageUrl": "https://shop.coles.com.au/wcsstore/Coles-CAS/images/3/7/0/3702730-th.jpg",
    "categories": ["pantry"],
    "tags": ["tea", "gren"],
    "locations": {
      "vic": {
        "price": 8.8,
        "promoText": " ",
        "packageSize": "10 pack",
        "packagePrice": "$0.88 per 1Ea"
      }
    }
  },
  {
    "id": "t2-gorgeous-geisha-flavrd-green-tea-in-a-bag",
    "brand": "T2",
    "name": "Gorgeous Geisha Flavoured Green Tea Bags 25 pack",
    "imageUrl": "https://shop.coles.com.au/wcsstore/Coles-CAS/images/3/0/8/3081304-th.jpg",
    "categories": ["pantry"],
    "tags": ["tea", "gren"],
    "locations": {
      "vic": {
        "price": 16,
        "promoText": " ",
        "packageSize": "50g",
        "packagePrice": "$32.00 per 100G"
      }
    }
  },
  {
    "id": "ti-ora-herbal-infu-cmile-lemon-honey-teabags",
    "brand": "Ti Ora",
    "name": "Camomile With Lemon Honey & Manuka Leaf Herbal Infusion Teabags 15 pack",
    "imageUrl": "https://shop.coles.com.au/wcsstore/Coles-CAS/images/3/4/5/3455517-th.jpg",
    "categories": ["pantry"],
    "tags": ["tea", "gren"],
    "locations": {
      "vic": {
        "price": 4,
        "promoText": "$2.00 ",
        "packageSize": "19.5g",
        "packagePrice": "$0.27 per 1Ea"
      }
    }
  },
  {
    "id": "ti-ora-green-tea-ginger-lemongrass-teabags",
    "brand": "Ti Ora",
    "name": "Green Tea With Ginger Lemongrass & Kawakawa 15 Tea Bags",
    "imageUrl": "https://shop.coles.com.au/wcsstore/Coles-CAS/images/3/4/5/3452563-th.jpg",
    "categories": ["pantry"],
    "tags": ["tea", "gren"],
    "locations": {
      "vic": {
        "price": 4,
        "promoText": "$2.00 ",
        "packageSize": "27g",
        "packagePrice": "$1.48 per 10G"
      }
    }
  },
  {
    "id": "ti-ora-green-tea-peach-passionfruit-teabags",
    "brand": "Ti Ora",
    "name": "Green Tea With Peach & Passionfruit Kawakawa 15 Teabags",
    "imageUrl": "https://shop.coles.com.au/wcsstore/Coles-CAS/images/3/4/5/3452552-th.jpg",
    "categories": ["pantry"],
    "tags": ["tea", "gren"],
    "locations": {
      "vic": {
        "price": 4,
        "promoText": "$2.00 ",
        "packageSize": "33g",
        "packagePrice": "$0.27 per 1Ea"
      }
    }
  },
  {
    "id": "ti-ora-gren-tea-pomegrnt-strawberry-w-kawakawa",
    "brand": "Ti Ora",
    "name": "Green Tea Pomegranate & Strawberry With Kawakawa",
    "imageUrl": "https://shop.coles.com.au/wcsstore/Coles-CAS/images/3/7/0/3702106-th.jpg",
    "categories": ["pantry"],
    "tags": ["tea", "gren"],
    "locations": {
      "vic": {
        "price": 4,
        "promoText": "$2.00 ",
        "packageSize": "15 pack",
        "packagePrice": "$0.27 per 1Ea"
      }
    }
  },
  {
    "id": "twinings-tea-bags-java-green",
    "brand": "Twinings",
    "name": "Pure Green Tea Bags 10 pack",
    "imageUrl": "https://shop.coles.com.au/wcsstore/Coles-CAS/images/7/1/2/7127440-th.jpg",
    "categories": ["pantry"],
    "tags": ["tea", "gren"],
    "locations": {
      "vic": {
        "price": 2,
        "promoText": "$0.70 ",
        "packageSize": "15g",
        "packagePrice": "$13.33 per 100G"
      }
    }
  },
  {
    "id": "twinings-tea-bags-green-tea-lemon",
    "brand": "Twinings",
    "name": "Lemon Flavour Green Tea Bags 10 Pack",
    "imageUrl": "https://shop.coles.com.au/wcsstore/Coles-CAS/images/4/7/6/4760120-th.jpg",
    "categories": ["pantry"],
    "tags": ["tea", "gren"],
    "locations": {
      "vic": {
        "price": 2,
        "promoText": "$0.70 ",
        "packageSize": "20g",
        "packagePrice": "$10.00 per 100G"
      }
    }
  },
  {
    "id": "twinings-tea-bags-green-tea-lemon-5060746p",
    "brand": "Twinings",
    "name": "Lemon Green Tea Bags 50 pack",
    "imageUrl": "https://shop.coles.com.au/wcsstore/Coles-CAS/images/5/0/6/5060746-th.jpg",
    "categories": ["pantry"],
    "tags": ["tea", "gren"],
    "locations": {
      "vic": {
        "price": 7,
        "promoText": " ",
        "packageSize": "100g",
        "packagePrice": "$7.00 per 100G"
      }
    }
  },
  {
    "id": "lotus-peak-tea-bags-white",
    "brand": "Lotus Peak",
    "name": "White Tea Bags 25 pack",
    "imageUrl": "https://shop.coles.com.au/wcsstore/Coles-CAS/images/4/7/6/4760990-th.jpg",
    "categories": ["pantry"],
    "tags": ["tea", "white"],
    "locations": {
      "vic": {
        "price": 3.5,
        "promoText": " ",
        "packageSize": "50g",
        "packagePrice": "$7.00 per 100G"
      }
    }
  },
  {
    "id": "lipton-chai-latte-stick-sachets",
    "brand": "Lipton",
    "name": "Classic Chai Latte Sachets 16 Pack",
    "imageUrl": "https://shop.coles.com.au/wcsstore/Coles-CAS/images/8/1/5/8150969-th.jpg",
    "categories": ["pantry"],
    "tags": ["tea", "chai"],
    "locations": {
      "vic": {
        "price": 9.5,
        "promoText": " ",
        "packageSize": "370g",
        "packagePrice": "$2.57 per 100G"
      }
    }
  },
  {
    "id": "lipton-chai-latte-drink-vanilla",
    "brand": "Lipton",
    "name": "Vanilla Chai Latte Sachets 8 pack",
    "imageUrl": "https://shop.coles.com.au/wcsstore/Coles-CAS/images/4/9/6/4965847-th.jpg",
    "categories": ["pantry"],
    "tags": ["tea", "chai"],
    "locations": {
      "vic": {
        "price": 7,
        "promoText": " ",
        "packageSize": "185g",
        "packagePrice": "$3.78 per 100G"
      }
    }
  },
  {
    "id": "twinings-origins-tea-bags-chai-vanilla",
    "brand": "Twinings",
    "name": "Chai & Vanilla Tea Bags 10 pack",
    "imageUrl": "https://shop.coles.com.au/wcsstore/Coles-CAS/images/5/0/6/5060666-th.jpg",
    "categories": ["pantry"],
    "tags": ["tea", "chai"],
    "locations": {
      "vic": {
        "price": 2,
        "promoText": "$0.70 ",
        "packageSize": "20g",
        "packagePrice": "$10.00 per 100G"
      }
    }
  },
  {
    "id": "arkadia-tea-chai-vanilla",
    "brand": "Arkadia",
    "name": "Vanilla Chai Tea",
    "imageUrl": "https://shop.coles.com.au/wcsstore/Coles-CAS/images/7/4/9/7490178-th.jpg",
    "categories": ["pantry"],
    "tags": ["tea", "chai"],
    "locations": {
      "vic": {
        "price": 6.5,
        "promoText": " ",
        "packageSize": "240g",
        "packagePrice": "$2.71 per 100G"
      }
    }
  },
  {
    "id": "arkadia-tea-chai-spice",
    "brand": "Arkadia",
    "name": "Spice Chai Tea",
    "imageUrl": "https://shop.coles.com.au/wcsstore/Coles-CAS/images/7/4/9/7490189-th.jpg",
    "categories": ["pantry"],
    "tags": ["tea", "chai"],
    "locations": {
      "vic": {
        "price": 6.5,
        "promoText": " ",
        "packageSize": "240g",
        "packagePrice": "$2.71 per 100G"
      }
    }
  },
  {
    "id": "twinings-tea-bags-vanilla-chai",
    "brand": "Twining's",
    "name": "Vanilla Chai Tea Bags",
    "imageUrl": "https://shop.coles.com.au/wcsstore/Coles-CAS/images/3/7/0/3708645-th.jpg",
    "categories": ["pantry"],
    "tags": ["tea", "chai"],
    "locations": {
      "vic": {
        "price": 7.5,
        "promoText": "$3.50 ",
        "packageSize": "80 pack",
        "packagePrice": "$0.09 per 1Ea"
      }
    }
  },
  {
    "id": "arkadia-chai-spice-tea-sachets",
    "brand": "Arkadia",
    "name": "Spice Chai Tea Sachets 20 pack",
    "imageUrl": "https://shop.coles.com.au/wcsstore/Coles-CAS/images/3/4/5/3452610-th.jpg",
    "categories": ["pantry"],
    "tags": ["tea", "chai"],
    "locations": {
      "vic": {
        "price": 13,
        "promoText": " ",
        "packageSize": "400g",
        "packagePrice": "$3.25 per 100G"
      }
    }
  },
  {
    "id": "arkadia-chai-tea-no-added-sugar",
    "brand": "Arkadia",
    "name": "Chai Tea Low Sugar",
    "imageUrl": "https://shop.coles.com.au/wcsstore/Coles-CAS/images/3/7/0/3703754-th.jpg",
    "categories": ["pantry"],
    "tags": ["tea", "chai"],
    "locations": {
      "vic": {
        "price": 6.5,
        "promoText": " ",
        "packageSize": "240g",
        "packagePrice": "$2.71 per 100G"
      }
    }
  },
  {
    "id": "celestial-seasonings-bengal-spice-tea",
    "brand": "Celestial Seasonings",
    "name": "Bengal Spice Tea Bags 20 pack",
    "imageUrl": "https://shop.coles.com.au/wcsstore/Coles-CAS/images/2/6/0/2601566-th.jpg",
    "categories": ["pantry"],
    "tags": ["tea", "chai"],
    "locations": {
      "vic": {
        "price": 4.2,
        "promoText": " ",
        "packageSize": "47g",
        "packagePrice": "$0.21 per 1Ea"
      }
    }
  },
  {
    "id": "lipton-tea-bags-chai",
    "brand": "Lipton",
    "name": "Chai Black Tea With Exotic Spices Tea Bags",
    "imageUrl": "https://shop.coles.com.au/wcsstore/Coles-CAS/images/4/6/8/4686118-th.jpg",
    "categories": ["pantry"],
    "tags": ["tea", "chai"],
    "locations": {
      "vic": {
        "price": 4.9,
        "promoText": " ",
        "packageSize": "20 pack",
        "packagePrice": "$0.25 per 1Ea"
      }
    }
  },
  {
    "id": "nerada-organic-tea-bags-chai",
    "brand": "Nerada",
    "name": "Organics Pure Chai Tea Bags 50 pack",
    "imageUrl": "https://shop.coles.com.au/wcsstore/Coles-CAS/images/6/3/7/6378161-th.jpg",
    "categories": ["pantry"],
    "tags": ["tea", "chai"],
    "locations": {
      "vic": {
        "price": 4.7,
        "promoText": " ",
        "packageSize": "92.5g",
        "packagePrice": "$5.08 per 100G"
      }
    }
  },
  {
    "id": "arkadia-chai-tea-vegan",
    "brand": "Arkadia",
    "name": "Vegan Chai Tea",
    "imageUrl": "https://shop.coles.com.au/wcsstore/Coles-CAS/images/3/7/3/3736414-th.jpg",
    "categories": ["pantry"],
    "tags": ["tea", "chai"],
    "locations": {
      "vic": {
        "price": 6.5,
        "promoText": " ",
        "packageSize": "240g",
        "packagePrice": "$2.71 per 100G"
      }
    }
  },
  {
    "id": "coles-chai-latte",
    "brand": "Coles",
    "name": "Chai Latte 10 Sachets",
    "imageUrl": "https://shop.coles.com.au/wcsstore/Coles-CAS/images/3/6/4/3640687-th.jpg",
    "categories": ["pantry"],
    "tags": ["tea", "chai"],
    "locations": {
      "vic": {
        "price": 3.25,
        "promoText": " ",
        "packageSize": "250g",
        "packagePrice": "$1.30 per 100G"
      }
    }
  },
  {
    "id": "tetley-chai-latte-classic",
    "brand": "Tetley",
    "name": "Classic Chai Latte Tea Sachets 8 pack",
    "imageUrl": "https://shop.coles.com.au/wcsstore/Coles-CAS/images/8/7/9/8797573-th.jpg",
    "categories": ["pantry"],
    "tags": ["tea", "chai"],
    "locations": {
      "vic": {
        "price": 4.95,
        "promoText": "Was $6.00 on Jul 2019 ",
        "packageSize": "200g",
        "packagePrice": "$2.48 per 100G"
      }
    }
  },
  {
    "id": "just-rooibos-tea-bags-african",
    "brand": "Just Rooibos",
    "name": "African Tea Bags 40 pack",
    "imageUrl": "https://shop.coles.com.au/wcsstore/Coles-CAS/images/9/1/6/9161122-th.jpg",
    "categories": ["pantry"],
    "tags": ["tea", "organic-tea"],
    "locations": {
      "vic": {
        "price": 6,
        "promoText": " ",
        "packageSize": "100g",
        "packagePrice": "$6.00 per 100G"
      }
    }
  },
  {
    "id": "nerada-organic-tea-bags-rooibos-vanilla",
    "brand": "Nerada",
    "name": "Organics Rooibos & Vanilla Flavour Tea Bags 50 pack",
    "imageUrl": "https://shop.coles.com.au/wcsstore/Coles-CAS/images/6/3/7/6378616-th.jpg",
    "categories": ["pantry"],
    "tags": ["tea", "organic-tea"],
    "locations": {
      "vic": {
        "price": 4.7,
        "promoText": " ",
        "packageSize": "92g",
        "packagePrice": "$5.22 per 100G"
      }
    }
  },
  {
    "id": "dilmah-infusions-rooibos-tea-gngr-pepprmnt",
    "brand": "Dilmah",
    "name": "Ginger & Peppermint Tea Bags 20 Pack",
    "imageUrl": "https://shop.coles.com.au/wcsstore/Coles-CAS/images/3/2/4/3247495-th.jpg",
    "categories": ["pantry"],
    "tags": ["tea", "organic-tea"],
    "locations": {
      "vic": {
        "price": 3.7,
        "promoText": " ",
        "packageSize": "40g",
        "packagePrice": "$0.19 per 1Ea"
      }
    }
  },
  {
    "id": "dilmah-infusions-roibos-tea-mrnga-chil-coco-carda",
    "brand": "Dilmah",
    "name": "Infusions Rooibos Tea With Maringa Chilli Cocoa & Cardamom",
    "imageUrl": "https://shop.coles.com.au/wcsstore/Coles-CAS/images/3/7/4/3740182-th.jpg",
    "categories": ["pantry"],
    "tags": ["tea", "organic-tea"],
    "locations": {
      "vic": {
        "price": 3.7,
        "promoText": " ",
        "packageSize": "20 pack",
        "packagePrice": "$0.19 per 1Ea"
      }
    }
  },
  {
    "id": "dilmah-infusions-rooibos-tea-tumrc-cinmn-ging-ntmg",
    "brand": "Dilmah",
    "name": "Caffeine Free Rooibos Cinnamon, Turmeric, Ginger & Nutmeg Tea Bags 20 pack",
    "imageUrl": "https://shop.coles.com.au/wcsstore/Coles-CAS/images/3/2/4/3247451-th.jpg",
    "categories": ["pantry"],
    "tags": ["tea", "organic-tea"],
    "locations": {
      "vic": {
        "price": 3.7,
        "promoText": " ",
        "packageSize": "40g",
        "packagePrice": "$0.19 per 1Ea"
      }
    }
  },
  {
    "id": "higher-living-organic-roibos",
    "brand": "Higher Living",
    "name": "Organic Rooibos",
    "imageUrl": "https://shop.coles.com.au/wcsstore/Coles-CAS/images/3/7/0/3708930-th.jpg",
    "categories": ["pantry"],
    "tags": ["tea", "organic-tea"],
    "locations": {
      "vic": {
        "price": 5,
        "promoText": " ",
        "packageSize": "40 pack",
        "packagePrice": "$0.13 per 1Ea"
      }
    }
  },
  {
    "id": "twinings-tea-bags-pure-african-roibos",
    "brand": "Twining's",
    "name": "Pure African Rooibos Tea Bags",
    "imageUrl": "https://shop.coles.com.au/wcsstore/Coles-CAS/images/3/7/0/3708805-th.jpg",
    "categories": ["pantry"],
    "tags": ["tea", "organic-tea"],
    "locations": {
      "vic": {
        "price": 7,
        "promoText": " ",
        "packageSize": "40 pack",
        "packagePrice": "$0.18 per 1Ea"
      }
    }
  },
  {
    "id": "pukka-tea-night-time",
    "brand": "Pukka",
    "name": "Night Time Tea Sachets 20 pack",
    "imageUrl": "https://shop.coles.com.au/wcsstore/Coles-CAS/images/3/2/4/3248771-th.jpg",
    "categories": ["pantry"],
    "tags": ["tea", "herbal-tea"],
    "locations": {
      "vic": {
        "price": 7.5,
        "promoText": " ",
        "packageSize": "20g",
        "packagePrice": "$0.38 per 1Ea"
      }
    }
  },
  {
    "id": "pukka-tea-three-mint",
    "brand": "Pukka",
    "name": "Three Mint Herbal Tea Sachets 20 pack",
    "imageUrl": "https://shop.coles.com.au/wcsstore/Coles-CAS/images/3/2/4/3248807-th.jpg",
    "categories": ["pantry"],
    "tags": ["tea", "herbal-tea"],
    "locations": {
      "vic": {
        "price": 7.5,
        "promoText": " ",
        "packageSize": "32g",
        "packagePrice": "$0.38 per 1Ea"
      }
    }
  },
  {
    "id": "twinings-herbal-infusion-tea-bags-pure-peppermint",
    "brand": "Twinings",
    "name": "Pure Peppermint Tea Bags 80 pack",
    "imageUrl": "https://shop.coles.com.au/wcsstore/Coles-CAS/images/7/4/8/7488100-th.jpg",
    "categories": ["pantry"],
    "tags": ["tea", "herbal-tea"],
    "locations": {
      "vic": {
        "price": 7.5,
        "promoText": "$3.50 ",
        "packageSize": "160g",
        "packagePrice": "$4.69 per 100G"
      }
    }
  },
  {
    "id": "nerada-organic-lemon-ginger-tea-bags",
    "brand": "Nerada",
    "name": "Organic Lemon & Ginger Tea Bags 40 pack",
    "imageUrl": "https://shop.coles.com.au/wcsstore/Coles-CAS/images/1/4/1/1412954-th.jpg",
    "categories": ["pantry"],
    "tags": ["tea", "herbal-tea"],
    "locations": {
      "vic": {
        "price": 5,
        "promoText": " ",
        "packageSize": "60g",
        "packagePrice": "$0.08 per 1G"
      }
    }
  },
  {
    "id": "twinings-herbal-infusion-tea-bags-camomile--honey-vanilla",
    "brand": "Twinings",
    "name": "Caffeine Free Camomile, Honey & Vanilla Flavoured Herbal Infusions Tea Bags 10 Serve",
    "imageUrl": "https://shop.coles.com.au/wcsstore/Coles-CAS/images/8/7/2/8729551-th.jpg",
    "categories": ["pantry"],
    "tags": ["tea", "herbal-tea"],
    "locations": {
      "vic": {
        "price": 2,
        "promoText": "$0.70 ",
        "packageSize": "15g",
        "packagePrice": "$13.33 per 100G"
      }
    }
  },
  {
    "id": "twinings-infusions-lemon-ginger",
    "brand": "Twinings",
    "name": "Lemon & Ginger Infusions Tea Bags 80 pack",
    "imageUrl": "https://shop.coles.com.au/wcsstore/Coles-CAS/images/2/2/4/2245563-th.jpg",
    "categories": ["pantry"],
    "tags": ["tea", "herbal-tea"],
    "locations": {
      "vic": {
        "price": 7.5,
        "promoText": "$3.50 ",
        "packageSize": "120g",
        "packagePrice": "$6.25 per 100G"
      }
    }
  },
  {
    "id": "twinings-infusions-pure-peppermint-tea-bags",
    "brand": "Twinings",
    "name": "Pure Peppermint Herbal Infusions Tea Bags 40 pack",
    "imageUrl": "https://shop.coles.com.au/wcsstore/Coles-CAS/images/6/8/1/6811254-th.jpg",
    "categories": ["pantry"],
    "tags": ["tea", "herbal-tea"],
    "locations": {
      "vic": {
        "price": 7,
        "promoText": " ",
        "packageSize": "80g",
        "packagePrice": "$8.75 per 100G"
      }
    }
  },
  {
    "id": "twinings-herbal-infusions-tea-bags-lemon-ginger",
    "brand": "Twinings",
    "name": "Lemon & Ginger Herbal Infusions Tea Bags 10 pack",
    "imageUrl": "https://shop.coles.com.au/wcsstore/Coles-CAS/images/5/9/8/5984870-th.jpg",
    "categories": ["pantry"],
    "tags": ["tea", "herbal-tea"],
    "locations": {
      "vic": {
        "price": 2,
        "promoText": "$0.70 ",
        "packageSize": "15g",
        "packagePrice": "$13.33 per 100G"
      }
    }
  },
  {
    "id": "twinings-herbal-infusions-camomile-tea-bags-2469480p",
    "brand": "Twinings",
    "name": "Herbal Infusions Camomile Tea Bags",
    "imageUrl": "https://shop.coles.com.au/wcsstore/Coles-CAS/images/2/4/6/2469480-th.jpg",
    "categories": ["pantry"],
    "tags": ["tea", "herbal-tea"],
    "locations": {
      "vic": {
        "price": 2,
        "promoText": "$0.70 ",
        "packageSize": "10 pack",
        "packagePrice": "$16.67 per 100G"
      }
    }
  },
  {
    "id": "twinings-herbal-infusions-camomile-tea-bags-2471325p",
    "brand": "Twinings",
    "name": "Pure Camomile Infusions Tea Bags 80 pack",
    "imageUrl": "https://shop.coles.com.au/wcsstore/Coles-CAS/images/2/4/7/2471325-th.jpg",
    "categories": ["pantry"],
    "tags": ["tea", "herbal-tea"],
    "locations": {
      "vic": {
        "price": 7.5,
        "promoText": "$3.50 ",
        "packageSize": "120g",
        "packagePrice": "$6.25 per 100G"
      }
    }
  },
  {
    "id": "twinings-herbal-infusions-tea-bags-ginger-apple",
    "brand": "Twinings",
    "name": "Caffeine Free Ginger & Apple Flavour Herbal Infusions Tea Bags 10 pack",
    "imageUrl": "https://shop.coles.com.au/wcsstore/Coles-CAS/images/2/3/8/2384526-th.jpg",
    "categories": ["pantry"],
    "tags": ["tea", "herbal-tea"],
    "locations": {
      "vic": {
        "price": 2,
        "promoText": "$0.70 ",
        "packageSize": "20g",
        "packagePrice": "$10.00 per 100G"
      }
    }
  },
  {
    "id": "higher-living-licorice-tea-bags",
    "brand": "Higher Living",
    "name": "Organic Sweet Dreams Tea Bags 15 pack",
    "imageUrl": "https://shop.coles.com.au/wcsstore/Coles-CAS/images/1/7/6/1768679-th.jpg",
    "categories": ["pantry"],
    "tags": ["tea", "herbal-tea"],
    "locations": {
      "vic": {
        "price": 3.7,
        "promoText": " ",
        "packageSize": "26g",
        "packagePrice": "$0.25 per 1Ea"
      }
    }
  },
  {
    "id": "t2-just-peppermint-ina-a-bag",
    "brand": "T2",
    "name": "Peppermint Tea Bags 25 pack",
    "imageUrl": "https://shop.coles.com.au/wcsstore/Coles-CAS/images/3/0/8/3081268-th.jpg",
    "categories": ["pantry"],
    "tags": ["tea", "herbal-tea"],
    "locations": {
      "vic": {
        "price": 12,
        "promoText": " ",
        "packageSize": "37g",
        "packagePrice": "$32.43 per 100G"
      }
    }
  },
  {
    "id": "twinings-herbal-infusions-tea-bags-peppermint",
    "brand": "Twinings",
    "name": "Pure Peppermint Tea Bags 10 pack",
    "imageUrl": "https://shop.coles.com.au/wcsstore/Coles-CAS/images/5/3/5/5359638-th.jpg",
    "categories": ["pantry"],
    "tags": ["tea", "herbal-tea"],
    "locations": {
      "vic": {
        "price": 2,
        "promoText": "$0.70 ",
        "packageSize": "20g",
        "packagePrice": "$10.00 per 100G"
      }
    }
  },
  {
    "id": "twinings-herbal-infusion-tea-bags-raspberry--strawberry-loganberry",
    "brand": "Twinings",
    "name": "Raspberry Strawberry & Loganberry Flavoured Tea Bags 10 pack",
    "imageUrl": "https://shop.coles.com.au/wcsstore/Coles-CAS/images/8/7/2/8729530-th.jpg",
    "categories": ["pantry"],
    "tags": ["tea", "herbal-tea"],
    "locations": {
      "vic": {
        "price": 2,
        "promoText": "$0.70 ",
        "packageSize": "20g",
        "packagePrice": "$10.00 per 100G"
      }
    }
  },
  {
    "id": "twinings-tea-bags-camomile-honey-vanilla",
    "brand": "Twining's",
    "name": "Camomile Honey & Vanilla Tea Bags",
    "imageUrl": "https://shop.coles.com.au/wcsstore/Coles-CAS/images/3/7/0/3708667-th.jpg",
    "categories": ["pantry"],
    "tags": ["tea", "herbal-tea"],
    "locations": {
      "vic": {
        "price": 7,
        "promoText": " ",
        "packageSize": "40 pack",
        "packagePrice": "$0.18 per 1Ea"
      }
    }
  },
  {
    "id": "twinings-herbal-infusions-tea-bags-chamomile-spearmint",
    "brand": "Twinings",
    "name": "Chamomile & Spearmint Herbal Infusions Tea Bags 10 pack",
    "imageUrl": "https://shop.coles.com.au/wcsstore/Coles-CAS/images/8/1/1/8117238-th.jpg",
    "categories": ["pantry"],
    "tags": ["tea", "herbal-tea"],
    "locations": {
      "vic": {
        "price": 2,
        "promoText": "$0.70 ",
        "packageSize": "15g",
        "packagePrice": "$13.33 per 100G"
      }
    }
  },
  {
    "id": "celestial-seasonings-tea-bags-slepytime",
    "brand": "Celestial",
    "name": "Seasonings Tea Bags Sleepytime",
    "imageUrl": "https://shop.coles.com.au/wcsstore/Coles-CAS/images/3/7/0/3709080-th.jpg",
    "categories": ["pantry"],
    "tags": ["tea", "herbal-tea"],
    "locations": {
      "vic": {
        "price": 8,
        "promoText": " ",
        "packageSize": "40 pack",
        "packagePrice": "$0.20 per 1Ea"
      }
    }
  },
  {
    "id": "higher-living-licorice-tea-bags-1768668p",
    "brand": "Higher Living",
    "name": "Organic Licorice Tea Bags 15 Pack",
    "imageUrl": "https://shop.coles.com.au/wcsstore/Coles-CAS/images/1/7/6/1768668-th.jpg",
    "categories": ["pantry"],
    "tags": ["tea", "herbal-tea"],
    "locations": {
      "vic": {
        "price": 3.7,
        "promoText": " ",
        "packageSize": "30g",
        "packagePrice": "$0.25 per 1Ea"
      }
    }
  },
  {
    "id": "higher-living-organic-hrbl-infsn-pprmnt-licrc",
    "brand": "Higher Living",
    "name": "Organic Peppermint & Licorice Tea Bags 15 pack",
    "imageUrl": "https://shop.coles.com.au/wcsstore/Coles-CAS/images/3/2/4/3247542-th.jpg",
    "categories": ["pantry"],
    "tags": ["tea", "herbal-tea"],
    "locations": {
      "vic": {
        "price": 3.7,
        "promoText": " ",
        "packageSize": "22g",
        "packagePrice": "$0.25 per 1Ea"
      }
    }
  },
  {
    "id": "twinnings-herbal-infusion-tea-bags-cranberry-pomegranite",
    "brand": "Twinings",
    "name": "Cranberry &  Pomegranate Flavoured Tea Bags 10 pack",
    "imageUrl": "https://shop.coles.com.au/wcsstore/Coles-CAS/images/8/7/2/8729562-th.jpg",
    "categories": ["pantry"],
    "tags": ["tea", "herbal-tea"],
    "locations": {
      "vic": {
        "price": 2,
        "promoText": "$0.70 ",
        "packageSize": "20g",
        "packagePrice": "$10.00 per 100G"
      }
    }
  },
  {
    "id": "twinings-infusions-lemon-ginger-flavour-tea-bags",
    "brand": "Twinings",
    "name": "Lemon & Ginger Infusions Tea Bags 40 pack",
    "imageUrl": "https://shop.coles.com.au/wcsstore/Coles-CAS/images/6/8/1/6811221-th.jpg",
    "categories": ["pantry"],
    "tags": ["tea", "herbal-tea"],
    "locations": {
      "vic": {
        "price": 7,
        "promoText": " ",
        "packageSize": "60g",
        "packagePrice": "$11.67 per 100G"
      }
    }
  },
  {
    "id": "twinings-herbal-infusions-camomile-tea-bags-2506532p",
    "brand": "Twinings",
    "name": "Pure Camomile Herbal Infusions Tea Bags 40 pack",
    "imageUrl": "https://shop.coles.com.au/wcsstore/Coles-CAS/images/2/5/0/2506532-th.jpg",
    "categories": ["pantry"],
    "tags": ["tea", "herbal-tea"],
    "locations": {
      "vic": {
        "price": 7,
        "promoText": " ",
        "packageSize": "56g",
        "packagePrice": "$12.50 per 100G"
      }
    }
  },
  {
    "id": "twinings-herbal-infusion-peppermint-spearmint-tea-bags",
    "brand": "Twinings",
    "name": "Peppermint & Spearmint Tea Bags 10 Pack",
    "imageUrl": "https://shop.coles.com.au/wcsstore/Coles-CAS/images/2/3/8/2380219-th.jpg",
    "categories": ["pantry"],
    "tags": ["tea", "herbal-tea"],
    "locations": {
      "vic": {
        "price": 2,
        "promoText": "$0.70 ",
        "packageSize": "20g",
        "packagePrice": "$10.00 per 100G"
      }
    }
  },
  {
    "id": "coles-tea-bags-herbal-peppermint",
    "brand": "Coles",
    "name": "Peppermint Infusion Tea Bags 50 Pack",
    "imageUrl": "https://shop.coles.com.au/wcsstore/Coles-CAS/images/6/1/8/6180200-th.jpg",
    "categories": ["pantry"],
    "tags": ["tea", "herbal-tea"],
    "locations": {
      "vic": {
        "price": 2.2,
        "promoText": " ",
        "packageSize": "75g",
        "packagePrice": "$2.93 per 100G"
      }
    }
  },
  {
    "id": "higher-living-organic-hrbl-infsn-ginger-kick",
    "brand": "Higher Living",
    "name": "Organic Ginger Kick Tea Bags 15 pack",
    "imageUrl": "https://shop.coles.com.au/wcsstore/Coles-CAS/images/3/2/4/3247520-th.jpg",
    "categories": ["pantry"],
    "tags": ["tea", "herbal-tea"],
    "locations": {
      "vic": {
        "price": 3.7,
        "promoText": " ",
        "packageSize": "37g",
        "packagePrice": "$0.25 per 1Ea"
      }
    }
  },
  {
    "id": "nerada-organic-tea-bags-peppermint",
    "brand": "Nerada",
    "name": "Organics Peppermint Tea Bags 40 Pack",
    "imageUrl": "https://shop.coles.com.au/wcsstore/Coles-CAS/images/6/3/8/6384969-th.jpg",
    "categories": ["pantry"],
    "tags": ["tea", "herbal-tea"],
    "locations": {
      "vic": {
        "price": 5,
        "promoText": " ",
        "packageSize": "60g",
        "packagePrice": "$8.33 per 100G"
      }
    }
  },
  {
    "id": "pukka-tea-lemon-ginger-manuka-honey",
    "brand": "Pukka",
    "name": "Lemon Ginger & Manuka Honey Tea Sachets 20 pack",
    "imageUrl": "https://shop.coles.com.au/wcsstore/Coles-CAS/images/3/2/4/3248793-th.jpg",
    "categories": ["pantry"],
    "tags": ["tea", "herbal-tea"],
    "locations": {
      "vic": {
        "price": 7.5,
        "promoText": " ",
        "packageSize": "40g",
        "packagePrice": "$0.38 per 1Ea"
      }
    }
  },
  {
    "id": "pukka-herbal-collection-tea-bags-20-pack",
    "brand": "Pukka",
    "name": "Herbal Collection Tea Bags 20 pack",
    "imageUrl": "https://shop.coles.com.au/wcsstore/Coles-CAS/images/3/4/5/3452508-th.jpg",
    "categories": ["pantry"],
    "tags": ["tea", "herbal-tea"],
    "locations": {
      "vic": {
        "price": 7.5,
        "promoText": " ",
        "packageSize": "34.4g",
        "packagePrice": "$0.38 per 1Ea"
      }
    }
  },
  {
    "id": "pukka-relax-tea",
    "brand": "Pukka",
    "name": "Relax Tea Bags 20 pack",
    "imageUrl": "https://shop.coles.com.au/wcsstore/Coles-CAS/images/3/4/5/3452519-th.jpg",
    "categories": ["pantry"],
    "tags": ["tea", "herbal-tea"],
    "locations": {
      "vic": {
        "price": 7.5,
        "promoText": " ",
        "packageSize": "40g",
        "packagePrice": "$0.38 per 1Ea"
      }
    }
  },
  {
    "id": "red-seal-variety-pack-hot-or-cold-brew-tea",
    "brand": "Red Seal",
    "name": "Variety Pack Hot Or Cold Brew Tea",
    "imageUrl": "https://shop.coles.com.au/wcsstore/Coles-CAS/images/3/7/0/3709422-th.jpg",
    "categories": ["pantry"],
    "tags": ["tea", "herbal-tea"],
    "locations": {
      "vic": {
        "price": 4.5,
        "promoText": " ",
        "packageSize": "20 pack",
        "packagePrice": "$0.23 per 1Ea"
      }
    }
  },
  {
    "id": "tetley-infusions-tea-bags-pssnfrt-wth-twst-of-hsbcs",
    "brand": "Tetley",
    "name": "Passionfruit With A Twist Of Hibiscus Caffeine Free Tea Bags 20 Pack",
    "imageUrl": "https://shop.coles.com.au/wcsstore/Coles-CAS/images/3/2/4/3248920-th.jpg",
    "categories": ["pantry"],
    "tags": ["tea", "herbal-tea"],
    "locations": {
      "vic": {
        "price": 2.4,
        "promoText": "Was $3.00 on Sep 2019 ",
        "packageSize": "40g",
        "packagePrice": "$6.00 per 100G"
      }
    }
  },
  {
    "id": "twinings-tea-bags-strawbry-raspbry-logbry",
    "brand": "Twining's",
    "name": "Strawberry Raspberry & Loganberry Tea Bags",
    "imageUrl": "https://shop.coles.com.au/wcsstore/Coles-CAS/images/3/7/0/3708703-th.jpg",
    "categories": ["pantry"],
    "tags": ["tea", "herbal-tea"],
    "locations": {
      "vic": {
        "price": 7,
        "promoText": " ",
        "packageSize": "40 pack",
        "packagePrice": "$0.18 per 1Ea"
      }
    }
  },
  {
    "id": "india-gate-exotic-basmati-rice",
    "brand": "India Gate",
    "name": "Exotic Basmati Rice",
    "imageUrl": "https://shop.coles.com.au/wcsstore/Coles-CAS/images/2/6/0/2602784-th.jpg",
    "categories": ["pantry"],
    "tags": ["tea", "herbal-tea"],
    "locations": {
      "vic": {
        "price": 20,
        "promoText": " ",
        "packageSize": "5kg",
        "packagePrice": "$4.00 per 1Kg"
      }
    }
  },
  {
    "id": "madame-flavour-lemongrass-lime-ginger-tea-bags",
    "brand": "Madame Flavour",
    "name": "Caffeine Free Lemongrass Lime & Ginger Tisane Tea Bags 18 pack",
    "imageUrl": "https://shop.coles.com.au/wcsstore/Coles-CAS/images/1/7/5/1758030-th.jpg",
    "categories": ["pantry"],
    "tags": ["tea", "herbal-tea"],
    "locations": {
      "vic": {
        "price": 5.8,
        "promoText": " ",
        "packageSize": "36g",
        "packagePrice": "$16.11 per 1G"
      }
    }
  },
  {
    "id": "madura-organics-green-leaf-tea",
    "brand": "Madura",
    "name": "Organic Loose LeafÂ Green Tea",
    "imageUrl": "https://shop.coles.com.au/wcsstore/Coles-CAS/images/2/2/3/2236030-th.jpg",
    "categories": ["pantry"],
    "tags": ["tea", "herbal-tea"],
    "locations": {
      "vic": {
        "price": 5.95,
        "promoText": " ",
        "packageSize": "150g",
        "packagePrice": "$3.97 per 100G"
      }
    }
  },
  {
    "id": "nerada-organic-tea-bags-camomile",
    "brand": "Nerada",
    "name": "Camomile Herbal Infusion Tea Bags 40 pack",
    "imageUrl": "https://shop.coles.com.au/wcsstore/Coles-CAS/images/6/3/8/6384980-th.jpg",
    "categories": ["pantry"],
    "tags": ["tea", "herbal-tea"],
    "locations": {
      "vic": {
        "price": 5,
        "promoText": " ",
        "packageSize": "60g",
        "packagePrice": "$8.33 per 100G"
      }
    }
  },
  {
    "id": "t2-lemongrass-ginger-herbal-tisane-in-a-bag",
    "brand": "T2",
    "name": "Lemongrass & Ginger Herbal Tea Bags 25 Pack",
    "imageUrl": "https://shop.coles.com.au/wcsstore/Coles-CAS/images/3/0/8/3081280-th.jpg",
    "categories": ["pantry"],
    "tags": ["tea", "herbal-tea"],
    "locations": {
      "vic": {
        "price": 14,
        "promoText": " ",
        "packageSize": "50g",
        "packagePrice": "$28.00 per 100G"
      }
    }
  },
  {
    "id": "t2-pumping-pomegranate",
    "brand": "T2",
    "name": "Pumping Pomegranate",
    "imageUrl": "https://shop.coles.com.au/wcsstore/Coles-CAS/images/3/7/0/3708248-th.jpg",
    "categories": ["pantry"],
    "tags": ["tea", "herbal-tea"],
    "locations": {
      "vic": {
        "price": 7,
        "promoText": " ",
        "packageSize": "10 pack",
        "packagePrice": "$0.70 per 1Ea"
      }
    }
  },
  {
    "id": "tetley-infusions-tea-bags-forst-frut-wth-twst-appl",
    "brand": "Tetley",
    "name": "Caffeine Free Forest Fruits With A Twist Of Apple Tea Bags 20 pack",
    "imageUrl": "https://shop.coles.com.au/wcsstore/Coles-CAS/images/3/2/4/3248931-th.jpg",
    "categories": ["pantry"],
    "tags": ["tea", "herbal-tea"],
    "locations": {
      "vic": {
        "price": 2.4,
        "promoText": "Was $3.00 on Sep 2019 ",
        "packageSize": "40g",
        "packagePrice": "$6.00 per 100G"
      }
    }
  },
  {
    "id": "twinings-tea-bags-blackcurrent-blueberry",
    "brand": "Twining's",
    "name": "Blackcurrant & Blueberry Tea Bags",
    "imageUrl": "https://shop.coles.com.au/wcsstore/Coles-CAS/images/3/7/0/3708758-th.jpg",
    "categories": ["pantry"],
    "tags": ["tea", "herbal-tea"],
    "locations": {
      "vic": {
        "price": 2,
        "promoText": "$0.70 ",
        "packageSize": "10 pack",
        "packagePrice": "$0.20 per 1Ea"
      }
    }
  },
  {
    "id": "twinings-tea-bags-cranberry-pomegranate",
    "brand": "Twining's",
    "name": "Cranberry & Pomegranate Tea Bags",
    "imageUrl": "https://shop.coles.com.au/wcsstore/Coles-CAS/images/3/7/0/3708690-th.jpg",
    "categories": ["pantry"],
    "tags": ["tea", "herbal-tea"],
    "locations": {
      "vic": {
        "price": 7,
        "promoText": " ",
        "packageSize": "40 pack",
        "packagePrice": "$0.18 per 1Ea"
      }
    }
  },
  {
    "id": "twinings-wellness-tea-bags-sleep",
    "brand": "Twinings",
    "name": "Caffeine Free Naturally Sleep Tea Bags 18 pack",
    "imageUrl": "https://shop.coles.com.au/wcsstore/Coles-CAS/images/2/8/7/2872880-th.jpg",
    "categories": ["pantry"],
    "tags": ["tea", "herbal-tea"],
    "locations": {
      "vic": {
        "price": 4,
        "promoText": "Was $4.60 on Sep 2018 ",
        "packageSize": "27g",
        "packagePrice": "$14.81 per 1G"
      }
    }
  },
  {
    "id": "twinings-infuse-wtrmln-strwbry-mint-infsn",
    "brand": "Twinings",
    "name": "Watermelon, Strawberry & Mint Cold Water Infusion 12 pack",
    "imageUrl": "https://shop.coles.com.au/wcsstore/Coles-CAS/images/3/2/4/3247123-th.jpg",
    "categories": ["pantry"],
    "tags": ["tea", "herbal-tea"],
    "locations": {
      "vic": {
        "price": 5.5,
        "promoText": " ",
        "packageSize": "30g",
        "packagePrice": "$0.46 per 1Ea"
      }
    }
  },
  {
    "id": "twinings-infuse-psnfrt-mng-bld-orng",
    "brand": "Twinings",
    "name": "Passionfruit Mango & Blood Orange Cold Water Infusion 12 pack",
    "imageUrl": "https://shop.coles.com.au/wcsstore/Coles-CAS/images/3/2/4/3247134-th.jpg",
    "categories": ["pantry"],
    "tags": ["tea", "herbal-tea"],
    "locations": {
      "vic": {
        "price": 5.5,
        "promoText": " ",
        "packageSize": "30g",
        "packagePrice": "$0.46 per 1Ea"
      }
    }
  },
  {
    "id": "twinings-infuse-blbry-blkcrnt-apl-infsn-3247101p",
    "brand": "Twinings",
    "name": "Blueberry, Apple & Blackcurrant Cold Water Infusion 12 pack",
    "imageUrl": "https://shop.coles.com.au/wcsstore/Coles-CAS/images/3/2/4/3247101-th.jpg",
    "categories": ["pantry"],
    "tags": ["tea", "herbal-tea"],
    "locations": {
      "vic": {
        "price": 5.5,
        "promoText": " ",
        "packageSize": "30g",
        "packagePrice": "$0.46 per 1Ea"
      }
    }
  },
  {
    "id": "dilmah-chamomile-tea",
    "brand": "Dilmah",
    "name": "Chamomile Tea Bags",
    "imageUrl": "https://shop.coles.com.au/wcsstore/Coles-CAS/images/3/7/0/3701340-th.jpg",
    "categories": ["pantry"],
    "tags": ["tea", "herbal-tea"],
    "locations": {
      "vic": {
        "price": 4,
        "promoText": " ",
        "packageSize": "10 pack",
        "packagePrice": "$0.40 per 1Ea"
      }
    }
  },
  {
    "id": "higher-living-cinnamon-tea-bags",
    "brand": "Higher Living",
    "name": "Organic Cinnamon Tea Bags 15 Pack",
    "imageUrl": "https://shop.coles.com.au/wcsstore/Coles-CAS/images/1/7/6/1768680-th.jpg",
    "categories": ["pantry"],
    "tags": ["tea", "herbal-tea"],
    "locations": {
      "vic": {
        "price": 3.7,
        "promoText": " ",
        "packageSize": "33g",
        "packagePrice": "$0.25 per 1Ea"
      }
    }
  },
  {
    "id": "higher-living-organic-hrbl-infsn-chmoml-vnlla",
    "brand": "Higher Living",
    "name": "Organic Chamomile & Vanilla Tea Bags 15 pack",
    "imageUrl": "https://shop.coles.com.au/wcsstore/Coles-CAS/images/3/2/4/3247509-th.jpg",
    "categories": ["pantry"],
    "tags": ["tea", "herbal-tea"],
    "locations": {
      "vic": {
        "price": 3.7,
        "promoText": " ",
        "packageSize": "30g",
        "packagePrice": "$0.25 per 1Ea"
      }
    }
  },
  {
    "id": "higher-living-organic-hrbl-infsn-golden-turmerc",
    "brand": "Higher Living",
    "name": "Organic Golden Turmeric Tea Bags 15 pack",
    "imageUrl": "https://shop.coles.com.au/wcsstore/Coles-CAS/images/3/2/4/3247510-th.jpg",
    "categories": ["pantry"],
    "tags": ["tea", "herbal-tea"],
    "locations": {
      "vic": {
        "price": 3.7,
        "promoText": " ",
        "packageSize": "30g",
        "packagePrice": "$0.25 per 1Ea"
      }
    }
  },
  {
    "id": "koala-turmeric-tea",
    "brand": "Koala",
    "name": "Turmeric Tea",
    "imageUrl": "https://shop.coles.com.au/wcsstore/Coles-CAS/images/2/7/2/2728476-th.jpg",
    "categories": ["pantry"],
    "tags": ["tea", "herbal-tea"],
    "locations": {
      "vic": {
        "price": 5,
        "promoText": " ",
        "packageSize": "36g",
        "packagePrice": "$13.89 per 100G"
      }
    }
  },
  {
    "id": "lipton-real-iced-tea-gren-tea-peppermint",
    "brand": "Lipton",
    "name": "Real Iced Tea Green Tea With Peppermint",
    "imageUrl": "https://shop.coles.com.au/wcsstore/Coles-CAS/images/3/7/1/3712733-th.jpg",
    "categories": ["pantry"],
    "tags": ["tea", "herbal-tea"],
    "locations": {
      "vic": {
        "price": 5.5,
        "promoText": " ",
        "packageSize": "15 pack",
        "packagePrice": "$0.37 per 1Ea"
      }
    }
  },
  {
    "id": "lipton-real-iced-tea-black-tea-peach-apricot",
    "brand": "Lipton",
    "name": "Real Iced Tea Black Tea Peach & Apricot",
    "imageUrl": "https://shop.coles.com.au/wcsstore/Coles-CAS/images/3/7/1/3712722-th.jpg",
    "categories": ["pantry"],
    "tags": ["tea", "herbal-tea"],
    "locations": {
      "vic": {
        "price": 5.5,
        "promoText": " ",
        "packageSize": "15 pack",
        "packagePrice": "$0.37 per 1Ea"
      }
    }
  },
  {
    "id": "lipton-real-iced-tea-gren-tea-rose-eldflwer",
    "brand": "Lipton",
    "name": "Real Iced Tea Green Tea Rose & Elderflower",
    "imageUrl": "https://shop.coles.com.au/wcsstore/Coles-CAS/images/3/7/1/3712347-th.jpg",
    "categories": ["pantry"],
    "tags": ["tea", "herbal-tea"],
    "locations": {
      "vic": {
        "price": 5.5,
        "promoText": " ",
        "packageSize": "15 pack",
        "packagePrice": "$0.37 per 1Ea"
      }
    }
  },
  {
    "id": "lipton-real-iced-tea-black-tea-strawbry-rhubar",
    "brand": "Lipton",
    "name": "Real Iced Tea Black Tea Strawberry Rhubarb",
    "imageUrl": "https://shop.coles.com.au/wcsstore/Coles-CAS/images/3/7/0/3709331-th.jpg",
    "categories": ["pantry"],
    "tags": ["tea", "herbal-tea"],
    "locations": {
      "vic": {
        "price": 5.5,
        "promoText": " ",
        "packageSize": "15 pack",
        "packagePrice": "$0.37 per 1Ea"
      }
    }
  },
  {
    "id": "madame-flavour-deply-relaxing-tea",
    "brand": "Madame",
    "name": "Flavour Deeply Relaxing Tea",
    "imageUrl": "https://shop.coles.com.au/wcsstore/Coles-CAS/images/3/2/4/3247655-th.jpg",
    "categories": ["pantry"],
    "tags": ["tea", "herbal-tea"],
    "locations": {
      "vic": {
        "price": 5.8,
        "promoText": " ",
        "packageSize": "15 pack",
        "packagePrice": "$0.39 per 1Ea"
      }
    }
  },
  {
    "id": "madame-flavour-tea-infuser-pod-mint-lavender-tisane",
    "brand": "Madame Flavour",
    "name": "Caffeine Free Soothing Mint Lavender Tisane Tea Bags 18 pack",
    "imageUrl": "https://shop.coles.com.au/wcsstore/Coles-CAS/images/1/4/1/1416150-th.jpg",
    "categories": ["pantry"],
    "tags": ["tea", "herbal-tea"],
    "locations": {
      "vic": {
        "price": 0,
        "promoText": " ",
        "packageSize": "27g",
        "packagePrice": ""
      }
    }
  },
  {
    "id": "madame-flavour-luscious-licorice-tea-bags",
    "brand": "Madame Flavour",
    "name": "Luscious Licorice Tisane Tea Bags 18 Pack",
    "imageUrl": "https://shop.coles.com.au/wcsstore/Coles-CAS/images/1/7/5/1758020-th.jpg",
    "categories": ["pantry"],
    "tags": ["tea", "herbal-tea"],
    "locations": {
      "vic": {
        "price": 5.8,
        "promoText": " ",
        "packageSize": "36g",
        "packagePrice": "$16.11 per 100G"
      }
    }
  },
  {
    "id": "pukka-tea-detox",
    "brand": "Pukka",
    "name": "Organic Feel New Herbal Tea Sachets 20 pack",
    "imageUrl": "https://shop.coles.com.au/wcsstore/Coles-CAS/images/3/2/4/3248750-th.jpg",
    "categories": ["pantry"],
    "tags": ["tea", "herbal-tea"],
    "locations": {
      "vic": {
        "price": 7.5,
        "promoText": " ",
        "packageSize": "40g",
        "packagePrice": "$0.38 per 1Ea"
      }
    }
  },
  {
    "id": "pukka-day-to-night-collection",
    "brand": "Pukka",
    "name": "Day To Night Collection",
    "imageUrl": "https://shop.coles.com.au/wcsstore/Coles-CAS/images/3/7/0/3708215-th.jpg",
    "categories": ["pantry"],
    "tags": ["tea", "herbal-tea"],
    "locations": {
      "vic": {
        "price": 7.5,
        "promoText": " ",
        "packageSize": "20 pack",
        "packagePrice": "$0.38 per 1Ea"
      }
    }
  },
  {
    "id": "red-seal-lemon-lime-hot-or-cold-brew-tea",
    "brand": "Red Seal",
    "name": "Lemon & Lime Hot Or Cold Brew Tea",
    "imageUrl": "https://shop.coles.com.au/wcsstore/Coles-CAS/images/3/7/0/3709411-th.jpg",
    "categories": ["pantry"],
    "tags": ["tea", "herbal-tea"],
    "locations": {
      "vic": {
        "price": 4.5,
        "promoText": " ",
        "packageSize": "20 pack",
        "packagePrice": "$0.23 per 1Ea"
      }
    }
  },
  {
    "id": "tetley-infusions-tea-bags-cinmn-org-twst-of-rooibs",
    "brand": "Tetley",
    "name": "Chamomile & Orange With A Twist Of Rooibos Infusions Tea Bags",
    "imageUrl": "https://shop.coles.com.au/wcsstore/Coles-CAS/images/3/2/4/3248953-th.jpg",
    "categories": ["pantry"],
    "tags": ["tea", "herbal-tea"],
    "locations": {
      "vic": {
        "price": 2.4,
        "promoText": "Was $3.00 on Sep 2019 ",
        "packageSize": "20 pack",
        "packagePrice": "$0.12 per 1Ea"
      }
    }
  },
  {
    "id": "tetley-cold-infusions-orange-peach",
    "brand": "Tetley",
    "name": "Cold Infusions Orange & Peach",
    "imageUrl": "https://shop.coles.com.au/wcsstore/Coles-CAS/images/3/7/1/3712008-th.jpg",
    "categories": ["pantry"],
    "tags": ["tea", "herbal-tea"],
    "locations": {
      "vic": {
        "price": 5,
        "promoText": " ",
        "packageSize": "14 pack",
        "packagePrice": "$0.36 per 1Ea"
      }
    }
  },
  {
    "id": "tetley-cold-infusions-raspberry-cranberry",
    "brand": "Tetley",
    "name": "Cold Infusions Raspberry & Cranberry",
    "imageUrl": "https://shop.coles.com.au/wcsstore/Coles-CAS/images/3/7/1/3711989-th.jpg",
    "categories": ["pantry"],
    "tags": ["tea", "herbal-tea"],
    "locations": {
      "vic": {
        "price": 5,
        "promoText": " ",
        "packageSize": "14 pack",
        "packagePrice": "$0.36 per 1Ea"
      }
    }
  },
  {
    "id": "tetley-cold-infusions-strawberry-watermelon",
    "brand": "Tetley",
    "name": "Cold Infusions Strawberry & Watermelon",
    "imageUrl": "https://shop.coles.com.au/wcsstore/Coles-CAS/images/3/7/1/3711990-th.jpg",
    "categories": ["pantry"],
    "tags": ["tea", "herbal-tea"],
    "locations": {
      "vic": {
        "price": 5,
        "promoText": " ",
        "packageSize": "14 pack",
        "packagePrice": "$0.36 per 1Ea"
      }
    }
  },
  {
    "id": "tetley-cold-infusions-mint-lemon-cucumber",
    "brand": "Tetley",
    "name": "Cold Infusions Mint Lemon & Cucumber",
    "imageUrl": "https://shop.coles.com.au/wcsstore/Coles-CAS/images/3/7/1/3711978-th.jpg",
    "categories": ["pantry"],
    "tags": ["tea", "herbal-tea"],
    "locations": {
      "vic": {
        "price": 5,
        "promoText": " ",
        "packageSize": "14 pack",
        "packagePrice": "$0.36 per 1Ea"
      }
    }
  },
  {
    "id": "ti-ora-herbal-infusion-pepmint-sprmint-teabag",
    "brand": "Ti Ora",
    "name": "Peppermint With Spearmint & Kawakawa Herbal Infusion Teabag 15 pack",
    "imageUrl": "https://shop.coles.com.au/wcsstore/Coles-CAS/images/3/4/5/3452585-th.jpg",
    "categories": ["pantry"],
    "tags": ["tea", "herbal-tea"],
    "locations": {
      "vic": {
        "price": 4,
        "promoText": "$2.00 ",
        "packageSize": "16.5g",
        "packagePrice": "$0.27 per 1Ea"
      }
    }
  },
  {
    "id": "twinings-tea-bags-mango-strawberry",
    "brand": "Twining's",
    "name": "Mango & Strawberry Tea Bags",
    "imageUrl": "https://shop.coles.com.au/wcsstore/Coles-CAS/images/3/7/0/3708769-th.jpg",
    "categories": ["pantry"],
    "tags": ["tea", "herbal-tea"],
    "locations": {
      "vic": {
        "price": 2,
        "promoText": "$0.70 ",
        "packageSize": "10 pack",
        "packagePrice": "$0.20 per 1Ea"
      }
    }
  },
  {
    "id": "twinings-infuse-blbry-blkcrnt-apl-infsn",
    "brand": "Twinings",
    "name": "Blueberry Apple & Blackcurrant Cold Water Infusion 3 pack",
    "imageUrl": "https://shop.coles.com.au/wcsstore/Coles-CAS/images/3/2/4/3247203-th.jpg",
    "categories": ["pantry"],
    "tags": ["tea", "herbal-tea"],
    "locations": {
      "vic": {
        "price": 2,
        "promoText": " ",
        "packageSize": "7.5g",
        "packagePrice": "$0.67 per 1Ea"
      }
    }
  },
  {
    "id": "twinings-infuse-rose-lemonade-infusions",
    "brand": "Twinings",
    "name": "Rose Lemonade Cold Water Infusion 3 pack",
    "imageUrl": "https://shop.coles.com.au/wcsstore/Coles-CAS/images/3/2/4/3247190-th.jpg",
    "categories": ["pantry"],
    "tags": ["tea", "herbal-tea"],
    "locations": {
      "vic": {
        "price": 2,
        "promoText": " ",
        "packageSize": "7.5g",
        "packagePrice": "$0.67 per 1Ea"
      }
    }
  },
  {
    "id": "twinings-infuse-pssnfrt-mng-bld-org-infsn",
    "brand": "Twinings",
    "name": "Passionfruit, Mango & Blood Orange Cold Water Infusion 3 pack",
    "imageUrl": "https://shop.coles.com.au/wcsstore/Coles-CAS/images/3/2/4/3247178-th.jpg",
    "categories": ["pantry"],
    "tags": ["tea", "herbal-tea"],
    "locations": {
      "vic": {
        "price": 2,
        "promoText": " ",
        "packageSize": "7.5g",
        "packagePrice": "$0.67 per 1Ea"
      }
    }
  },
  {
    "id": "twinings-infuse-rose-lemonade-infsn",
    "brand": "Twinings",
    "name": "Rose Lemonade Cold Water Infusion 12 pack",
    "imageUrl": "https://shop.coles.com.au/wcsstore/Coles-CAS/images/3/2/4/3247145-th.jpg",
    "categories": ["pantry"],
    "tags": ["tea", "herbal-tea"],
    "locations": {
      "vic": {
        "price": 5.5,
        "promoText": " ",
        "packageSize": "30g",
        "packagePrice": "$0.46 per 1Ea"
      }
    }
  },
  {
    "id": "twinings-infuse-wtrmln-stwbry-mnt-infsn",
    "brand": "Twinings",
    "name": "Watermelon Strawberry & Mint Cold Water Infusion 3 pack",
    "imageUrl": "https://shop.coles.com.au/wcsstore/Coles-CAS/images/3/2/4/3247189-th.jpg",
    "categories": ["pantry"],
    "tags": ["tea", "herbal-tea"],
    "locations": {
      "vic": {
        "price": 2,
        "promoText": " ",
        "packageSize": "7.5g",
        "packagePrice": "$0.67 per 1Ea"
      }
    }
  },
  {
    "id": "twinings-infuse-lmn-orng-gngr-infsn",
    "brand": "Twinings",
    "name": "Lemon, Orange & Ginger Cold Water Infusion 3 pack",
    "imageUrl": "https://shop.coles.com.au/wcsstore/Coles-CAS/images/3/2/4/3247167-th.jpg",
    "categories": ["pantry"],
    "tags": ["tea", "herbal-tea"],
    "locations": {
      "vic": {
        "price": 2,
        "promoText": " ",
        "packageSize": "7.5g",
        "packagePrice": "$0.67 per 1Ea"
      }
    }
  },
  {
    "id": "twinings-infuse-lemon-orng-ginger-infsns",
    "brand": "Twinings",
    "name": "Lemon Orange & Ginger Cold Water Infusion 12 pack",
    "imageUrl": "https://shop.coles.com.au/wcsstore/Coles-CAS/images/3/2/4/3247112-th.jpg",
    "categories": ["pantry"],
    "tags": ["tea", "herbal-tea"],
    "locations": {
      "vic": {
        "price": 5.5,
        "promoText": " ",
        "packageSize": "30g",
        "packagePrice": "$0.46 per 1Ea"
      }
    }
  },
  {
    "id": "twinings-infuse-pink-grapefruit-orange",
    "brand": "Twinings",
    "name": "Pink Grapefruit & Orange Flavoured Infuse 7.5g",
    "imageUrl": "https://shop.coles.com.au/wcsstore/Coles-CAS/images/3/6/1/3618225-th.jpg",
    "categories": ["pantry"],
    "tags": ["tea", "herbal-tea"],
    "locations": {
      "vic": {
        "price": 2,
        "promoText": " ",
        "packageSize": "3 pack",
        "packagePrice": "$0.67 per 1Ea"
      }
    }
  },
  {
    "id": "twinings-infuse-peach-passionfruit",
    "brand": "Twinings",
    "name": "Peach & Passionfruit Flavoured Infuse 7.5g",
    "imageUrl": "https://shop.coles.com.au/wcsstore/Coles-CAS/images/3/6/1/3618214-th.jpg",
    "categories": ["pantry"],
    "tags": ["tea", "herbal-tea"],
    "locations": {
      "vic": {
        "price": 2,
        "promoText": " ",
        "packageSize": "3 pack",
        "packagePrice": "$0.67 per 1Ea"
      }
    }
  },
  {
    "id": "twinings-infuse-peach-passionfruit-3618189p",
    "brand": "Twinings",
    "name": "Infuse Peach & Passionfruit Cold Water Infusion 12 Pack",
    "imageUrl": "https://shop.coles.com.au/wcsstore/Coles-CAS/images/3/6/1/3618189-th.jpg",
    "categories": ["pantry"],
    "tags": ["tea", "herbal-tea"],
    "locations": {
      "vic": {
        "price": 5.5,
        "promoText": " ",
        "packageSize": "30g",
        "packagePrice": "$18.33 per 100G"
      }
    }
  },
  {
    "id": "twinings-infuse-pink-grapefruit-orange-3618203p",
    "brand": "Twinings",
    "name": "Infuse Pink Grapefruit & Orange Cold Water Infusion 12 Pack",
    "imageUrl": "https://shop.coles.com.au/wcsstore/Coles-CAS/images/3/6/1/3618203-th.jpg",
    "categories": ["pantry"],
    "tags": ["tea", "herbal-tea"],
    "locations": {
      "vic": {
        "price": 5.5,
        "promoText": " ",
        "packageSize": "30g",
        "packagePrice": "$18.33 per 100G"
      }
    }
  },
  {
    "id": "dilmah-tea-leaf-ceylon",
    "brand": "Dilmah",
    "name": "Pure Ceylon Premium Loose Leaf Tea",
    "imageUrl": "https://shop.coles.com.au/wcsstore/Coles-CAS/images/5/0/4/5046009-th.jpg",
    "categories": ["pantry"],
    "tags": ["tea", "lose-leaf"],
    "locations": {
      "vic": {
        "price": 4.9,
        "promoText": " ",
        "packageSize": "250g",
        "packagePrice": "$1.96 per 100G"
      }
    }
  },
  {
    "id": "bushells-leaf-tea-extra-strong",
    "brand": "Bushells",
    "name": "Extra Strong Leaf Tea",
    "imageUrl": "https://shop.coles.com.au/wcsstore/Coles-CAS/images/6/6/9/6699143-th.jpg",
    "categories": ["pantry"],
    "tags": ["tea", "lose-leaf"],
    "locations": {
      "vic": {
        "price": 3.6,
        "promoText": "Was $4.50 on Dec 2018 ",
        "packageSize": "250g",
        "packagePrice": "$1.44 per 100G"
      }
    }
  },
  {
    "id": "madura-leaf-tea-premium-blend",
    "brand": "Madura",
    "name": "Premium Blend Black Leaf Tea",
    "imageUrl": "https://shop.coles.com.au/wcsstore/Coles-CAS/images/4/7/0/4705573-th.jpg",
    "categories": ["pantry"],
    "tags": ["tea", "lose-leaf"],
    "locations": {
      "vic": {
        "price": 5.35,
        "promoText": " ",
        "packageSize": "200g",
        "packagePrice": "$2.68 per 100G"
      }
    }
  },
  {
    "id": "twinings-leaf-tea-earl-grey",
    "brand": "Twinings",
    "name": "Earl Grey Loose Leaf Tea",
    "imageUrl": "https://shop.coles.com.au/wcsstore/Coles-CAS/images/3/4/4/344575-th.jpg",
    "categories": ["pantry"],
    "tags": ["tea", "lose-leaf"],
    "locations": {
      "vic": {
        "price": 7,
        "promoText": " ",
        "packageSize": "125g",
        "packagePrice": "$5.60 per 100G"
      }
    }
  },
  {
    "id": "bushells-blue-label-leaf-tea",
    "brand": "Bushells",
    "name": "Blue Label Leaf Tea Powder",
    "imageUrl": "https://shop.coles.com.au/wcsstore/Coles-CAS/images/1/1/6/116843-th.jpg",
    "categories": ["pantry"],
    "tags": ["tea", "lose-leaf"],
    "locations": {
      "vic": {
        "price": 3,
        "promoText": "Was $4.00 on Dec 2018 ",
        "packageSize": "250g",
        "packagePrice": "$1.20 per 100G"
      }
    }
  },
  {
    "id": "madura-leaf-tea-english-breakfast",
    "brand": "Madura",
    "name": "English Breakfast Leaf Tea",
    "imageUrl": "https://shop.coles.com.au/wcsstore/Coles-CAS/images/9/7/2/9723958-th.jpg",
    "categories": ["pantry"],
    "tags": ["tea", "lose-leaf"],
    "locations": {
      "vic": {
        "price": 5.25,
        "promoText": " ",
        "packageSize": "200g",
        "packagePrice": "$2.63 per 100G"
      }
    }
  },
  {
    "id": "twinings-leaf-tea-english-breakfast",
    "brand": "Twinings",
    "name": "English Breakfast Leaf Tea",
    "imageUrl": "https://shop.coles.com.au/wcsstore/Coles-CAS/images/3/4/4/344597-th.jpg",
    "categories": ["pantry"],
    "tags": ["tea", "lose-leaf"],
    "locations": {
      "vic": {
        "price": 7,
        "promoText": " ",
        "packageSize": "125g",
        "packagePrice": "$5.60 per 100G"
      }
    }
  },
  {
    "id": "lipton-leaf-tea-quality-tips-loose",
    "brand": "Lipton",
    "name": "Quality Tips Loose Leaf Tea",
    "imageUrl": "https://shop.coles.com.au/wcsstore/Coles-CAS/images/2/9/8/298172-th.jpg",
    "categories": ["pantry"],
    "tags": ["tea", "lose-leaf"],
    "locations": {
      "vic": {
        "price": 4.4,
        "promoText": " ",
        "packageSize": "250g",
        "packagePrice": "$1.76 per 100G"
      }
    }
  }
]

