[{"id": "w147488-9310037148196", "store": "woolworths", "name": "Ingham's Quick Cook Crumbed Sweet Chilli Chicken Tenders", "brand": "Ingham's", "price": 4.5, "orgPrice": 9, "categoryIds": ["meat-seafood-deli"], "imagePath": "https://cdn0.woolworths.media/content/wowproductimages/large/147488.jpg", "cupPrice": "$10.23 / 1kg", "unit": "each", "packageSize": "440g", "barcode": ["9310037148196"], "isAvailable": true, "locations": ["vic", "nsw", "qld", "wa", "sa", "tas", "nt", "act"]}, {"id": "w248019-9310037148189", "store": "woolworths", "name": "Ingham's Quick Cook Crumbed Southern Style Tenders", "brand": "Ingham's", "price": 4.5, "orgPrice": 9, "categoryIds": ["meat-seafood-deli"], "imagePath": "https://cdn0.woolworths.media/content/wowproductimages/large/248019.jpg", "cupPrice": "$10.23 / 1kg", "unit": "each", "packageSize": "440g", "barcode": ["9310037148189"], "isAvailable": true, "locations": ["vic", "nsw", "qld", "wa", "sa", "tas", "nt", "act"]}, {"id": "w236288-9310023135988", "store": "woolworths", "name": "Mighty Soft Raisin Toast ", "brand": "Mighty Soft", "price": 2.75, "orgPrice": 5.5, "categoryIds": ["bakery"], "imagePath": "https://cdn0.woolworths.media/content/wowproductimages/large/236288.jpg", "cupPrice": "$0.46 / 100g", "unit": "each", "packageSize": "600g", "barcode": ["9310023135988"], "isAvailable": true, "locations": ["vic", "nsw", "qld", "wa", "sa", "tas", "nt", "act"]}, {"id": "w384285-9317224401676", "store": "woolworths", "name": "Mission Wraps Light", "brand": "Mission", "price": 2.5, "orgPrice": 5, "categoryIds": ["bakery"], "imagePath": "https://cdn0.woolworths.media/content/wowproductimages/large/384285.jpg", "cupPrice": "$0.44 / 100g", "unit": "each", "packageSize": "8pk 567g", "barcode": ["9317224401676"], "isAvailable": true, "locations": ["vic", "nsw", "qld", "wa", "sa", "tas", "nt", "act"]}, {"id": "w320194-9317224400495", "store": "woolworths", "name": "Mission Wraps Original", "brand": "Mission", "price": 2.5, "orgPrice": 5, "categoryIds": ["bakery"], "imagePath": "https://cdn0.woolworths.media/content/wowproductimages/large/320194.jpg", "cupPrice": "$0.44 / 100g", "unit": "each", "packageSize": "8 pack", "barcode": ["9317224400495"], "isAvailable": true, "locations": ["vic", "nsw", "qld", "wa", "sa", "tas", "nt", "act"]}, {"id": "w320197-9317224400501", "store": "woolworths", "name": "Mission Wraps Spinach & Herb", "brand": "Mission", "price": 2.5, "orgPrice": 5, "categoryIds": ["bakery"], "imagePath": "https://cdn0.woolworths.media/content/wowproductimages/large/320197.jpg", "cupPrice": "$0.44 / 100g", "unit": "each", "packageSize": "8 pack", "barcode": ["9317224400501"], "isAvailable": true, "locations": ["vic", "nsw", "qld", "wa", "sa", "tas", "nt", "act"]}, {"id": "w384286-9317224401393", "store": "woolworths", "name": "Mission Wraps Wholegrain", "brand": "Mission", "price": 2.5, "orgPrice": 5, "categoryIds": ["bakery"], "imagePath": "https://cdn0.woolworths.media/content/wowproductimages/large/384286.jpg", "cupPrice": "$0.44 / 100g", "unit": "each", "packageSize": "8pk 567g", "barcode": ["9317224401393"], "isAvailable": true, "locations": ["vic", "nsw", "qld", "wa", "sa", "tas", "nt", "act"]}, {"id": "w320198-9317224400488", "store": "woolworths", "name": "Mission Wraps Roasted Garlic ", "brand": "Mission", "price": 2.5, "orgPrice": 5, "categoryIds": ["bakery"], "imagePath": "https://cdn0.woolworths.media/content/wowproductimages/large/320198.jpg", "cupPrice": "$0.44 / 100g", "unit": "each", "packageSize": "8 pack", "barcode": ["9317224400488"], "isAvailable": true, "locations": ["vic", "nsw", "qld", "wa", "sa", "tas", "nt", "act"]}, {"id": "w575874-9317224403717", "store": "woolworths", "name": "Mission Low Gi Wraps Wholemeal", "brand": "Mission", "price": 2.5, "orgPrice": 5, "categoryIds": ["bakery"], "imagePath": "https://cdn0.woolworths.media/content/wowproductimages/large/575874.jpg", "cupPrice": "$0.59 / 100g", "unit": "each", "packageSize": "6 pack", "barcode": ["9317224403717"], "isAvailable": true, "locations": ["vic", "nsw", "qld", "wa", "sa", "tas", "nt", "act"]}, {"id": "w761612-41570080856", "store": "woolworths", "name": "Almond Breeze Flavoured Chocolate Milk", "brand": "Almond Breeze", "price": 1.35, "orgPrice": 2.7, "categoryIds": ["dairy-eggs-fridge"], "imagePath": "https://cdn0.woolworths.media/content/wowproductimages/large/761612.jpg", "cupPrice": "$1.35 / 1l", "unit": "each", "packageSize": "1l", "barcode": ["41570080856"], "isAvailable": true, "locations": ["vic", "nsw", "qld", "wa", "sa", "tas", "nt", "act"]}, {"id": "w761604-41570081013", "store": "woolworths", "name": "Almond Breeze Unsweetened Almond Milk", "brand": "Almond Breeze", "price": 1.25, "orgPrice": 2.5, "categoryIds": ["dairy-eggs-fridge"], "imagePath": "https://cdn0.woolworths.media/content/wowproductimages/large/761604.jpg", "cupPrice": "$1.25 / 1l", "unit": "each", "packageSize": "1l", "barcode": ["41570081013"], "isAvailable": true, "locations": ["vic", "nsw", "qld", "wa", "sa", "tas", "nt", "act"]}, {"id": "w796060-41570108918", "store": "woolworths", "name": "Blue Diamond Almond Breeze Unsweetened Vanilla Almond Milk", "brand": "Blue Diamond", "price": 1.35, "orgPrice": 2.7, "categoryIds": ["dairy-eggs-fridge"], "imagePath": "https://cdn0.woolworths.media/content/wowproductimages/large/796060.jpg", "cupPrice": "$1.35 / 1l", "unit": "each", "packageSize": "1l", "barcode": ["41570108918"], "isAvailable": true, "locations": ["vic", "nsw", "qld", "wa", "sa", "tas", "nt", "act"]}, {"id": "w83499-93558006", "store": "woolworths", "name": "Chobani Flip Caramel Sunshine Greek Yoghurt", "brand": "Chobani", "price": 1.5, "orgPrice": 3, "categoryIds": ["dairy-eggs-fridge"], "imagePath": "https://cdn0.woolworths.media/content/wowproductimages/large/083499.jpg", "cupPrice": "$1.07 / 100g", "unit": "each", "packageSize": "140g", "barcode": ["93558006"], "isAvailable": true, "locations": ["vic", "nsw", "qld", "wa", "sa", "tas", "nt", "act"]}, {"id": "w687630-93553520", "store": "woolworths", "name": "Chobani Flip Cookies & Cream Crunch", "brand": "Chobani", "price": 1.5, "orgPrice": 3, "categoryIds": ["dairy-eggs-fridge"], "imagePath": "https://cdn0.woolworths.media/content/wowproductimages/large/687630.jpg", "cupPrice": "$1.07 / 100g", "unit": "each", "packageSize": "140g", "barcode": ["93553520"], "isAvailable": true, "locations": ["vic", "nsw", "qld", "wa", "sa", "tas", "nt", "act"]}, {"id": "w611783-93205245", "store": "woolworths", "name": "Chobani Flip Greek Yoghurt Almond Coco Loco", "brand": "Chobani", "price": 1.5, "orgPrice": 3, "categoryIds": ["dairy-eggs-fridge"], "imagePath": "https://cdn0.woolworths.media/content/wowproductimages/large/611783.jpg", "cupPrice": "$1.07 / 100g", "unit": "each", "packageSize": "140g", "barcode": ["93205245"], "isAvailable": true, "locations": ["vic", "nsw", "qld", "wa", "sa", "tas", "nt", "act"]}, {"id": "w611808-93355445", "store": "woolworths", "name": "Chobani Flip Greek Yoghurt Key Lime Crumble", "brand": "Chobani", "price": 1.5, "orgPrice": 3, "categoryIds": ["dairy-eggs-fridge"], "imagePath": "https://cdn0.woolworths.media/content/wowproductimages/large/611808.jpg", "cupPrice": "$1.07 / 100g", "unit": "each", "packageSize": "140g", "barcode": ["93355445"], "isAvailable": true, "locations": ["vic", "nsw", "qld", "wa", "sa", "tas", "nt", "act"]}, {"id": "w611904-93355421", "store": "woolworths", "name": "Chobani Flip Greek Yoghurt Mint Choc Chip", "brand": "Chobani", "price": 1.5, "orgPrice": 3, "categoryIds": ["dairy-eggs-fridge"], "imagePath": "https://cdn0.woolworths.media/content/wowproductimages/large/611904.jpg", "cupPrice": "$1.07 / 100g", "unit": "each", "packageSize": "140g", "barcode": ["93355421"], "isAvailable": true, "locations": ["vic", "nsw", "qld", "wa", "sa", "tas", "nt", "act"]}, {"id": "w611738-93355414", "store": "woolworths", "name": "Chobani Flip Greek Yoghurt Salted Caramel Crunch", "brand": "Chobani", "price": 1.5, "orgPrice": 3, "categoryIds": ["dairy-eggs-fridge"], "imagePath": "https://cdn0.woolworths.media/content/wowproductimages/large/611738.jpg", "cupPrice": "$1.07 / 100g", "unit": "each", "packageSize": "140g", "barcode": ["93355414"], "isAvailable": true, "locations": ["vic", "nsw", "qld", "wa", "sa", "tas", "nt", "act"]}, {"id": "w687632-93355490", "store": "woolworths", "name": "Chobani Flip Lemon Meringue Tang", "brand": "Chobani", "price": 1.5, "orgPrice": 3, "categoryIds": ["dairy-eggs-fridge"], "imagePath": "https://cdn0.woolworths.media/content/wowproductimages/large/687632.jpg", "cupPrice": "$1.07 / 100g", "unit": "each", "packageSize": "140g", "barcode": ["93355490"], "isAvailable": true, "locations": ["vic", "nsw", "qld", "wa", "sa", "tas", "nt", "act"]}, {"id": "w687605-93355384", "store": "woolworths", "name": "Chobani Flip Strawberry Shortcake", "brand": "Chobani", "price": 1.5, "orgPrice": 3, "categoryIds": ["dairy-eggs-fridge"], "imagePath": "https://cdn0.woolworths.media/content/wowproductimages/large/687605.jpg", "cupPrice": "$1.07 / 100g", "unit": "each", "packageSize": "140g", "barcode": ["93355384"], "isAvailable": true, "locations": ["vic", "nsw", "qld", "wa", "sa", "tas", "nt", "act"]}, {"id": "w84585-9310653104255", "store": "woolworths", "name": "Chobani Greek Yoghurt Tropical ", "brand": "Chobani", "price": 1.12, "orgPrice": 2.25, "categoryIds": ["dairy-eggs-fridge"], "imagePath": "https://cdn0.woolworths.media/content/wowproductimages/large/084585.jpg", "cupPrice": "$0.80 / 100g", "unit": "each", "packageSize": "140g", "barcode": ["9310653104255"], "isAvailable": true, "locations": ["vic", "nsw", "qld", "wa", "sa", "tas", "nt", "act"]}, {"id": "w687255-9310653104170", "store": "woolworths", "name": "Chobani Limited Batch Pouch ", "brand": "Chobani", "price": 1.12, "orgPrice": 2.25, "categoryIds": ["dairy-eggs-fridge"], "imagePath": "https://cdn0.woolworths.media/content/wowproductimages/large/687255.jpg", "cupPrice": "$0.80 / 100g", "unit": "each", "packageSize": "140g", "barcode": ["9310653104170"], "isAvailable": true, "locations": ["vic", "nsw", "qld", "wa", "sa", "tas", "nt", "act"]}, {"id": "w768097-9310653102992", "store": "woolworths", "name": "Chobani No Fat Blueberry Yoghurt Pouch", "brand": "Chobani", "price": 1.12, "orgPrice": 2.25, "categoryIds": ["dairy-eggs-fridge"], "imagePath": "https://cdn0.woolworths.media/content/wowproductimages/large/768097.jpg", "cupPrice": "$0.80 / 100g", "unit": "each", "packageSize": "140g", "barcode": ["9310653102992"], "isAvailable": true, "locations": ["vic", "nsw", "qld", "wa", "sa", "tas", "nt", "act"]}, {"id": "w795069-9310653103203", "store": "woolworths", "name": "Chobani No Fat Raspberry Yoghurt Pouch", "brand": "Chobani", "price": 1.12, "orgPrice": 2.25, "categoryIds": ["dairy-eggs-fridge"], "imagePath": "https://cdn0.woolworths.media/content/wowproductimages/large/795069.jpg", "cupPrice": "$0.80 / 100g", "unit": "each", "packageSize": "140g", "barcode": ["9310653103203"], "isAvailable": true, "locations": ["vic", "nsw", "qld", "wa", "sa", "tas", "nt", "act"]}, {"id": "w768123-9310653102985", "store": "woolworths", "name": "Chobani No Fat Strawberry Greek Yoghurt Pouch", "brand": "Chobani", "price": 1.12, "orgPrice": 2.25, "categoryIds": ["dairy-eggs-fridge"], "imagePath": "https://cdn0.woolworths.media/content/wowproductimages/large/768123.jpg", "cupPrice": "$0.80 / 100g", "unit": "each", "packageSize": "140g", "barcode": ["9310653102985"], "isAvailable": true, "locations": ["vic", "nsw", "qld", "wa", "sa", "tas", "nt", "act"]}, {"id": "w926531-9310653103418", "store": "woolworths", "name": "Chobani Vanilla Yoghurt Pouch", "brand": "Chobani", "price": 1.12, "orgPrice": 2.25, "categoryIds": ["dairy-eggs-fridge"], "imagePath": "https://cdn0.woolworths.media/content/wowproductimages/large/926531.jpg", "cupPrice": "$0.80 / 100g", "unit": "each", "packageSize": "140g", "barcode": ["9310653103418"], "isAvailable": true, "locations": ["vic", "nsw", "qld", "wa", "sa", "tas", "nt", "act"]}, {"id": "w822128-9416892213083", "store": "woolworths", "name": "Easiyo Protein Yoghurt Mix Unsweetened", "brand": "Easiyo", "price": 3, "orgPrice": 6, "categoryIds": ["dairy-eggs-fridge"], "imagePath": "https://cdn0.woolworths.media/content/wowproductimages/large/822128.jpg", "cupPrice": "$1.50 / 100g", "unit": "each", "packageSize": "200g", "barcode": ["9416892213083"], "isAvailable": true, "locations": ["vic", "nsw", "qld", "wa", "sa", "tas", "nt", "act"]}, {"id": "w822129-9416892214080", "store": "woolworths", "name": "Easiyo Protein Yoghurt Mix Coconut ", "brand": "Easiyo", "price": 3, "orgPrice": 6, "categoryIds": ["dairy-eggs-fridge"], "imagePath": "https://cdn0.woolworths.media/content/wowproductimages/large/822129.jpg", "cupPrice": "$1.43 / 100g", "unit": "each", "packageSize": "210g", "barcode": ["9416892214080"], "isAvailable": true, "locations": ["vic", "nsw", "qld", "wa", "sa", "tas", "nt", "act"]}, {"id": "w717537-9343787000124", "store": "woolworths", "name": "Five:am Organic Coffee Bean Yoghurt", "brand": "Five:am", "price": 1.3, "orgPrice": 2.6, "categoryIds": ["dairy-eggs-fridge"], "imagePath": "https://cdn0.woolworths.media/content/wowproductimages/large/717537.jpg", "cupPrice": "$0.76 / 100g", "unit": "each", "packageSize": "170g", "barcode": ["9343787000124"], "isAvailable": true, "locations": ["vic", "nsw", "qld", "wa", "sa", "tas", "nt", "act"]}, {"id": "w375537-9343787000056", "store": "woolworths", "name": "Five:am Organic Vanilla Bean Yoghurt", "brand": "Five:am", "price": 1.3, "orgPrice": 2.6, "categoryIds": ["dairy-eggs-fridge"], "imagePath": "https://cdn0.woolworths.media/content/wowproductimages/large/375537.jpg", "cupPrice": "$0.76 / 100g", "unit": "each", "packageSize": "170g", "barcode": ["9343787000056"], "isAvailable": true, "locations": ["vic", "nsw", "qld", "wa", "sa", "tas", "nt", "act"]}, {"id": "w83847-9310036062387", "store": "woolworths", "name": "Vaalia Plus 10g Protein Yoghurt Blueberry", "brand": "Vaalia", "price": 1.12, "orgPrice": 2.25, "categoryIds": ["dairy-eggs-fridge"], "imagePath": "https://cdn0.woolworths.media/content/wowproductimages/large/083847.jpg", "cupPrice": "$0.75 / 100g", "unit": "each", "packageSize": "150g", "barcode": ["9310036062387"], "isAvailable": true, "locations": ["vic", "nsw", "qld", "wa", "sa", "tas", "nt", "act"]}, {"id": "w83315-9310036062370", "store": "woolworths", "name": "Vaalia Plus 10g Protein Yoghurt Strawberry", "brand": "Vaalia", "price": 1.12, "orgPrice": 2.25, "categoryIds": ["dairy-eggs-fridge"], "imagePath": "https://cdn0.woolworths.media/content/wowproductimages/large/083315.jpg", "cupPrice": "$0.75 / 100g", "unit": "each", "packageSize": "150g", "barcode": ["9310036062370"], "isAvailable": true, "locations": ["vic", "nsw", "qld", "wa", "sa", "tas", "nt", "act"]}, {"id": "w84748-9310036062363", "store": "woolworths", "name": "Vaalia Plus 10g Protein Yoghurt Vanilla", "brand": "Vaalia", "price": 1.12, "orgPrice": 2.25, "categoryIds": ["dairy-eggs-fridge"], "imagePath": "https://cdn0.woolworths.media/content/wowproductimages/large/084748.jpg", "cupPrice": "$0.75 / 100g", "unit": "each", "packageSize": "150g", "barcode": ["9310036062363"], "isAvailable": true, "locations": ["vic", "nsw", "qld", "wa", "sa", "tas", "nt", "act"]}, {"id": "w926885-9341650000899", "store": "woolworths", "name": "Vitasoy Almond Milk Unsweetened", "brand": "Vitasoy", "price": 1.5, "orgPrice": 3, "categoryIds": ["dairy-eggs-fridge"], "imagePath": "https://cdn0.woolworths.media/content/wowproductimages/large/926885.jpg", "cupPrice": "$1.50 / 1l", "unit": "each", "packageSize": "1l", "barcode": ["9341650000899"], "isAvailable": true, "locations": ["vic", "nsw", "qld", "wa", "sa", "tas", "nt", "act"]}, {"id": "w310675-9310232954523", "store": "woolworths", "name": "Vitasoy Oat Milk", "brand": "Vitasoy", "price": 1.45, "orgPrice": 2.9, "categoryIds": ["dairy-eggs-fridge"], "imagePath": "https://cdn0.woolworths.media/content/wowproductimages/large/310675.jpg", "cupPrice": "$1.45 / 1l", "unit": "each", "packageSize": "1l", "barcode": ["9310232954523"], "isAvailable": true, "locations": ["vic", "nsw", "qld", "wa", "sa", "tas", "nt", "act"]}, {"id": "w209424-9310232100401", "store": "woolworths", "name": "Vitasoy Rice Milk", "brand": "Vitasoy", "price": 1.5, "orgPrice": 3, "categoryIds": ["dairy-eggs-fridge"], "imagePath": "https://cdn0.woolworths.media/content/wowproductimages/large/209424.jpg", "cupPrice": "$1.50 / 1l", "unit": "each", "packageSize": "1l", "barcode": ["9310232100401"], "isAvailable": true, "locations": ["vic", "nsw", "qld", "wa", "sa", "tas", "nt", "act"]}, {"id": "w115996-9310161003804", "store": "woolworths", "name": "Bulla Choc Bars Malt, Peppermint & Vanilla", "brand": "Bulla", "price": 3.5, "orgPrice": 7, "categoryIds": ["freezer"], "imagePath": "https://cdn0.woolworths.media/content/wowproductimages/large/115996.jpg", "cupPrice": "$0.46 / 100ml", "unit": "each", "packageSize": "10 pack", "barcode": ["9310161003804"], "isAvailable": true, "locations": ["vic", "nsw", "qld", "wa", "sa", "tas", "nt", "act"]}, {"id": "w41430-9310161003033", "store": "woolworths", "name": "Bulla Choc Bars Vanilla", "brand": "Bulla", "price": 3.5, "orgPrice": 7, "categoryIds": ["freezer"], "imagePath": "https://cdn0.woolworths.media/content/wowproductimages/large/041430.jpg", "cupPrice": "$0.46 / 100ml", "unit": "each", "packageSize": "10 pack", "barcode": ["9310161003033"], "isAvailable": true, "locations": ["vic", "nsw", "qld", "wa", "sa", "tas", "nt", "act"]}, {"id": "w698998-9310161013834", "store": "woolworths", "name": "Bulla Cinnamon Donut Ice Cream", "brand": "Bulla", "price": 3.5, "orgPrice": 7, "categoryIds": ["freezer"], "imagePath": "https://cdn0.woolworths.media/content/wowproductimages/large/698998.jpg", "cupPrice": "$0.65 / 100ml", "unit": "each", "packageSize": "6 pack", "barcode": ["9310161013834"], "isAvailable": true, "locations": ["vic", "nsw", "qld", "wa", "sa", "tas", "nt", "act"]}, {"id": "w9772-9310161003521", "store": "woolworths", "name": "Bulla Crunch Double Choc", "brand": "Bulla", "price": 3.5, "orgPrice": 7, "categoryIds": ["freezer"], "imagePath": "https://cdn0.woolworths.media/content/wowproductimages/large/009772.jpg", "cupPrice": "$0.55 / 100ml", "unit": "each", "packageSize": "8 pack", "barcode": ["9310161003521"], "isAvailable": true, "locations": ["vic", "nsw", "qld", "wa", "sa", "tas", "nt", "act"]}, {"id": "w18883-9310161013896", "store": "woolworths", "name": "Bulla Crunch Blue Heaven ", "brand": "Bulla", "price": 3.5, "orgPrice": 7, "categoryIds": ["freezer"], "imagePath": "https://cdn0.woolworths.media/content/wowproductimages/large/018883.jpg", "cupPrice": "$0.55 / 100ml", "unit": "each", "packageSize": "8 pack", "barcode": ["9310161013896"], "isAvailable": true, "locations": ["vic", "nsw", "qld", "wa", "sa", "tas", "nt", "act"]}, {"id": "w178946-9310161001404", "store": "woolworths", "name": "Bulla Crunch Caramel, Strawberry & Honeycomb", "brand": "Bulla", "price": 3.5, "orgPrice": 7, "categoryIds": ["freezer"], "imagePath": "https://cdn0.woolworths.media/content/wowproductimages/large/178946.jpg", "cupPrice": "$0.55 / 100ml", "unit": "each", "packageSize": "8 pack", "barcode": ["9310161001404"], "isAvailable": true, "locations": ["vic", "nsw", "qld", "wa", "sa", "tas", "nt", "act"]}, {"id": "w249170-9310161005433", "store": "woolworths", "name": "Bulla Crunch Ice Cream Orange Mint Vanilla", "brand": "Bulla", "price": 3.5, "orgPrice": 7, "categoryIds": ["freezer"], "imagePath": "https://cdn0.woolworths.media/content/wowproductimages/large/249170.jpg", "cupPrice": "$0.55 / 100ml", "unit": "each", "packageSize": "8 pack", "barcode": ["9310161005433"], "isAvailable": true, "locations": ["vic", "nsw", "qld", "wa", "sa", "tas", "nt", "act"]}, {"id": "w318641-9310161006515", "store": "woolworths", "name": "Bulla Frozen Yoghurt Strawberry, Mango & Wildberry", "brand": "Bulla", "price": 3.5, "orgPrice": 7, "categoryIds": ["freezer"], "imagePath": "https://cdn0.woolworths.media/content/wowproductimages/large/318641.jpg", "cupPrice": "$0.74 / 100g", "unit": "each", "packageSize": "8 pack", "barcode": ["9310161006515"], "isAvailable": true, "locations": ["vic", "nsw", "qld", "wa", "sa", "tas", "nt", "act"]}, {"id": "w279664-9310161006690", "store": "woolworths", "name": "Bulla Mini Frozen Yoghurt Assorted Flavours", "brand": "Bulla", "price": 3.5, "orgPrice": 7, "categoryIds": ["freezer"], "imagePath": "https://cdn0.woolworths.media/content/wowproductimages/large/279664.jpg", "cupPrice": "$0.69 / 100g", "unit": "each", "packageSize": "14 pack", "barcode": ["9310161006690"], "isAvailable": true, "locations": ["vic", "nsw", "qld", "wa", "sa", "tas", "nt", "act"]}, {"id": "w313661-9310161006911", "store": "woolworths", "name": "Bulla Mini Splits Tropical & Raspberry", "brand": "Bulla", "price": 3.5, "orgPrice": 7, "categoryIds": ["freezer"], "imagePath": "https://cdn0.woolworths.media/content/wowproductimages/large/313661.jpg", "cupPrice": "$0.63 / 100ml", "unit": "each", "packageSize": "14 pack", "barcode": ["9310161006911"], "isAvailable": true, "locations": ["vic", "nsw", "qld", "wa", "sa", "tas", "nt", "act"]}, {"id": "w63739-9310161015449", "store": "woolworths", "name": "Bulla Nourish Cloudy Apple Sticks ", "brand": "Bulla", "price": 3.5, "orgPrice": 7, "categoryIds": ["freezer"], "imagePath": "https://cdn0.woolworths.media/content/wowproductimages/large/063739.jpg", "cupPrice": "$0.78 / 100ml", "unit": "each", "packageSize": "6 pack", "barcode": ["9310161015449"], "isAvailable": true, "locations": ["vic", "nsw", "qld", "wa", "sa", "tas", "nt", "act"]}, {"id": "w63639-9310161015456", "store": "woolworths", "name": "Bulla Nourish Mango And Coconut Sticks", "brand": "Bulla", "price": 3.5, "orgPrice": 7, "categoryIds": ["freezer"], "imagePath": "https://cdn0.woolworths.media/content/wowproductimages/large/063639.jpg", "cupPrice": "$0.78 / 100ml", "unit": "each", "packageSize": "6 pack", "barcode": ["9310161015456"], "isAvailable": true, "locations": ["vic", "nsw", "qld", "wa", "sa", "tas", "nt", "act"]}, {"id": "w63792-9310161015463", "store": "woolworths", "name": "Bulla Nourish Strawberry Sticks ", "brand": "Bulla", "price": 3.5, "orgPrice": 7, "categoryIds": ["freezer"], "imagePath": "https://cdn0.woolworths.media/content/wowproductimages/large/063792.jpg", "cupPrice": "$0.78 / 100ml", "unit": "each", "packageSize": "6 pack", "barcode": ["9310161015463"], "isAvailable": true, "locations": ["vic", "nsw", "qld", "wa", "sa", "tas", "nt", "act"]}, {"id": "w52302-9310161014831", "store": "woolworths", "name": "Bulla Peach, Lemon, Mango Ice Tea ", "brand": "Bulla", "price": 3.5, "orgPrice": 7, "categoryIds": ["freezer"], "imagePath": "https://cdn0.woolworths.media/content/wowproductimages/large/052302.jpg", "cupPrice": "$0.50 / 100ml", "unit": "each", "packageSize": "10 pack", "barcode": ["9310161014831"], "isAvailable": true, "locations": ["vic", "nsw", "qld", "wa", "sa", "tas", "nt", "act"]}, {"id": "w40975-9310161003118", "store": "woolworths", "name": "Bulla Splits Raspberry", "brand": "Bulla", "price": 3.5, "orgPrice": 7, "categoryIds": ["freezer"], "imagePath": "https://cdn0.woolworths.media/content/wowproductimages/large/040975.jpg", "cupPrice": "$0.47 / 100ml", "unit": "each", "packageSize": "10 pack", "barcode": ["9310161003118"], "isAvailable": true, "locations": ["vic", "nsw", "qld", "wa", "sa", "tas", "nt", "act"]}, {"id": "w178943-9310161001411", "store": "woolworths", "name": "Bulla Splits Ice Cream Wildberry Orange Tropical", "brand": "Bulla", "price": 3.5, "orgPrice": 7, "categoryIds": ["freezer"], "imagePath": "https://cdn0.woolworths.media/content/wowproductimages/large/178943.jpg", "cupPrice": "$0.47 / 100ml", "unit": "each", "packageSize": "10 pack", "barcode": ["9310161001411"], "isAvailable": true, "locations": ["vic", "nsw", "qld", "wa", "sa", "tas", "nt", "act"]}, {"id": "w140646-9310161002579", "store": "woolworths", "name": "Bulla Splits Multipack Raspberry, Mango & Lemon Lime", "brand": "Bulla", "price": 3.5, "orgPrice": 7, "categoryIds": ["freezer"], "imagePath": "https://cdn0.woolworths.media/content/wowproductimages/large/140646.jpg", "cupPrice": "$0.47 / 100ml", "unit": "each", "packageSize": "10 pack", "barcode": ["9310161002579"], "isAvailable": true, "locations": ["vic", "nsw", "qld", "wa", "sa", "tas", "nt", "act"]}, {"id": "w52287-9310161014824", "store": "woolworths", "name": "Bulla Splits Spider ", "brand": "Bulla", "price": 3.5, "orgPrice": 7, "categoryIds": ["freezer"], "imagePath": "https://cdn0.woolworths.media/content/wowproductimages/large/052287.jpg", "cupPrice": "$0.47 / 100ml", "unit": "each", "packageSize": "10 pack", "barcode": ["9310161014824"], "isAvailable": true, "locations": ["vic", "nsw", "qld", "wa", "sa", "tas", "nt", "act"]}, {"id": "w51738-9347042002793", "store": "woolworths", "name": "Connoisseur Bush Honey & Nougat Tub", "brand": "Connoisseur", "price": 5, "orgPrice": 10, "categoryIds": ["freezer"], "imagePath": "https://cdn0.woolworths.media/content/wowproductimages/large/051738.jpg", "cupPrice": "$1.06 / 100ml", "unit": "each", "packageSize": "470ml", "barcode": ["9347042002793"], "isAvailable": true, "locations": ["vic", "nsw", "qld", "wa", "sa", "tas", "nt", "act"]}, {"id": "w51769-9347042002779", "store": "woolworths", "name": "Connoisseur Davidson Plum & Cocoa Tub", "brand": "Connoisseur", "price": 5, "orgPrice": 10, "categoryIds": ["freezer"], "imagePath": "https://cdn0.woolworths.media/content/wowproductimages/large/051769.jpg", "cupPrice": "$1.06 / 100ml", "unit": "each", "packageSize": "470ml", "barcode": ["9347042002779"], "isAvailable": true, "locations": ["vic", "nsw", "qld", "wa", "sa", "tas", "nt", "act"]}, {"id": "w22497-9310076666361", "store": "woolworths", "name": "Golden Wok Asian Mini Dim Sims", "brand": "Golden Wok", "price": 5, "orgPrice": 10, "categoryIds": ["freezer"], "imagePath": "https://cdn0.woolworths.media/content/wowproductimages/large/022497.jpg", "cupPrice": "$0.76 / 100g", "unit": "each", "packageSize": "660g", "barcode": ["9310076666361"], "isAvailable": true, "locations": ["vic", "nsw", "qld", "wa", "sa", "tas", "nt", "act"]}, {"id": "w674287-9336280001019", "store": "woolworths", "name": "Harry's Ice Cream Peanut Butter Ice Cream", "brand": "Harry's Ice Cream", "price": 3, "orgPrice": 6, "categoryIds": ["freezer"], "imagePath": "https://cdn0.woolworths.media/content/wowproductimages/large/674287.jpg", "cupPrice": "$0.58 / 100ml", "unit": "each", "packageSize": "520ml tub", "barcode": ["9336280001019"], "isAvailable": true, "locations": ["vic", "nsw", "qld", "wa", "sa", "tas", "nt", "act"]}, {"id": "w674336-9336280001187", "store": "woolworths", "name": "Harry's Ice Cream Peppermint Brownie Ice Cream", "brand": "Harry's Ice Cream", "price": 3, "orgPrice": 6, "categoryIds": ["freezer"], "imagePath": "https://cdn0.woolworths.media/content/wowproductimages/large/674336.jpg", "cupPrice": "$0.58 / 100ml", "unit": "each", "packageSize": "520ml tub", "barcode": ["9336280001187"], "isAvailable": true, "locations": ["vic", "nsw", "qld", "wa", "sa", "tas", "nt", "act"]}, {"id": "w674335-9336280001118", "store": "woolworths", "name": "Harry's Ice Cream Salted Caramel Ice Cream", "brand": "Harry's Ice Cream", "price": 3, "orgPrice": 6, "categoryIds": ["freezer"], "imagePath": "https://cdn0.woolworths.media/content/wowproductimages/large/674335.jpg", "cupPrice": "$0.58 / 100ml", "unit": "each", "packageSize": "520ml tub", "barcode": ["9336280001118"], "isAvailable": true, "locations": ["vic", "nsw", "qld", "wa", "sa", "tas", "nt", "act"]}, {"id": "w674288-9336280001040", "store": "woolworths", "name": "Harry's Ice Cream Triple Choc Ice Cream", "brand": "Harry's Ice Cream", "price": 3, "orgPrice": 6, "categoryIds": ["freezer"], "imagePath": "https://cdn0.woolworths.media/content/wowproductimages/large/674288.jpg", "cupPrice": "$0.58 / 100ml", "unit": "each", "packageSize": "520ml tub", "barcode": ["9336280001040"], "isAvailable": true, "locations": ["vic", "nsw", "qld", "wa", "sa", "tas", "nt", "act"]}, {"id": "w659505-9318122383828", "store": "woolworths", "name": "Hong Kong Dim Sim Kitchen Bbq Pork Buns", "brand": "Hong Kong Dim Sim Kitchen", "price": 2.5, "orgPrice": 5, "categoryIds": ["freezer"], "imagePath": "https://cdn0.woolworths.media/content/wowproductimages/large/659505.jpg", "cupPrice": "$1.25 / 100g", "unit": "each", "packageSize": "200g", "barcode": ["9318122383828"], "isAvailable": true, "locations": ["vic", "nsw", "qld", "wa", "sa", "tas", "nt", "act"]}, {"id": "w758703-9318122381008", "store": "woolworths", "name": "Hong Kong Dim Sim Kitchen Pork & Chive Dumplings", "brand": "Hong Kong Dim Sim Kitchen", "price": 2.5, "orgPrice": 5, "categoryIds": ["freezer"], "imagePath": "https://cdn0.woolworths.media/content/wowproductimages/large/758703.jpg", "cupPrice": "$1.25 / 100g", "unit": "each", "packageSize": "200g", "barcode": ["9318122381008"], "isAvailable": true, "locations": ["vic", "nsw", "qld", "wa", "sa", "tas", "nt", "act"]}, {"id": "w87392-9311008461016", "store": "woolworths", "name": "Louis & Marie Meringue Semifreddo ", "brand": "Louis & Marie", "price": 4, "orgPrice": 8, "categoryIds": ["freezer"], "imagePath": "https://cdn0.woolworths.media/content/wowproductimages/large/087392.jpg", "cupPrice": "$3.33 / 100g", "unit": "each", "packageSize": "120g", "barcode": ["9311008461016"], "isAvailable": true, "locations": ["vic", "nsw", "qld", "wa", "sa", "tas", "nt", "act"]}, {"id": "w250014-9310663400668", "store": "woolworths", "name": "Mrs Macs Crispy Microwave Pastie", "brand": "Mrs Macs", "price": 1.25, "orgPrice": 2.5, "categoryIds": ["freezer"], "imagePath": "https://cdn0.woolworths.media/content/wowproductimages/large/250014.jpg", "cupPrice": "$0.76 / 100g", "unit": "each", "packageSize": "165g", "barcode": ["9310663400668"], "isAvailable": true, "locations": ["vic", "nsw", "qld", "wa", "sa", "tas", "nt", "act"]}, {"id": "w250012-9310663400620", "store": "woolworths", "name": "Mrs Macs Pies Microwave Beef", "brand": "Mrs Macs", "price": 1.25, "orgPrice": 2.5, "categoryIds": ["freezer"], "imagePath": "https://cdn0.woolworths.media/content/wowproductimages/large/250012.jpg", "cupPrice": "$0.63 / 100g", "unit": "each", "packageSize": "200g", "barcode": ["9310663400620"], "isAvailable": true, "locations": ["vic", "nsw", "qld", "wa", "sa", "tas", "nt", "act"]}, {"id": "w250013-9310663400637", "store": "woolworths", "name": "Mrs Macs Pies Microwave Beef & Cheese", "brand": "Mrs Macs", "price": 1.25, "orgPrice": 2.5, "categoryIds": ["freezer"], "imagePath": "https://cdn0.woolworths.media/content/wowproductimages/large/250013.jpg", "cupPrice": "$0.63 / 100g", "unit": "each", "packageSize": "200g", "barcode": ["9310663400637"], "isAvailable": true, "locations": ["vic", "nsw", "qld", "wa", "sa", "tas", "nt", "act"]}, {"id": "w250016-9310663400675", "store": "woolworths", "name": "Mrs Macs Sausage Roll Microwave", "brand": "Mrs Macs", "price": 1.25, "orgPrice": 2.5, "categoryIds": ["freezer"], "imagePath": "https://cdn0.woolworths.media/content/wowproductimages/large/250016.jpg", "cupPrice": "$0.71 / 100g", "unit": "each", "packageSize": "175g", "barcode": ["9310663400675"], "isAvailable": true, "locations": ["vic", "nsw", "qld", "wa", "sa", "tas", "nt", "act"]}, {"id": "w782326-9323015014000", "store": "woolworths", "name": "Ocean Chef Salmon Parcels In Leek & Cheese Sauce", "brand": "Ocean Chef", "price": 5, "orgPrice": 10, "categoryIds": ["freezer"], "imagePath": "https://cdn0.woolworths.media/content/wowproductimages/large/782326.jpg", "cupPrice": "$17.86 / 1kg", "unit": "each", "packageSize": "280g", "barcode": ["9323015014000"], "isAvailable": true, "locations": ["vic", "nsw", "qld", "wa", "sa", "tas", "nt", "act"]}, {"id": "w192350-9310750311815", "store": "woolworths", "name": "Sargents Party Pack ", "brand": "Sargents", "price": 6.75, "orgPrice": 13.5, "categoryIds": ["freezer"], "imagePath": "https://cdn0.woolworths.media/content/wowproductimages/large/192350.jpg", "cupPrice": "$0.56 / 100g", "unit": "each", "packageSize": "36 pack", "barcode": ["9310750311815"], "isAvailable": true, "locations": ["vic", "nsw", "qld", "wa", "sa", "tas", "nt", "act"]}, {"id": "w679660-9339687034307", "store": "woolworths", "name": "Woolworths Frozen Lemon Slices ", "brand": "Woolworths", "price": 2, "orgPrice": 4, "categoryIds": ["freezer"], "imagePath": "https://cdn0.woolworths.media/content/wowproductimages/large/679660.jpg", "cupPrice": "$4.44 / 1kg", "unit": "each", "packageSize": "450g", "barcode": ["9339687034307"], "isAvailable": true, "locations": ["vic", "nsw", "qld", "wa", "sa", "tas", "nt", "act"]}, {"id": "w761612-41570080856", "store": "woolworths", "name": "Almond Breeze Flavoured Chocolate Milk", "brand": "Almond Breeze", "price": 1.35, "orgPrice": 2.7, "categoryIds": ["drinks"], "imagePath": "https://cdn0.woolworths.media/content/wowproductimages/large/761612.jpg", "cupPrice": "$1.35 / 1l", "unit": "each", "packageSize": "1l", "barcode": ["41570080856"], "isAvailable": true, "locations": ["vic", "nsw", "qld", "wa", "sa", "tas", "nt", "act"]}, {"id": "w761604-41570081013", "store": "woolworths", "name": "Almond Breeze Unsweetened Almond Milk", "brand": "Almond Breeze", "price": 1.25, "orgPrice": 2.5, "categoryIds": ["drinks"], "imagePath": "https://cdn0.woolworths.media/content/wowproductimages/large/761604.jpg", "cupPrice": "$1.25 / 1l", "unit": "each", "packageSize": "1l", "barcode": ["41570081013"], "isAvailable": true, "locations": ["vic", "nsw", "qld", "wa", "sa", "tas", "nt", "act"]}, {"id": "w796060-41570108918", "store": "woolworths", "name": "Blue Diamond Almond Breeze Unsweetened Vanilla Almond Milk", "brand": "Blue Diamond", "price": 1.35, "orgPrice": 2.7, "categoryIds": ["drinks"], "imagePath": "https://cdn0.woolworths.media/content/wowproductimages/large/796060.jpg", "cupPrice": "$1.35 / 1l", "unit": "each", "packageSize": "1l", "barcode": ["41570108918"], "isAvailable": true, "locations": ["vic", "nsw", "qld", "wa", "sa", "tas", "nt", "act"]}, {"id": "w551867-8000070081017", "store": "woolworths", "name": "Lavazza Deciso Coffee Capsules ", "brand": "Lavazza", "price": 3, "orgPrice": 6, "categoryIds": ["drinks"], "imagePath": "https://cdn0.woolworths.media/content/wowproductimages/large/551867.jpg", "cupPrice": "$0.30 / 1ea", "unit": "each", "packageSize": "10 pack", "barcode": ["8000070081017"], "isAvailable": true, "locations": ["vic", "nsw", "qld", "wa", "sa", "tas", "nt", "act"]}, {"id": "w28344-8000070022836", "store": "woolworths", "name": "Lavazza Ristretto Capsules Intensita 11", "brand": "Lavazza", "price": 3, "orgPrice": 6, "categoryIds": ["drinks"], "imagePath": "https://cdn0.woolworths.media/content/wowproductimages/large/028344.jpg", "cupPrice": "$0.30 / 1ea", "unit": "each", "packageSize": "10 pack", "barcode": ["8000070022836"], "isAvailable": true, "locations": ["vic", "nsw", "qld", "wa", "sa", "tas", "nt", "act"]}, {"id": "w692537-8000070010680", "store": "woolworths", "name": "Lavazza Vigoroso Coffee Capsules ", "brand": "Lavazza", "price": 3, "orgPrice": 6, "categoryIds": ["drinks"], "imagePath": "https://cdn0.woolworths.media/content/wowproductimages/large/692537.jpg", "cupPrice": "$0.30 / 1ea", "unit": "each", "packageSize": "10 pack", "barcode": ["8000070010680"], "isAvailable": true, "locations": ["vic", "nsw", "qld", "wa", "sa", "tas", "nt", "act"]}, {"id": "w26128-9325121005217", "store": "woolworths", "name": "Robert Timms Gold Columbia Coffee Bags ", "brand": "Robert Timms", "price": 4.82, "orgPrice": 9.65, "categoryIds": ["drinks"], "imagePath": "https://cdn0.woolworths.media/content/wowproductimages/large/026128.jpg", "cupPrice": "$0.17 / 1ea", "unit": "each", "packageSize": "28 pack", "barcode": ["9325121005217"], "isAvailable": true, "locations": ["vic", "nsw", "qld", "wa", "sa", "tas", "nt", "act"]}, {"id": "w283136-9325121003282", "store": "woolworths", "name": "Robert Timms Italian Espresso Style Coffee Bags", "brand": "Robert Timms", "price": 4.82, "orgPrice": 9.65, "categoryIds": ["drinks"], "imagePath": "https://cdn0.woolworths.media/content/wowproductimages/large/283136.jpg", "cupPrice": "$0.17 / 1ea", "unit": "each", "packageSize": "28 pack", "barcode": ["9325121003282"], "isAvailable": true, "locations": ["vic", "nsw", "qld", "wa", "sa", "tas", "nt", "act"]}, {"id": "w283137-9325121003466", "store": "woolworths", "name": "Robert Timms Mocha Kenya Style Coffee Bags", "brand": "Robert Timms", "price": 4.82, "orgPrice": 9.65, "categoryIds": ["drinks"], "imagePath": "https://cdn0.woolworths.media/content/wowproductimages/large/283137.jpg", "cupPrice": "$0.17 / 1ea", "unit": "each", "packageSize": "28 pack", "barcode": ["9325121003466"], "isAvailable": true, "locations": ["vic", "nsw", "qld", "wa", "sa", "tas", "nt", "act"]}, {"id": "w701969-70177225667", "store": "woolworths", "name": "Twinings In'fuse Watermelon Strawberry & Mint", "brand": "Twinings", "price": 1, "orgPrice": 2, "categoryIds": ["drinks"], "imagePath": "https://cdn0.woolworths.media/content/wowproductimages/large/701969.jpg", "cupPrice": "$0.33 / 1ea", "unit": "each", "packageSize": "3 pack", "barcode": ["70177225667"], "isAvailable": true, "locations": ["vic", "nsw", "qld", "wa", "sa", "tas", "nt", "act"]}, {"id": "w701972-70177225650", "store": "woolworths", "name": "Twinings Infuse Blueberry Apple & Blackcurrant", "brand": "Twinings", "price": 1, "orgPrice": 2, "categoryIds": ["drinks"], "imagePath": "https://cdn0.woolworths.media/content/wowproductimages/large/701972.jpg", "cupPrice": "$0.33 / 1ea", "unit": "each", "packageSize": "3 pack", "barcode": ["70177225650"], "isAvailable": true, "locations": ["vic", "nsw", "qld", "wa", "sa", "tas", "nt", "act"]}, {"id": "w701975-70177225674", "store": "woolworths", "name": "Twinings Infuse Passionfruit Mango & Blood Orange", "brand": "Twinings", "price": 1, "orgPrice": 2, "categoryIds": ["drinks"], "imagePath": "https://cdn0.woolworths.media/content/wowproductimages/large/701975.jpg", "cupPrice": "$0.33 / 1ea", "unit": "each", "packageSize": "3 pack", "barcode": ["70177225674"], "isAvailable": true, "locations": ["vic", "nsw", "qld", "wa", "sa", "tas", "nt", "act"]}, {"id": "w926885-9341650000899", "store": "woolworths", "name": "Vitasoy Almond Milk Unsweetened", "brand": "Vitasoy", "price": 1.5, "orgPrice": 3, "categoryIds": ["drinks"], "imagePath": "https://cdn0.woolworths.media/content/wowproductimages/large/926885.jpg", "cupPrice": "$1.50 / 1l", "unit": "each", "packageSize": "1l", "barcode": ["9341650000899"], "isAvailable": true, "locations": ["vic", "nsw", "qld", "wa", "sa", "tas", "nt", "act"]}, {"id": "w310675-9310232954523", "store": "woolworths", "name": "Vitasoy Oat Milk", "brand": "Vitasoy", "price": 1.45, "orgPrice": 2.9, "categoryIds": ["drinks"], "imagePath": "https://cdn0.woolworths.media/content/wowproductimages/large/310675.jpg", "cupPrice": "$1.45 / 1l", "unit": "each", "packageSize": "1l", "barcode": ["9310232954523"], "isAvailable": true, "locations": ["vic", "nsw", "qld", "wa", "sa", "tas", "nt", "act"]}, {"id": "w209424-9310232100401", "store": "woolworths", "name": "Vitasoy Rice Milk", "brand": "Vitasoy", "price": 1.5, "orgPrice": 3, "categoryIds": ["drinks"], "imagePath": "https://cdn0.woolworths.media/content/wowproductimages/large/209424.jpg", "cupPrice": "$1.50 / 1l", "unit": "each", "packageSize": "1l", "barcode": ["9310232100401"], "isAvailable": true, "locations": ["vic", "nsw", "qld", "wa", "sa", "tas", "nt", "act"]}, {"id": "w721040-9420015017076", "store": "woolworths", "name": "Ecostore Baby Bubble Bath ", "brand": "Ecostore", "price": 7, "orgPrice": 14, "categoryIds": ["baby"], "imagePath": "https://cdn0.woolworths.media/content/wowproductimages/large/721040.jpg", "cupPrice": "$1.40 / 100ml", "unit": "each", "packageSize": "500ml", "barcode": ["9420015017076"], "isAvailable": true, "locations": ["vic", "nsw", "qld", "wa", "sa", "tas", "nt", "act"]}, {"id": "w269452-9420015002003", "store": "woolworths", "name": "Ecostore Baby Shampoo ", "brand": "Ecostore", "price": 4, "orgPrice": 8, "categoryIds": ["baby"], "imagePath": "https://cdn0.woolworths.media/content/wowproductimages/large/269452.jpg", "cupPrice": "$2.00 / 100ml", "unit": "each", "packageSize": "200ml", "barcode": ["9420015002003"], "isAvailable": true, "locations": ["vic", "nsw", "qld", "wa", "sa", "tas", "nt", "act"]}, {"id": "w269451-9420015002065", "store": "woolworths", "name": "Ecostore Baby Soap ", "brand": "Ecostore", "price": 1.25, "orgPrice": 2.5, "categoryIds": ["baby"], "imagePath": "https://cdn0.woolworths.media/content/wowproductimages/large/269451.jpg", "cupPrice": "$1.56 / 100g", "unit": "each", "packageSize": "80g", "barcode": ["9420015002065"], "isAvailable": true, "locations": ["vic", "nsw", "qld", "wa", "sa", "tas", "nt", "act"]}, {"id": "w59524-9337824002738", "store": "woolworths", "name": "Little Bellies Organic Cheese Oatcakes", "brand": "Little Bellies", "price": 2.25, "orgPrice": 4.5, "categoryIds": ["baby"], "imagePath": "https://cdn0.woolworths.media/content/wowproductimages/large/059524.jpg", "cupPrice": "$2.81 / 100g", "unit": "each", "packageSize": "80g", "barcode": ["9337824002738"], "isAvailable": true, "locations": ["vic", "nsw", "qld", "wa", "sa", "tas", "nt", "act"]}, {"id": "w85959-9300705605922", "store": "woolworths", "name": "Cenovis Hello Calm Tablets ", "brand": "Cenovis", "price": 10, "orgPrice": 20, "categoryIds": ["health-beauty"], "imagePath": "https://cdn0.woolworths.media/content/wowproductimages/large/085959.jpg", "cupPrice": "$0.33 / 1ea", "unit": "each", "packageSize": "30 pack", "barcode": ["9300705605922"], "isAvailable": true, "locations": ["vic", "nsw", "qld", "wa", "sa", "tas", "nt", "act"]}, {"id": "w85958-9300705605908", "store": "woolworths", "name": "Cenovis Hello Detox Capsules ", "brand": "Cenovis", "price": 10, "orgPrice": 20, "categoryIds": ["health-beauty"], "imagePath": "https://cdn0.woolworths.media/content/wowproductimages/large/085958.jpg", "cupPrice": "$0.33 / 1ea", "unit": "each", "packageSize": "30 pack", "barcode": ["9300705605908"], "isAvailable": true, "locations": ["vic", "nsw", "qld", "wa", "sa", "tas", "nt", "act"]}, {"id": "w85956-9300705605892", "store": "woolworths", "name": "Cenovis Hello Energy Tablets ", "brand": "Cenovis", "price": 10, "orgPrice": 20, "categoryIds": ["health-beauty"], "imagePath": "https://cdn0.woolworths.media/content/wowproductimages/large/085956.jpg", "cupPrice": "$0.33 / 1ea", "unit": "each", "packageSize": "30 pack", "barcode": ["9300705605892"], "isAvailable": true, "locations": ["vic", "nsw", "qld", "wa", "sa", "tas", "nt", "act"]}, {"id": "w85962-9300705605885", "store": "woolworths", "name": "Cenovis Hello Focus Tablets", "brand": "Cenovis", "price": 10, "orgPrice": 20, "categoryIds": ["health-beauty"], "imagePath": "https://cdn0.woolworths.media/content/wowproductimages/large/085962.jpg", "cupPrice": "$0.33 / 1ea", "unit": "each", "packageSize": "30 pack", "barcode": ["9300705605885"], "isAvailable": true, "locations": ["vic", "nsw", "qld", "wa", "sa", "tas", "nt", "act"]}, {"id": "w85963-9300705605915", "store": "woolworths", "name": "Cenovis Hello Immunity Chewable Tablets", "brand": "Cenovis", "price": 10, "orgPrice": 20, "categoryIds": ["health-beauty"], "imagePath": "https://cdn0.woolworths.media/content/wowproductimages/large/085963.jpg", "cupPrice": "$0.33 / 1ea", "unit": "each", "packageSize": "30 pack", "barcode": ["9300705605915"], "isAvailable": true, "locations": ["vic", "nsw", "qld", "wa", "sa", "tas", "nt", "act"]}, {"id": "w570287-9300632088249", "store": "woolworths", "name": "Colgate 360 Degrees Advanced Active Plaque Removal Toothbrush Soft", "brand": "Colgate", "price": 3, "orgPrice": 6, "categoryIds": ["health-beauty"], "imagePath": "https://cdn0.woolworths.media/content/wowproductimages/large/570287.jpg", "cupPrice": "$3.00 / 1ea", "unit": "each", "packageSize": "each", "barcode": ["9300632088249"], "isAvailable": true, "locations": ["vic", "nsw", "qld", "wa", "sa", "tas", "nt", "act"]}, {"id": "w570288-9300632088232", "store": "woolworths", "name": "Colgate 360 Degrees Advanced Plaque Removal Toothbrush Medium", "brand": "Colgate", "price": 3, "orgPrice": 6, "categoryIds": ["health-beauty"], "imagePath": "https://cdn0.woolworths.media/content/wowproductimages/large/570288.jpg", "cupPrice": "$3.00 / 1ea", "unit": "each", "packageSize": "each", "barcode": ["9300632088232"], "isAvailable": true, "locations": ["vic", "nsw", "qld", "wa", "sa", "tas", "nt", "act"]}, {"id": "w370532-9300632076215", "store": "woolworths", "name": "Colgate 360 Degrees Optic White Power Toothbrush Medium", "brand": "Colgate", "price": 4, "orgPrice": 8, "categoryIds": ["health-beauty"], "imagePath": "https://cdn0.woolworths.media/content/wowproductimages/large/370532.jpg", "cupPrice": "$4.00 / 1ea", "unit": "each", "packageSize": "each", "barcode": ["9300632076215"], "isAvailable": true, "locations": ["vic", "nsw", "qld", "wa", "sa", "tas", "nt", "act"]}, {"id": "w780252-9300632083503", "store": "woolworths", "name": "Colgate Optic White Enamel White Teeth Whitening Toothpaste", "brand": "Colgate", "price": 5, "orgPrice": 10, "categoryIds": ["health-beauty"], "imagePath": "https://cdn0.woolworths.media/content/wowproductimages/large/780252.jpg", "cupPrice": "$3.57 / 100g", "unit": "each", "packageSize": "140g", "barcode": ["9300632083503"], "isAvailable": true, "locations": ["vic", "nsw", "qld", "wa", "sa", "tas", "nt", "act"]}, {"id": "w81256-8850006933299", "store": "woolworths", "name": "Colgate Optic White Overnight Teeth Whitening Treatment", "brand": "Colgate", "price": 17.5, "orgPrice": 35, "categoryIds": ["health-beauty"], "imagePath": "https://cdn0.woolworths.media/content/wowproductimages/large/081256.jpg", "cupPrice": "$17.50 / 1ea", "unit": "each", "packageSize": "2.5ml", "barcode": ["8850006933299"], "isAvailable": true, "locations": ["vic", "nsw", "qld", "wa", "sa", "tas", "nt", "act"]}, {"id": "w80818-7509546652108", "store": "woolworths", "name": "Colgate Optic White Renewal Lasting Fresh Whitening Toothpaste", "brand": "Colgate", "price": 7.5, "orgPrice": 15, "categoryIds": ["health-beauty"], "imagePath": "https://cdn0.woolworths.media/content/wowproductimages/large/080818.jpg", "cupPrice": "$8.82 / 100g", "unit": "each", "packageSize": "85g", "barcode": ["7509546652108"], "isAvailable": true, "locations": ["vic", "nsw", "qld", "wa", "sa", "tas", "nt", "act"]}, {"id": "w80817-7509546652528", "store": "woolworths", "name": "Colgate Optic White Renewal Vibrant Clean Whitening Toothpaste", "brand": "Colgate", "price": 7.5, "orgPrice": 15, "categoryIds": ["health-beauty"], "imagePath": "https://cdn0.woolworths.media/content/wowproductimages/large/080817.jpg", "cupPrice": "$8.82 / 100g", "unit": "each", "packageSize": "85g", "barcode": ["7509546652528"], "isAvailable": true, "locations": ["vic", "nsw", "qld", "wa", "sa", "tas", "nt", "act"]}, {"id": "w750055-9300632081301", "store": "woolworths", "name": "Colgate Optic White Sparkling White Teeth Whitening Toothpaste", "brand": "Colgate", "price": 5, "orgPrice": 10, "categoryIds": ["health-beauty"], "imagePath": "https://cdn0.woolworths.media/content/wowproductimages/large/750055.jpg", "cupPrice": "$3.57 / 100g", "unit": "each", "packageSize": "140g", "barcode": ["9300632081301"], "isAvailable": true, "locations": ["vic", "nsw", "qld", "wa", "sa", "tas", "nt", "act"]}, {"id": "w826546-9300632085477", "store": "woolworths", "name": "Colgate Optic White Whitening Toothpaste Express Fresh Mint", "brand": "Colgate", "price": 6, "orgPrice": 12, "categoryIds": ["health-beauty"], "imagePath": "https://cdn0.woolworths.media/content/wowproductimages/large/826546.jpg", "cupPrice": "$4.80 / 100g", "unit": "each", "packageSize": "125g", "barcode": ["9300632085477"], "isAvailable": true, "locations": ["vic", "nsw", "qld", "wa", "sa", "tas", "nt", "act"]}, {"id": "w321727-8850006303306", "store": "woolworths", "name": "Colgate Plax Alcohol Free Mouthwash Freshmint", "brand": "Colgate", "price": 2, "orgPrice": 4, "categoryIds": ["health-beauty"], "imagePath": "https://cdn0.woolworths.media/content/wowproductimages/large/321727.jpg", "cupPrice": "$0.80 / 100ml", "unit": "each", "packageSize": "250ml", "barcode": ["8850006303306"], "isAvailable": true, "locations": ["vic", "nsw", "qld", "wa", "sa", "tas", "nt", "act"]}, {"id": "w78345-8850006933268", "store": "woolworths", "name": "Colgate Proclinical 500r Whitening Electric Toothbrush", "brand": "Colgate", "price": 35, "orgPrice": 70, "categoryIds": ["health-beauty"], "imagePath": "https://cdn0.woolworths.media/content/wowproductimages/large/078345.jpg", "cupPrice": "$35.00 / 1ea", "unit": "each", "packageSize": "each", "barcode": ["8850006933268"], "isAvailable": true, "locations": ["vic", "nsw", "qld", "wa", "sa", "tas", "nt", "act"]}, {"id": "w820274-3607342292420", "store": "woolworths", "name": "David Beckham Homme Deodorant Body Spray", "brand": "David Beckham", "price": 4, "orgPrice": 8, "categoryIds": ["health-beauty"], "imagePath": "https://cdn0.woolworths.media/content/wowproductimages/large/820274.jpg", "cupPrice": "$2.67 / 100ml", "unit": "each", "packageSize": "150ml", "barcode": ["3607342292420"], "isAvailable": true, "locations": ["vic", "nsw", "qld", "wa", "sa", "tas", "nt", "act"]}, {"id": "w86481-3614224678241", "store": "woolworths", "name": "David Beckham Inspired By Respect Deodorant Spray", "brand": "David Beckham", "price": 4, "orgPrice": 8, "categoryIds": ["health-beauty"], "imagePath": "https://cdn0.woolworths.media/content/wowproductimages/large/086481.jpg", "cupPrice": "$2.67 / 100ml", "unit": "each", "packageSize": "150ml", "barcode": ["3614224678241"], "isAvailable": true, "locations": ["vic", "nsw", "qld", "wa", "sa", "tas", "nt", "act"]}, {"id": "w88379-3614223627295", "store": "woolworths", "name": "David Beckham Respect Deodorant Spray ", "brand": "David Beckham", "price": 4, "orgPrice": 8, "categoryIds": ["health-beauty"], "imagePath": "https://cdn0.woolworths.media/content/wowproductimages/large/088379.jpg", "cupPrice": "$2.67 / 100ml", "unit": "each", "packageSize": "150ml", "barcode": ["3614223627295"], "isAvailable": true, "locations": ["vic", "nsw", "qld", "wa", "sa", "tas", "nt", "act"]}, {"id": "w661798-3607349937942", "store": "woolworths", "name": "David Beckham Classic Blue Deodorant Body Spray", "brand": "David Beckham", "price": 4, "orgPrice": 8, "categoryIds": ["health-beauty"], "imagePath": "https://cdn0.woolworths.media/content/wowproductimages/large/661798.jpg", "cupPrice": "$2.67 / 100ml", "unit": "each", "packageSize": "150ml", "barcode": ["3607349937942"], "isAvailable": true, "locations": ["vic", "nsw", "qld", "wa", "sa", "tas", "nt", "act"]}, {"id": "w511663-3607346571026", "store": "woolworths", "name": "David Beckham Classic Deodorant Body Spray", "brand": "David Beckham", "price": 4, "orgPrice": 8, "categoryIds": ["health-beauty"], "imagePath": "https://cdn0.woolworths.media/content/wowproductimages/large/511663.jpg", "cupPrice": "$2.67 / 100ml", "unit": "each", "packageSize": "150ml", "barcode": ["3607346571026"], "isAvailable": true, "locations": ["vic", "nsw", "qld", "wa", "sa", "tas", "nt", "act"]}, {"id": "w511539-5012874212286", "store": "woolworths", "name": "David Beckham Instinct Deodorant Body Spray", "brand": "David Beckham", "price": 4, "orgPrice": 8, "categoryIds": ["health-beauty"], "imagePath": "https://cdn0.woolworths.media/content/wowproductimages/large/511539.jpg", "cupPrice": "$2.67 / 100ml", "unit": "each", "packageSize": "150ml", "barcode": ["5012874212286"], "isAvailable": true, "locations": ["vic", "nsw", "qld", "wa", "sa", "tas", "nt", "act"]}, {"id": "w642848-3607342453104", "store": "woolworths", "name": "David Beckham Instinct Sport Deodorant Body Spray", "brand": "David Beckham", "price": 4, "orgPrice": 8, "categoryIds": ["health-beauty"], "imagePath": "https://cdn0.woolworths.media/content/wowproductimages/large/642848.jpg", "cupPrice": "$2.67 / 100ml", "unit": "each", "packageSize": "150ml", "barcode": ["3607342453104"], "isAvailable": true, "locations": ["vic", "nsw", "qld", "wa", "sa", "tas", "nt", "act"]}, {"id": "w511660-5012874248582", "store": "woolworths", "name": "David Beckham Intimately Deodorant Body Spray", "brand": "David Beckham", "price": 4, "orgPrice": 8, "categoryIds": ["health-beauty"], "imagePath": "https://cdn0.woolworths.media/content/wowproductimages/large/511660.jpg", "cupPrice": "$2.67 / 100ml", "unit": "each", "packageSize": "150ml", "barcode": ["5012874248582"], "isAvailable": true, "locations": ["vic", "nsw", "qld", "wa", "sa", "tas", "nt", "act"]}, {"id": "w269452-9420015002003", "store": "woolworths", "name": "Ecostore Baby Shampoo ", "brand": "Ecostore", "price": 4, "orgPrice": 8, "categoryIds": ["health-beauty"], "imagePath": "https://cdn0.woolworths.media/content/wowproductimages/large/269452.jpg", "cupPrice": "$2.00 / 100ml", "unit": "each", "packageSize": "200ml", "barcode": ["9420015002003"], "isAvailable": true, "locations": ["vic", "nsw", "qld", "wa", "sa", "tas", "nt", "act"]}, {"id": "w341040-7702018945689", "store": "woolworths", "name": "Gillette Blue 3 Disposable Shaving Razor", "brand": "Gillette", "price": 4.25, "orgPrice": 8.5, "categoryIds": ["health-beauty"], "imagePath": "https://cdn0.woolworths.media/content/wowproductimages/large/341040.jpg", "cupPrice": "$0.53 / 1ea", "unit": "each", "packageSize": "8 pack", "barcode": ["7702018945689"], "isAvailable": true, "locations": ["vic", "nsw", "qld", "wa", "sa", "tas", "nt", "act"]}, {"id": "w194278-9300627505973", "store": "woolworths", "name": "Gillette Blue Ii Disposable Shaving Razor Plus", "brand": "Gillette", "price": 8.25, "orgPrice": 16.5, "categoryIds": ["health-beauty"], "imagePath": "https://cdn0.woolworths.media/content/wowproductimages/large/194278.jpg", "cupPrice": "$0.41 / 1ea", "unit": "each", "packageSize": "20 pack", "barcode": ["9300627505973"], "isAvailable": true, "locations": ["vic", "nsw", "qld", "wa", "sa", "tas", "nt", "act"]}, {"id": "w168701-9300627503702", "store": "woolworths", "name": "Gillette Blue Ii Disposable Shaving Razor Ultra Grip Pivot", "brand": "Gillette", "price": 6.75, "orgPrice": 13.5, "categoryIds": ["health-beauty"], "imagePath": "https://cdn0.woolworths.media/content/wowproductimages/large/168701.jpg", "cupPrice": "$0.42 / 1ea", "unit": "each", "packageSize": "16 pack", "barcode": ["9300627503702"], "isAvailable": true, "locations": ["vic", "nsw", "qld", "wa", "sa", "tas", "nt", "act"]}, {"id": "w821991-4902430843805", "store": "woolworths", "name": "Gillette Blue Iii Disposable Razors Pack", "brand": "Gillette", "price": 7.5, "orgPrice": 15, "categoryIds": ["health-beauty"], "imagePath": "https://cdn0.woolworths.media/content/wowproductimages/large/821991.jpg", "cupPrice": "$0.47 / 1ea", "unit": "each", "packageSize": "each", "barcode": ["4902430843805"], "isAvailable": true, "locations": ["vic", "nsw", "qld", "wa", "sa", "tas", "nt", "act"]}, {"id": "w822152-4902430842846", "store": "woolworths", "name": "Gillette Blue2 Pivot Plus Razor ", "brand": "Gillette", "price": 4.45, "orgPrice": 8.9, "categoryIds": ["health-beauty"], "imagePath": "https://cdn0.woolworths.media/content/wowproductimages/large/822152.jpg", "cupPrice": "$0.40 / 1ea", "unit": "each", "packageSize": "each", "barcode": ["4902430842846"], "isAvailable": true, "locations": ["vic", "nsw", "qld", "wa", "sa", "tas", "nt", "act"]}, {"id": "w82914-4902430930260", "store": "woolworths", "name": "Gillette Foam Lemon Lime ", "brand": "Gillette", "price": 2.3, "orgPrice": 4.6, "categoryIds": ["health-beauty"], "imagePath": "https://cdn0.woolworths.media/content/wowproductimages/large/082914.jpg", "cupPrice": "$0.69 / 100g", "unit": "each", "packageSize": "333g", "barcode": ["4902430930260"], "isAvailable": true, "locations": ["vic", "nsw", "qld", "wa", "sa", "tas", "nt", "act"]}, {"id": "w82913-4902430930253", "store": "woolworths", "name": "Gillette Foam Sensitive Skin ", "brand": "Gillette", "price": 2.3, "orgPrice": 4.6, "categoryIds": ["health-beauty"], "imagePath": "https://cdn0.woolworths.media/content/wowproductimages/large/082913.jpg", "cupPrice": "$0.69 / 100g", "unit": "each", "packageSize": "333g", "barcode": ["4902430930253"], "isAvailable": true, "locations": ["vic", "nsw", "qld", "wa", "sa", "tas", "nt", "act"]}, {"id": "w257437-7702018864607", "store": "woolworths", "name": "Gillette Fusion Hydra Shaving Gel Sensitive Skin", "brand": "Gillette", "price": 3.75, "orgPrice": 7.5, "categoryIds": ["health-beauty"], "imagePath": "https://cdn0.woolworths.media/content/wowproductimages/large/257437.jpg", "cupPrice": "$1.92 / 100g", "unit": "each", "packageSize": "195g", "barcode": ["7702018864607"], "isAvailable": true, "locations": ["vic", "nsw", "qld", "wa", "sa", "tas", "nt", "act"]}, {"id": "w827648-4902430590006", "store": "woolworths", "name": "Gillette Fusion Proglide Active Sport Sensitive Shaving Foam", "brand": "Gillette", "price": 4.25, "orgPrice": 8.5, "categoryIds": ["health-beauty"], "imagePath": "https://cdn0.woolworths.media/content/wowproductimages/large/827648.jpg", "cupPrice": "$1.73 / 100g", "unit": "each", "packageSize": "245g", "barcode": ["4902430590006"], "isAvailable": true, "locations": ["vic", "nsw", "qld", "wa", "sa", "tas", "nt", "act"]}, {"id": "w827649-4902430589697", "store": "woolworths", "name": "Gillette Fusion Proglide Sensitive Gel Active Sport", "brand": "Gillette", "price": 4.25, "orgPrice": 8.5, "categoryIds": ["health-beauty"], "imagePath": "https://cdn0.woolworths.media/content/wowproductimages/large/827649.jpg", "cupPrice": "$2.50 / 100g", "unit": "each", "packageSize": "170g", "barcode": ["4902430589697"], "isAvailable": true, "locations": ["vic", "nsw", "qld", "wa", "sa", "tas", "nt", "act"]}, {"id": "w53186-47400666252", "store": "woolworths", "name": "Gillette Pure Shaving Cream For Men", "brand": "Gillette", "price": 4.25, "orgPrice": 8.5, "categoryIds": ["health-beauty"], "imagePath": "https://cdn0.woolworths.media/content/wowproductimages/large/053186.jpg", "cupPrice": "$2.40 / 100ml", "unit": "each", "packageSize": "170g", "barcode": ["47400666252"], "isAvailable": true, "locations": ["vic", "nsw", "qld", "wa", "sa", "tas", "nt", "act"]}, {"id": "w53148-47400666269", "store": "woolworths", "name": "Gillette Pure Shaving Gel For Men", "brand": "Gillette", "price": 4.25, "orgPrice": 8.5, "categoryIds": ["health-beauty"], "imagePath": "https://cdn0.woolworths.media/content/wowproductimages/large/053148.jpg", "cupPrice": "$2.50 / 100g", "unit": "each", "packageSize": "170g", "barcode": ["47400666269"], "isAvailable": true, "locations": ["vic", "nsw", "qld", "wa", "sa", "tas", "nt", "act"]}, {"id": "w54748-4902430873420", "store": "woolworths", "name": "Gillette Sensor 3 Comfort Razors Pack", "brand": "Gillette", "price": 8, "orgPrice": 16, "categoryIds": ["health-beauty"], "imagePath": "https://cdn0.woolworths.media/content/wowproductimages/large/054748.jpg", "cupPrice": "$0.67 / 1ea", "unit": "each", "packageSize": "each", "barcode": ["4902430873420"], "isAvailable": true, "locations": ["vic", "nsw", "qld", "wa", "sa", "tas", "nt", "act"]}, {"id": "w53188-4902430873444", "store": "woolworths", "name": "Gillette Sensor3 Sensitive", "brand": "Gillette", "price": 3.25, "orgPrice": 6.5, "categoryIds": ["health-beauty"], "imagePath": "https://cdn0.woolworths.media/content/wowproductimages/large/053188.jpg", "cupPrice": "$0.81 / 1ea", "unit": "each", "packageSize": "4 pack", "barcode": ["4902430873444"], "isAvailable": true, "locations": ["vic", "nsw", "qld", "wa", "sa", "tas", "nt", "act"]}, {"id": "w54626-4902430873383", "store": "woolworths", "name": "Gillette Sensor3 Comfort Razor ", "brand": "Gillette", "price": 5.75, "orgPrice": 11.5, "categoryIds": ["health-beauty"], "imagePath": "https://cdn0.woolworths.media/content/wowproductimages/large/054626.jpg", "cupPrice": "$0.72 / 1ea", "unit": "each", "packageSize": "8 pack", "barcode": ["4902430873383"], "isAvailable": true, "locations": ["vic", "nsw", "qld", "wa", "sa", "tas", "nt", "act"]}, {"id": "w42926-3014260220051", "store": "woolworths", "name": "Gillette Series Shaving Gel Moisturising", "brand": "Gillette", "price": 3.1, "orgPrice": 6.2, "categoryIds": ["health-beauty"], "imagePath": "https://cdn0.woolworths.media/content/wowproductimages/large/042926.jpg", "cupPrice": "$1.59 / 100g", "unit": "each", "packageSize": "200ml", "barcode": ["3014260220051"], "isAvailable": true, "locations": ["vic", "nsw", "qld", "wa", "sa", "tas", "nt", "act"]}, {"id": "w5545-3014260113896", "store": "woolworths", "name": "Gillette Shaving Gel Sensitive Skin", "brand": "Gillette", "price": 3.1, "orgPrice": 6.2, "categoryIds": ["health-beauty"], "imagePath": "https://cdn0.woolworths.media/content/wowproductimages/large/005545.jpg", "cupPrice": "$1.58 / 100g", "unit": "each", "packageSize": "200ml", "barcode": ["3014260113896"], "isAvailable": true, "locations": ["vic", "nsw", "qld", "wa", "sa", "tas", "nt", "act"]}, {"id": "w56864-3600523749942", "store": "woolworths", "name": "L'or&eacute;al Paris Excellence Creme Hair Colour 1 Black", "brand": "L'or&eacute;al Paris", "price": 10, "orgPrice": 20, "categoryIds": ["health-beauty"], "imagePath": "https://cdn0.woolworths.media/content/wowproductimages/large/056864.jpg", "cupPrice": null, "unit": "each", "packageSize": "each", "barcode": ["3600523749942"], "isAvailable": true, "locations": ["vic", "nsw", "qld", "wa", "sa", "tas", "nt", "act"]}, {"id": "w61204-3600523749973", "store": "woolworths", "name": "L'or&eacute;al Paris Excellence Creme Hair Colour 10 Very Light Blonde", "brand": "L'or&eacute;al Paris", "price": 10, "orgPrice": 20, "categoryIds": ["health-beauty"], "imagePath": "https://cdn0.woolworths.media/content/wowproductimages/large/061204.jpg", "cupPrice": null, "unit": "each", "packageSize": "each", "barcode": ["3600523749973"], "isAvailable": true, "locations": ["vic", "nsw", "qld", "wa", "sa", "tas", "nt", "act"]}, {"id": "w61187-3600523750214", "store": "woolworths", "name": "L'or&eacute;al Paris Excellence Creme Hair Colour 2 Black Brown", "brand": "L'or&eacute;al Paris", "price": 10, "orgPrice": 20, "categoryIds": ["health-beauty"], "imagePath": "https://cdn0.woolworths.media/content/wowproductimages/large/061187.jpg", "cupPrice": null, "unit": "each", "packageSize": "each", "barcode": ["3600523750214"], "isAvailable": true, "locations": ["vic", "nsw", "qld", "wa", "sa", "tas", "nt", "act"]}, {"id": "w56865-3600523749966", "store": "woolworths", "name": "L'or&eacute;al Paris Excellence Creme Hair Colour 3 Darkest Brown", "brand": "L'or&eacute;al Paris", "price": 10, "orgPrice": 20, "categoryIds": ["health-beauty"], "imagePath": "https://cdn0.woolworths.media/content/wowproductimages/large/056865.jpg", "cupPrice": null, "unit": "each", "packageSize": "each", "barcode": ["3600523749966"], "isAvailable": true, "locations": ["vic", "nsw", "qld", "wa", "sa", "tas", "nt", "act"]}, {"id": "w61209-3600523750009", "store": "woolworths", "name": "L'or&eacute;al Paris Excellence Creme Hair Colour 4.15 Dark Frosted Brown", "brand": "L'or&eacute;al Paris", "price": 10, "orgPrice": 20, "categoryIds": ["health-beauty"], "imagePath": "https://cdn0.woolworths.media/content/wowproductimages/large/061209.jpg", "cupPrice": null, "unit": "each", "packageSize": "each", "barcode": ["3600523750009"], "isAvailable": true, "locations": ["vic", "nsw", "qld", "wa", "sa", "tas", "nt", "act"]}, {"id": "w61188-3600523749997", "store": "woolworths", "name": "L'or&eacute;al Paris Excellence Creme Hair Colour 4.3 Dark Golden Brown", "brand": "L'or&eacute;al Paris", "price": 10, "orgPrice": 20, "categoryIds": ["health-beauty"], "imagePath": "https://cdn0.woolworths.media/content/wowproductimages/large/061188.jpg", "cupPrice": null, "unit": "each", "packageSize": "each", "barcode": ["3600523749997"], "isAvailable": true, "locations": ["vic", "nsw", "qld", "wa", "sa", "tas", "nt", "act"]}, {"id": "w56868-3600523750016", "store": "woolworths", "name": "L'or&eacute;al Paris Excellence Creme Hair Colour 5 Brown", "brand": "L'or&eacute;al Paris", "price": 10, "orgPrice": 20, "categoryIds": ["health-beauty"], "imagePath": "https://cdn0.woolworths.media/content/wowproductimages/large/056868.jpg", "cupPrice": null, "unit": "each", "packageSize": "each", "barcode": ["3600523750016"], "isAvailable": true, "locations": ["vic", "nsw", "qld", "wa", "sa", "tas", "nt", "act"]}, {"id": "w61189-3600523750023", "store": "woolworths", "name": "L'or&eacute;al Paris Excellence Creme Hair Colour 5.15 Natural Frosted Brown", "brand": "L'or&eacute;al Paris", "price": 10, "orgPrice": 20, "categoryIds": ["health-beauty"], "imagePath": "https://cdn0.woolworths.media/content/wowproductimages/large/061189.jpg", "cupPrice": null, "unit": "each", "packageSize": "each", "barcode": ["3600523750023"], "isAvailable": true, "locations": ["vic", "nsw", "qld", "wa", "sa", "tas", "nt", "act"]}, {"id": "w56869-3600523750030", "store": "woolworths", "name": "L'or&eacute;al Paris Excellence Creme Hair Colour 5.3 Golden Brown", "brand": "L'or&eacute;al Paris", "price": 10, "orgPrice": 20, "categoryIds": ["health-beauty"], "imagePath": "https://cdn0.woolworths.media/content/wowproductimages/large/056869.jpg", "cupPrice": null, "unit": "each", "packageSize": "each", "barcode": ["3600523750030"], "isAvailable": true, "locations": ["vic", "nsw", "qld", "wa", "sa", "tas", "nt", "act"]}, {"id": "w56870-3600523750047", "store": "woolworths", "name": "L'or&eacute;al Paris Excellence Creme Hair Colour 5.5 Mahogany Brown", "brand": "L'or&eacute;al Paris", "price": 10, "orgPrice": 20, "categoryIds": ["health-beauty"], "imagePath": "https://cdn0.woolworths.media/content/wowproductimages/large/056870.jpg", "cupPrice": null, "unit": "each", "packageSize": "each", "barcode": ["3600523750047"], "isAvailable": true, "locations": ["vic", "nsw", "qld", "wa", "sa", "tas", "nt", "act"]}, {"id": "w61190-3600523750054", "store": "woolworths", "name": "L'or&eacute;al Paris Excellence Creme Hair Colour 5.6 Rich Auburn", "brand": "L'or&eacute;al Paris", "price": 10, "orgPrice": 20, "categoryIds": ["health-beauty"], "imagePath": "https://cdn0.woolworths.media/content/wowproductimages/large/061190.jpg", "cupPrice": null, "unit": "each", "packageSize": "each", "barcode": ["3600523750054"], "isAvailable": true, "locations": ["vic", "nsw", "qld", "wa", "sa", "tas", "nt", "act"]}, {"id": "w56871-3600523750061", "store": "woolworths", "name": "L'or&eacute;al Paris Excellence Creme Hair Colour 6 Light Brown", "brand": "L'or&eacute;al Paris", "price": 10, "orgPrice": 20, "categoryIds": ["health-beauty"], "imagePath": "https://cdn0.woolworths.media/content/wowproductimages/large/056871.jpg", "cupPrice": null, "unit": "each", "packageSize": "each", "barcode": ["3600523750061"], "isAvailable": true, "locations": ["vic", "nsw", "qld", "wa", "sa", "tas", "nt", "act"]}, {"id": "w57092-3600523750078", "store": "woolworths", "name": "L'or&eacute;al Paris Excellence Creme Hair Colour 6.1 Light Ash Brown", "brand": "L'or&eacute;al Paris", "price": 10, "orgPrice": 20, "categoryIds": ["health-beauty"], "imagePath": "https://cdn0.woolworths.media/content/wowproductimages/large/057092.jpg", "cupPrice": null, "unit": "each", "packageSize": "each", "barcode": ["3600523750078"], "isAvailable": true, "locations": ["vic", "nsw", "qld", "wa", "sa", "tas", "nt", "act"]}, {"id": "w61160-3600523750085", "store": "woolworths", "name": "L'or&eacute;al Paris Excellence Creme Hair Colour 6.3 Light Golden Brown", "brand": "L'or&eacute;al Paris", "price": 10, "orgPrice": 20, "categoryIds": ["health-beauty"], "imagePath": "https://cdn0.woolworths.media/content/wowproductimages/large/061160.jpg", "cupPrice": null, "unit": "each", "packageSize": "each", "barcode": ["3600523750085"], "isAvailable": true, "locations": ["vic", "nsw", "qld", "wa", "sa", "tas", "nt", "act"]}, {"id": "w61165-3600523750092", "store": "woolworths", "name": "L'or&eacute;al Paris Excellence Creme Hair Colour 6.54 Light Mahogany Brown", "brand": "L'or&eacute;al Paris", "price": 10, "orgPrice": 20, "categoryIds": ["health-beauty"], "imagePath": "https://cdn0.woolworths.media/content/wowproductimages/large/061165.jpg", "cupPrice": null, "unit": "each", "packageSize": "each", "barcode": ["3600523750092"], "isAvailable": true, "locations": ["vic", "nsw", "qld", "wa", "sa", "tas", "nt", "act"]}, {"id": "w61166-3600523750115", "store": "woolworths", "name": "L'or&eacute;al Paris Excellence Creme Hair Colour 7 Dark Blonde", "brand": "L'or&eacute;al Paris", "price": 10, "orgPrice": 20, "categoryIds": ["health-beauty"], "imagePath": "https://cdn0.woolworths.media/content/wowproductimages/large/061166.jpg", "cupPrice": null, "unit": "each", "packageSize": "each", "barcode": ["3600523750115"], "isAvailable": true, "locations": ["vic", "nsw", "qld", "wa", "sa", "tas", "nt", "act"]}, {"id": "w57093-3600523750122", "store": "woolworths", "name": "L'or&eacute;al Paris Excellence Creme Hair Colour 7.1 Dark Ash Blonde", "brand": "L'or&eacute;al Paris", "price": 10, "orgPrice": 20, "categoryIds": ["health-beauty"], "imagePath": "https://cdn0.woolworths.media/content/wowproductimages/large/057093.jpg", "cupPrice": null, "unit": "each", "packageSize": "each", "barcode": ["3600523750122"], "isAvailable": true, "locations": ["vic", "nsw", "qld", "wa", "sa", "tas", "nt", "act"]}, {"id": "w61167-3600523750139", "store": "woolworths", "name": "L'or&eacute;al Paris Excellence Creme Hair Colour 7.3 Dark Golden Blonde", "brand": "L'or&eacute;al Paris", "price": 10, "orgPrice": 20, "categoryIds": ["health-beauty"], "imagePath": "https://cdn0.woolworths.media/content/wowproductimages/large/061167.jpg", "cupPrice": null, "unit": "each", "packageSize": "each", "barcode": ["3600523750139"], "isAvailable": true, "locations": ["vic", "nsw", "qld", "wa", "sa", "tas", "nt", "act"]}, {"id": "w61168-3600523750146", "store": "woolworths", "name": "L'or&eacute;al Paris Excellence Creme Hair Colour 8 Blonde", "brand": "L'or&eacute;al Paris", "price": 10, "orgPrice": 20, "categoryIds": ["health-beauty"], "imagePath": "https://cdn0.woolworths.media/content/wowproductimages/large/061168.jpg", "cupPrice": null, "unit": "each", "packageSize": "each", "barcode": ["3600523750146"], "isAvailable": true, "locations": ["vic", "nsw", "qld", "wa", "sa", "tas", "nt", "act"]}, {"id": "w61185-3600523750153", "store": "woolworths", "name": "L'or&eacute;al Paris Excellence Creme Hair Colour 8.1 Ash Blonde", "brand": "L'or&eacute;al Paris", "price": 10, "orgPrice": 20, "categoryIds": ["health-beauty"], "imagePath": "https://cdn0.woolworths.media/content/wowproductimages/large/061185.jpg", "cupPrice": null, "unit": "each", "packageSize": "each", "barcode": ["3600523750153"], "isAvailable": true, "locations": ["vic", "nsw", "qld", "wa", "sa", "tas", "nt", "act"]}, {"id": "w61170-3600523750160", "store": "woolworths", "name": "L'or&eacute;al Paris Excellence Creme Hair Colour 8.3 Golden Blonde", "brand": "L'or&eacute;al Paris", "price": 10, "orgPrice": 20, "categoryIds": ["health-beauty"], "imagePath": "https://cdn0.woolworths.media/content/wowproductimages/large/061170.jpg", "cupPrice": null, "unit": "each", "packageSize": "each", "barcode": ["3600523750160"], "isAvailable": true, "locations": ["vic", "nsw", "qld", "wa", "sa", "tas", "nt", "act"]}, {"id": "w57094-3600523750177", "store": "woolworths", "name": "L'or&eacute;al Paris Excellence Creme Hair Colour 9 Light Blonde", "brand": "L'or&eacute;al Paris", "price": 10, "orgPrice": 20, "categoryIds": ["health-beauty"], "imagePath": "https://cdn0.woolworths.media/content/wowproductimages/large/057094.jpg", "cupPrice": null, "unit": "each", "packageSize": "each", "barcode": ["3600523750177"], "isAvailable": true, "locations": ["vic", "nsw", "qld", "wa", "sa", "tas", "nt", "act"]}, {"id": "w61186-3600523750184", "store": "woolworths", "name": "L'or&eacute;al Paris Excellence Creme Hair Colour 9.1 Light Ash Brown", "brand": "L'or&eacute;al Paris", "price": 10, "orgPrice": 20, "categoryIds": ["health-beauty"], "imagePath": "https://cdn0.woolworths.media/content/wowproductimages/large/061186.jpg", "cupPrice": null, "unit": "each", "packageSize": "each", "barcode": ["3600523750184"], "isAvailable": true, "locations": ["vic", "nsw", "qld", "wa", "sa", "tas", "nt", "act"]}, {"id": "w61203-3600523750191", "store": "woolworths", "name": "L'or&eacute;al Paris Excellence Creme Hair Colour 9.3 Light Golden Blonde", "brand": "L'or&eacute;al Paris", "price": 10, "orgPrice": 20, "categoryIds": ["health-beauty"], "imagePath": "https://cdn0.woolworths.media/content/wowproductimages/large/061203.jpg", "cupPrice": null, "unit": "each", "packageSize": "each", "barcode": ["3600523750191"], "isAvailable": true, "locations": ["vic", "nsw", "qld", "wa", "sa", "tas", "nt", "act"]}, {"id": "w40525-9344329172262", "store": "woolworths", "name": "L'or&eacute;al Paris False Lash Superstar Mascara", "brand": "L'or&eacute;al Paris", "price": 14.5, "orgPrice": 29, "categoryIds": ["health-beauty"], "imagePath": "https://cdn0.woolworths.media/content/wowproductimages/large/040525.jpg", "cupPrice": "$11.15 / 10ml", "unit": "each", "packageSize": "13ml", "barcode": ["9344329172262"], "isAvailable": true, "locations": ["vic", "nsw", "qld", "wa", "sa", "tas", "nt", "act"]}, {"id": "w187658-9312825697251", "store": "woolworths", "name": "L'oreal Age Perfect Face Cream At Night", "brand": "L'oreal", "price": 16.5, "orgPrice": 33, "categoryIds": ["health-beauty"], "imagePath": "https://cdn0.woolworths.media/content/wowproductimages/large/187658.jpg", "cupPrice": "$33.00 / 100ml", "unit": "each", "packageSize": "50ml", "barcode": ["9312825697251"], "isAvailable": true, "locations": ["vic", "nsw", "qld", "wa", "sa", "tas", "nt", "act"]}, {"id": "w381577-3600522029946", "store": "woolworths", "name": "L'oreal Age Perfect Face Cream Day Intense Nutrition", "brand": "L'oreal", "price": 17.5, "orgPrice": 35, "categoryIds": ["health-beauty"], "imagePath": "https://cdn0.woolworths.media/content/wowproductimages/large/381577.jpg", "cupPrice": "$35.00 / 100ml", "unit": "each", "packageSize": "50ml", "barcode": ["3600522029946"], "isAvailable": true, "locations": ["vic", "nsw", "qld", "wa", "sa", "tas", "nt", "act"]}, {"id": "w188343-9312825697220", "store": "woolworths", "name": "L'oreal Age Perfect Face Cream For Day", "brand": "L'oreal", "price": 16.5, "orgPrice": 33, "categoryIds": ["health-beauty"], "imagePath": "https://cdn0.woolworths.media/content/wowproductimages/large/188343.jpg", "cupPrice": "$33.00 / 100ml", "unit": "each", "packageSize": "50ml", "barcode": ["9312825697220"], "isAvailable": true, "locations": ["vic", "nsw", "qld", "wa", "sa", "tas", "nt", "act"]}, {"id": "w381581-3600521992111", "store": "woolworths", "name": "L'oreal Age Perfect Face Cream Intense Nutrition Night Moist", "brand": "L'oreal", "price": 17.5, "orgPrice": 35, "categoryIds": ["health-beauty"], "imagePath": "https://cdn0.woolworths.media/content/wowproductimages/large/381581.jpg", "cupPrice": "$35.00 / 100ml", "unit": "each", "packageSize": "50ml", "barcode": ["3600521992111"], "isAvailable": true, "locations": ["vic", "nsw", "qld", "wa", "sa", "tas", "nt", "act"]}, {"id": "w370865-71249051702", "store": "woolworths", "name": "L'oreal Age Perfect Face Cream With Spf15+", "brand": "L'oreal", "price": 18.5, "orgPrice": 37, "categoryIds": ["health-beauty"], "imagePath": "https://cdn0.woolworths.media/content/wowproductimages/large/370865.jpg", "cupPrice": "$26.43 / 100ml", "unit": "each", "packageSize": "70ml", "barcode": ["71249051702"], "isAvailable": true, "locations": ["vic", "nsw", "qld", "wa", "sa", "tas", "nt", "act"]}, {"id": "w646941-3600523352852", "store": "woolworths", "name": "L'oreal Brow Artist Xpert Cool Brown", "brand": "L'oreal", "price": 10, "orgPrice": 20, "categoryIds": ["health-beauty"], "imagePath": "https://cdn0.woolworths.media/content/wowproductimages/large/646941.jpg", "cupPrice": "$33.33 / 10g", "unit": "each", "packageSize": "each", "barcode": ["3600523352852"], "isAvailable": true, "locations": ["vic", "nsw", "qld", "wa", "sa", "tas", "nt", "act"]}, {"id": "w646942-3600523352876", "store": "woolworths", "name": "L'oreal Brow Artist Xpert Ebony", "brand": "L'oreal", "price": 10, "orgPrice": 20, "categoryIds": ["health-beauty"], "imagePath": "https://cdn0.woolworths.media/content/wowproductimages/large/646942.jpg", "cupPrice": "$33.33 / 10g", "unit": "each", "packageSize": "each", "barcode": ["3600523352876"], "isAvailable": true, "locations": ["vic", "nsw", "qld", "wa", "sa", "tas", "nt", "act"]}, {"id": "w676521-3600523516933", "store": "woolworths", "name": "L'oreal Clay Mask Marine Algae", "brand": "L'oreal", "price": 10, "orgPrice": 20, "categoryIds": ["health-beauty"], "imagePath": "https://cdn0.woolworths.media/content/wowproductimages/large/676521.jpg", "cupPrice": "$20.00 / 100ml", "unit": "each", "packageSize": "50ml", "barcode": ["3600523516933"], "isAvailable": true, "locations": ["vic", "nsw", "qld", "wa", "sa", "tas", "nt", "act"]}, {"id": "w95831-9344329212364", "store": "woolworths", "name": "L'oreal Color Riche 303 Rose Tendre ", "brand": "L'oreal", "price": 11, "orgPrice": 22, "categoryIds": ["health-beauty"], "imagePath": "https://cdn0.woolworths.media/content/wowproductimages/large/095831.jpg", "cupPrice": "$22.00 / 10ml", "unit": "each", "packageSize": "5ml", "barcode": ["9344329212364"], "isAvailable": true, "locations": ["vic", "nsw", "qld", "wa", "sa", "tas", "nt", "act"]}, {"id": "w312359-3600521392539", "store": "woolworths", "name": "L'oreal De Age Perfect Toner Toner", "brand": "L'oreal", "price": 7.5, "orgPrice": 15, "categoryIds": ["health-beauty"], "imagePath": "https://cdn0.woolworths.media/content/wowproductimages/large/312359.jpg", "cupPrice": "$3.75 / 100ml", "unit": "each", "packageSize": "200ml", "barcode": ["3600521392539"], "isAvailable": true, "locations": ["vic", "nsw", "qld", "wa", "sa", "tas", "nt", "act"]}, {"id": "w191788-9312825697374", "store": "woolworths", "name": "L'oreal Dermo Expert Waterproof Eye Makeup Remover", "brand": "L'oreal", "price": 6.99, "orgPrice": 13.99, "categoryIds": ["health-beauty"], "imagePath": "https://cdn0.woolworths.media/content/wowproductimages/large/191788.jpg", "cupPrice": "$5.59 / 100ml", "unit": "each", "packageSize": "125ml", "barcode": ["9312825697374"], "isAvailable": true, "locations": ["vic", "nsw", "qld", "wa", "sa", "tas", "nt", "act"]}, {"id": "w52867-3600523817078", "store": "woolworths", "name": "L'oreal Elvive Dream Lengths Cream", "brand": "L'oreal", "price": 6, "orgPrice": 12, "categoryIds": ["health-beauty"], "imagePath": "https://cdn0.woolworths.media/content/wowproductimages/large/052867.jpg", "cupPrice": "$3.00 / 100ml", "unit": "each", "packageSize": "200ml", "barcode": ["3600523817078"], "isAvailable": true, "locations": ["vic", "nsw", "qld", "wa", "sa", "tas", "nt", "act"]}, {"id": "w687098-6923700909777", "store": "woolworths", "name": "L'oreal Extraordinary Oil ", "brand": "L'oreal", "price": 4.95, "orgPrice": 10, "categoryIds": ["health-beauty"], "imagePath": "https://cdn0.woolworths.media/content/wowproductimages/large/687098.jpg", "cupPrice": "$16.50 / 100ml", "unit": "each", "packageSize": "30ml", "barcode": ["6923700909777"], "isAvailable": true, "locations": ["vic", "nsw", "qld", "wa", "sa", "tas", "nt", "act"]}, {"id": "w230033-3600520548685", "store": "woolworths", "name": "L'oreal Face Care Men Expert Vita Lift 5", "brand": "L'oreal", "price": 10.5, "orgPrice": 21, "categoryIds": ["health-beauty"], "imagePath": "https://cdn0.woolworths.media/content/wowproductimages/large/230033.jpg", "cupPrice": "$21.00 / 100ml", "unit": "each", "packageSize": "50ml", "barcode": ["3600520548685"], "isAvailable": true, "locations": ["vic", "nsw", "qld", "wa", "sa", "tas", "nt", "act"]}, {"id": "w28414-9344329185958", "store": "woolworths", "name": "L'oreal Glow Mon Amour Highlighting Drops", "brand": "L'oreal", "price": 15, "orgPrice": 30, "categoryIds": ["health-beauty"], "imagePath": "https://cdn0.woolworths.media/content/wowproductimages/large/028414.jpg", "cupPrice": "$10.00 / 10ml", "unit": "each", "packageSize": "15ml", "barcode": ["9344329185958"], "isAvailable": true, "locations": ["vic", "nsw", "qld", "wa", "sa", "tas", "nt", "act"]}, {"id": "w378909-3600521566145", "store": "woolworths", "name": "L'oreal Hair Spray Elnett Supreme Volume Hold", "brand": "L'oreal", "price": 5.5, "orgPrice": 11, "categoryIds": ["health-beauty"], "imagePath": "https://cdn0.woolworths.media/content/wowproductimages/large/378909.jpg", "cupPrice": "$1.38 / 100ml", "unit": "each", "packageSize": "400ml", "barcode": ["3600521566145"], "isAvailable": true, "locations": ["vic", "nsw", "qld", "wa", "sa", "tas", "nt", "act"]}, {"id": "w79901-9344329185996", "store": "woolworths", "name": "L'oreal Infallable More Than Concealer 322 Ivory", "brand": "L'oreal", "price": 15, "orgPrice": 30, "categoryIds": ["health-beauty"], "imagePath": "https://cdn0.woolworths.media/content/wowproductimages/large/079901.jpg", "cupPrice": "$13.64 / 10ml", "unit": "each", "packageSize": "11ml", "barcode": ["9344329185996"], "isAvailable": true, "locations": ["vic", "nsw", "qld", "wa", "sa", "tas", "nt", "act"]}, {"id": "w80112-9344329186030", "store": "woolworths", "name": "L'oreal Infallable More Than Concealer 326 Vanilla", "brand": "L'oreal", "price": 15, "orgPrice": 30, "categoryIds": ["health-beauty"], "imagePath": "https://cdn0.woolworths.media/content/wowproductimages/large/080112.jpg", "cupPrice": "$13.64 / 10ml", "unit": "each", "packageSize": "11ml", "barcode": ["9344329186030"], "isAvailable": true, "locations": ["vic", "nsw", "qld", "wa", "sa", "tas", "nt", "act"]}, {"id": "w79976-9344329186054", "store": "woolworths", "name": "L'oreal Infallable More Than Concealer 328 Biscuit", "brand": "L'oreal", "price": 15, "orgPrice": 30, "categoryIds": ["health-beauty"], "imagePath": "https://cdn0.woolworths.media/content/wowproductimages/large/079976.jpg", "cupPrice": "$13.64 / 10ml", "unit": "each", "packageSize": "11ml", "barcode": ["9344329186054"], "isAvailable": true, "locations": ["vic", "nsw", "qld", "wa", "sa", "tas", "nt", "act"]}, {"id": "w27588-9344329170701", "store": "woolworths", "name": "L'oreal Infallible 24hr Lipstick ", "brand": "L'oreal", "price": 15, "orgPrice": 30, "categoryIds": ["health-beauty"], "imagePath": "https://cdn0.woolworths.media/content/wowproductimages/large/027588.jpg", "cupPrice": "$45.45 / 10g", "unit": "each", "packageSize": "3.3g", "barcode": ["9344329170701"], "isAvailable": true, "locations": ["vic", "nsw", "qld", "wa", "sa", "tas", "nt", "act"]}, {"id": "w100753-9344329202334", "store": "woolworths", "name": "L'oreal Infallible Matte Foundation 145 Rose Beige", "brand": "L'oreal", "price": 15, "orgPrice": 30, "categoryIds": ["health-beauty"], "imagePath": "https://cdn0.woolworths.media/content/wowproductimages/large/100753.jpg", "cupPrice": "$5.00 / 10ml", "unit": "each", "packageSize": "30ml", "barcode": ["9344329202334"], "isAvailable": true, "locations": ["vic", "nsw", "qld", "wa", "sa", "tas", "nt", "act"]}, {"id": "w100139-9344329202358", "store": "woolworths", "name": "L'oreal Infallible Matte Foundation 175 Sand", "brand": "L'oreal", "price": 15, "orgPrice": 30, "categoryIds": ["health-beauty"], "imagePath": "https://cdn0.woolworths.media/content/wowproductimages/large/100139.jpg", "cupPrice": "$5.00 / 10ml", "unit": "each", "packageSize": "30ml", "barcode": ["9344329202358"], "isAvailable": true, "locations": ["vic", "nsw", "qld", "wa", "sa", "tas", "nt", "act"]}, {"id": "w97125-9344329202372", "store": "woolworths", "name": "L'oreal Infallible Matte Foundation 200 Golden Sand", "brand": "L'oreal", "price": 15, "orgPrice": 30, "categoryIds": ["health-beauty"], "imagePath": "https://cdn0.woolworths.media/content/wowproductimages/large/097125.jpg", "cupPrice": "$5.00 / 10ml", "unit": "each", "packageSize": "30ml", "barcode": ["9344329202372"], "isAvailable": true, "locations": ["vic", "nsw", "qld", "wa", "sa", "tas", "nt", "act"]}, {"id": "w97104-9344329202396", "store": "woolworths", "name": "L'oreal Infallible Matte Foundation 290 Golden Amber", "brand": "L'oreal", "price": 15, "orgPrice": 30, "categoryIds": ["health-beauty"], "imagePath": "https://cdn0.woolworths.media/content/wowproductimages/large/097104.jpg", "cupPrice": "$5.00 / 10ml", "unit": "each", "packageSize": "30ml", "barcode": ["9344329202396"], "isAvailable": true, "locations": ["vic", "nsw", "qld", "wa", "sa", "tas", "nt", "act"]}, {"id": "w25158-9344329184630", "store": "woolworths", "name": "L'oreal La Petite Palette Eyeshadow Nudist", "brand": "L'oreal", "price": 12.5, "orgPrice": 25, "categoryIds": ["health-beauty"], "imagePath": "https://cdn0.woolworths.media/content/wowproductimages/large/025158.jpg", "cupPrice": "$31.25 / 10g", "unit": "each", "packageSize": "4g", "barcode": ["9344329184630"], "isAvailable": true, "locations": ["vic", "nsw", "qld", "wa", "sa", "tas", "nt", "act"]}, {"id": "w28503-9344329186757", "store": "woolworths", "name": "L'oreal La Terra 01 Portofino", "brand": "L'oreal", "price": 15, "orgPrice": 30, "categoryIds": ["health-beauty"], "imagePath": "https://cdn0.woolworths.media/content/wowproductimages/large/028503.jpg", "cupPrice": "$8.33 / 10g", "unit": "each", "packageSize": "18g", "barcode": ["9344329186757"], "isAvailable": true, "locations": ["vic", "nsw", "qld", "wa", "sa", "tas", "nt", "act"]}, {"id": "w99380-9344329210834", "store": "woolworths", "name": "L'oreal Lash Paradise Mascara Intense Black", "brand": "L'oreal", "price": 12.5, "orgPrice": 25, "categoryIds": ["health-beauty"], "imagePath": "https://cdn0.woolworths.media/content/wowproductimages/large/099380.jpg", "cupPrice": "$19.53 / 10ml", "unit": "each", "packageSize": "6.4ml", "barcode": ["9344329210834"], "isAvailable": true, "locations": ["vic", "nsw", "qld", "wa", "sa", "tas", "nt", "act"]}, {"id": "w27609-9344329186733", "store": "woolworths", "name": "L'oreal Life's A Peach Blush ", "brand": "L'oreal", "price": 15, "orgPrice": 30, "categoryIds": ["health-beauty"], "imagePath": "https://cdn0.woolworths.media/content/wowproductimages/large/027609.jpg", "cupPrice": "$21.43 / 10g", "unit": "each", "packageSize": "7g", "barcode": ["9344329186733"], "isAvailable": true, "locations": ["vic", "nsw", "qld", "wa", "sa", "tas", "nt", "act"]}, {"id": "w62171-3600523654352", "store": "woolworths", "name": "L'oreal Magic Retouch Precision Brush 1 Black", "brand": "L'oreal", "price": 8.95, "orgPrice": 18, "categoryIds": ["health-beauty"], "imagePath": "https://cdn0.woolworths.media/content/wowproductimages/large/062171.jpg", "cupPrice": "$111.88 / 100ml", "unit": "each", "packageSize": "each", "barcode": ["3600523654352"], "isAvailable": true, "locations": ["vic", "nsw", "qld", "wa", "sa", "tas", "nt", "act"]}, {"id": "w52868-3600523654345", "store": "woolworths", "name": "L'oreal Magic Retouch Precision Brush 2 Dark Brown", "brand": "L'oreal", "price": 8.95, "orgPrice": 18, "categoryIds": ["health-beauty"], "imagePath": "https://cdn0.woolworths.media/content/wowproductimages/large/052868.jpg", "cupPrice": "$111.88 / 100ml", "unit": "each", "packageSize": "each", "barcode": ["3600523654345"], "isAvailable": true, "locations": ["vic", "nsw", "qld", "wa", "sa", "tas", "nt", "act"]}, {"id": "w52870-3600523654338", "store": "woolworths", "name": "L'oreal Magic Retouch Precision Brush 3 Brown", "brand": "L'oreal", "price": 8.95, "orgPrice": 18, "categoryIds": ["health-beauty"], "imagePath": "https://cdn0.woolworths.media/content/wowproductimages/large/052870.jpg", "cupPrice": "$111.88 / 100ml", "unit": "each", "packageSize": "each", "barcode": ["3600523654338"], "isAvailable": true, "locations": ["vic", "nsw", "qld", "wa", "sa", "tas", "nt", "act"]}, {"id": "w62177-3600523654321", "store": "woolworths", "name": "L'oreal Magic Retouch Precision Brush 4 Light Brown", "brand": "L'oreal", "price": 8.95, "orgPrice": 18, "categoryIds": ["health-beauty"], "imagePath": "https://cdn0.woolworths.media/content/wowproductimages/large/062177.jpg", "cupPrice": "$111.88 / 100ml", "unit": "each", "packageSize": "each", "barcode": ["3600523654321"], "isAvailable": true, "locations": ["vic", "nsw", "qld", "wa", "sa", "tas", "nt", "act"]}, {"id": "w62203-3600523654314", "store": "woolworths", "name": "L'oreal Magic Retouch Precision Brush 5 Blonde", "brand": "L'oreal", "price": 8.95, "orgPrice": 18, "categoryIds": ["health-beauty"], "imagePath": "https://cdn0.woolworths.media/content/wowproductimages/large/062203.jpg", "cupPrice": "$111.88 / 100ml", "unit": "each", "packageSize": "each", "barcode": ["3600523654314"], "isAvailable": true, "locations": ["vic", "nsw", "qld", "wa", "sa", "tas", "nt", "act"]}, {"id": "w820057-3600523735860", "store": "woolworths", "name": "L'oreal Magic Retouch Precision Brush 7.3 Medium To Dark Blonde", "brand": "L'oreal", "price": 7.95, "orgPrice": 15.95, "categoryIds": ["health-beauty"], "imagePath": "https://cdn0.woolworths.media/content/wowproductimages/large/820057.jpg", "cupPrice": "$10.60 / 100ml", "unit": "each", "packageSize": "each", "barcode": ["3600523735860"], "isAvailable": true, "locations": ["vic", "nsw", "qld", "wa", "sa", "tas", "nt", "act"]}, {"id": "w820056-3600523735853", "store": "woolworths", "name": "L'oreal Magic Retouch Precision Spray 9.3 Light Blonde", "brand": "L'oreal", "price": 7.95, "orgPrice": 15.95, "categoryIds": ["health-beauty"], "imagePath": "https://cdn0.woolworths.media/content/wowproductimages/large/820056.jpg", "cupPrice": "$10.60 / 100ml", "unit": "each", "packageSize": "each", "barcode": ["3600523735853"], "isAvailable": true, "locations": ["vic", "nsw", "qld", "wa", "sa", "tas", "nt", "act"]}, {"id": "w687688-3600523583157", "store": "woolworths", "name": "L'oreal Men Expert Barber Club 3-in-1 Wash", "brand": "L'oreal", "price": 10, "orgPrice": 20, "categoryIds": ["health-beauty"], "imagePath": "https://cdn0.woolworths.media/content/wowproductimages/large/687688.jpg", "cupPrice": "$5.00 / 100ml", "unit": "each", "packageSize": "200ml", "barcode": ["3600523583157"], "isAvailable": true, "locations": ["vic", "nsw", "qld", "wa", "sa", "tas", "nt", "act"]}, {"id": "w87850-30177710", "store": "woolworths", "name": "L'oreal Men Expert Barber Club Matte Molding Clay Medium Hold", "brand": "L'oreal", "price": 7.5, "orgPrice": 15, "categoryIds": ["health-beauty"], "imagePath": "https://cdn0.woolworths.media/content/wowproductimages/large/087850.jpg", "cupPrice": "$10.00 / 100ml", "unit": "each", "packageSize": "75ml", "barcode": ["30177710"], "isAvailable": true, "locations": ["vic", "nsw", "qld", "wa", "sa", "tas", "nt", "act"]}, {"id": "w88633-30177772", "store": "woolworths", "name": "L'oreal Men Expert Barber Club Slick Fixing Pomade Strong Hold", "brand": "L'oreal", "price": 7.5, "orgPrice": 15, "categoryIds": ["health-beauty"], "imagePath": "https://cdn0.woolworths.media/content/wowproductimages/large/088633.jpg", "cupPrice": "$10.00 / 100ml", "unit": "each", "packageSize": "75ml", "barcode": ["30177772"], "isAvailable": true, "locations": ["vic", "nsw", "qld", "wa", "sa", "tas", "nt", "act"]}, {"id": "w687981-3600523535989", "store": "woolworths", "name": "L'oreal Men Expert Carbon Shower Gel Total Action", "brand": "L'oreal", "price": 3, "orgPrice": 6, "categoryIds": ["health-beauty"], "imagePath": "https://cdn0.woolworths.media/content/wowproductimages/large/687981.jpg", "cupPrice": "$1.00 / 100ml", "unit": "each", "packageSize": "300ml", "barcode": ["3600523535989"], "isAvailable": true, "locations": ["vic", "nsw", "qld", "wa", "sa", "tas", "nt", "act"]}, {"id": "w230026-3600520297866", "store": "woolworths", "name": "L'oreal Men Expert Hydra Energetic 24 Hour Moisturiser", "brand": "L'oreal", "price": 8, "orgPrice": 16, "categoryIds": ["health-beauty"], "imagePath": "https://cdn0.woolworths.media/content/wowproductimages/large/230026.jpg", "cupPrice": "$16.00 / 100ml", "unit": "each", "packageSize": "50ml", "barcode": ["3600520297866"], "isAvailable": true, "locations": ["vic", "nsw", "qld", "wa", "sa", "tas", "nt", "act"]}, {"id": "w829294-3600522747161", "store": "woolworths", "name": "L'oreal Men Expert Hydra Energetic All-in-one Moisturiser", "brand": "L'oreal", "price": 5, "orgPrice": 10, "categoryIds": ["health-beauty"], "imagePath": "https://cdn0.woolworths.media/content/wowproductimages/large/829294.jpg", "cupPrice": "$6.67 / 100ml", "unit": "each", "packageSize": "75ml", "barcode": ["3600522747161"], "isAvailable": true, "locations": ["vic", "nsw", "qld", "wa", "sa", "tas", "nt", "act"]}, {"id": "w57665-3600523737987", "store": "woolworths", "name": "L'oreal Men Expert Hydra Energetic Face Wash", "brand": "L'oreal", "price": 5, "orgPrice": 10, "categoryIds": ["health-beauty"], "imagePath": "https://cdn0.woolworths.media/content/wowproductimages/large/057665.jpg", "cupPrice": "$5.00 / 100ml", "unit": "each", "packageSize": "100ml", "barcode": ["3600523737987"], "isAvailable": true, "locations": ["vic", "nsw", "qld", "wa", "sa", "tas", "nt", "act"]}, {"id": "w82259-3600523535972", "store": "woolworths", "name": "L'oreal Men Expert Hydra Energetic Taurine Shower", "brand": "L'oreal", "price": 3, "orgPrice": 6, "categoryIds": ["health-beauty"], "imagePath": "https://cdn0.woolworths.media/content/wowproductimages/large/082259.jpg", "cupPrice": "$1.00 / 100ml", "unit": "each", "packageSize": "300ml", "barcode": ["3600523535972"], "isAvailable": true, "locations": ["vic", "nsw", "qld", "wa", "sa", "tas", "nt", "act"]}, {"id": "w88594-3600523817566", "store": "woolworths", "name": "L'oreal Men Expert Invincible Sport Shower Gel", "brand": "L'oreal", "price": 3, "orgPrice": 6, "categoryIds": ["health-beauty"], "imagePath": "https://cdn0.woolworths.media/content/wowproductimages/large/088594.jpg", "cupPrice": "$1.00 / 100ml", "unit": "each", "packageSize": "300ml", "barcode": ["3600523817566"], "isAvailable": true, "locations": ["vic", "nsw", "qld", "wa", "sa", "tas", "nt", "act"]}, {"id": "w53351-3600523708109", "store": "woolworths", "name": "L'oreal Men Expert Pure Charcoal Scrub ", "brand": "L'oreal", "price": 5, "orgPrice": 10, "categoryIds": ["health-beauty"], "imagePath": "https://cdn0.woolworths.media/content/wowproductimages/large/053351.jpg", "cupPrice": "$5.00 / 100ml", "unit": "each", "packageSize": "100ml", "barcode": ["3600523708109"], "isAvailable": true, "locations": ["vic", "nsw", "qld", "wa", "sa", "tas", "nt", "act"]}, {"id": "w53385-3600523708017", "store": "woolworths", "name": "L'oreal Men Expert Pure Charcoal Wash ", "brand": "L'oreal", "price": 5, "orgPrice": 10, "categoryIds": ["health-beauty"], "imagePath": "https://cdn0.woolworths.media/content/wowproductimages/large/053385.jpg", "cupPrice": "$5.00 / 100ml", "unit": "each", "packageSize": "100ml", "barcode": ["3600523708017"], "isAvailable": true, "locations": ["vic", "nsw", "qld", "wa", "sa", "tas", "nt", "act"]}, {"id": "w329560-3600521606339", "store": "woolworths", "name": "L'oreal Men Expert Shave Gel Hydra Sensitive", "brand": "L'oreal", "price": 3.5, "orgPrice": 7, "categoryIds": ["health-beauty"], "imagePath": "https://cdn0.woolworths.media/content/wowproductimages/large/329560.jpg", "cupPrice": "$1.75 / 100ml", "unit": "each", "packageSize": "200ml", "barcode": ["3600521606339"], "isAvailable": true, "locations": ["vic", "nsw", "qld", "wa", "sa", "tas", "nt", "act"]}, {"id": "w40528-9344329172187", "store": "woolworths", "name": "L'oreal Paradise Extatic Mascara Black", "brand": "L'oreal", "price": 12.5, "orgPrice": 25, "categoryIds": ["health-beauty"], "imagePath": "https://cdn0.woolworths.media/content/wowproductimages/large/040528.jpg", "cupPrice": "$19.53 / 10ml", "unit": "each", "packageSize": "each", "barcode": ["9344329172187"], "isAvailable": true, "locations": ["vic", "nsw", "qld", "wa", "sa", "tas", "nt", "act"]}, {"id": "w40529-9344329170886", "store": "woolworths", "name": "L'oreal Paradise Extatic Mascara Black", "brand": "L'oreal", "price": 12.5, "orgPrice": 25, "categoryIds": ["health-beauty"], "imagePath": "https://cdn0.woolworths.media/content/wowproductimages/large/040529.jpg", "cupPrice": "$19.53 / 10ml", "unit": "each", "packageSize": "each", "barcode": ["9344329170886"], "isAvailable": true, "locations": ["vic", "nsw", "qld", "wa", "sa", "tas", "nt", "act"]}, {"id": "w698642-3600523451142", "store": "woolworths", "name": "L'oreal Paris Age Perfect Beautifying Colour Care Beige", "brand": "L'oreal", "price": 8.75, "orgPrice": 17.5, "categoryIds": ["health-beauty"], "imagePath": "https://cdn0.woolworths.media/content/wowproductimages/large/698642.jpg", "cupPrice": null, "unit": "each", "packageSize": "80ml", "barcode": ["3600523451142"], "isAvailable": true, "locations": ["vic", "nsw", "qld", "wa", "sa", "tas", "nt", "act"]}, {"id": "w683514-3600523451166", "store": "woolworths", "name": "L'oreal Paris Age Perfect Beautifying Colour Care Chestnut", "brand": "L'oreal", "price": 8.75, "orgPrice": 17.5, "categoryIds": ["health-beauty"], "imagePath": "https://cdn0.woolworths.media/content/wowproductimages/large/683514.jpg", "cupPrice": null, "unit": "each", "packageSize": "80ml", "barcode": ["3600523451166"], "isAvailable": true, "locations": ["vic", "nsw", "qld", "wa", "sa", "tas", "nt", "act"]}, {"id": "w683515-3600523451173", "store": "woolworths", "name": "L'oreal Paris Age Perfect Beautifying Colour Care Pearl", "brand": "L'oreal", "price": 8.75, "orgPrice": 17.5, "categoryIds": ["health-beauty"], "imagePath": "https://cdn0.woolworths.media/content/wowproductimages/large/683515.jpg", "cupPrice": null, "unit": "each", "packageSize": "80ml", "barcode": ["3600523451173"], "isAvailable": true, "locations": ["vic", "nsw", "qld", "wa", "sa", "tas", "nt", "act"]}, {"id": "w683513-3600523451159", "store": "woolworths", "name": "L'oreal Paris Age Perfect Beautifying Colour Care Warm Gold", "brand": "L'oreal", "price": 8.75, "orgPrice": 17.5, "categoryIds": ["health-beauty"], "imagePath": "https://cdn0.woolworths.media/content/wowproductimages/large/683513.jpg", "cupPrice": null, "unit": "each", "packageSize": "80ml", "barcode": ["3600523451159"], "isAvailable": true, "locations": ["vic", "nsw", "qld", "wa", "sa", "tas", "nt", "act"]}, {"id": "w699567-3600523216499", "store": "woolworths", "name": "L'oreal Paris Age Perfect Rosy Day Spf 15", "brand": "L'oreal", "price": 19.5, "orgPrice": 39, "categoryIds": ["health-beauty"], "imagePath": "https://cdn0.woolworths.media/content/wowproductimages/large/699567.jpg", "cupPrice": "$39.00 / 100ml", "unit": "each", "packageSize": "50ml", "barcode": ["3600523216499"], "isAvailable": true, "locations": ["vic", "nsw", "qld", "wa", "sa", "tas", "nt", "act"]}, {"id": "w752990-6946537035242", "store": "woolworths", "name": "L'oreal Paris Base Magique Smoothing Primer", "brand": "L'oreal", "price": 15, "orgPrice": 30, "categoryIds": ["health-beauty"], "imagePath": "https://cdn0.woolworths.media/content/wowproductimages/large/752990.jpg", "cupPrice": "$10.00 / 10ml", "unit": "each", "packageSize": "15ml", "barcode": ["6946537035242"], "isAvailable": true, "locations": ["vic", "nsw", "qld", "wa", "sa", "tas", "nt", "act"]}, {"id": "w752953-3600521627365", "store": "woolworths", "name": "L'oreal Paris Blush True Match 120 Sandalwood", "brand": "L'oreal", "price": 13, "orgPrice": 26, "categoryIds": ["health-beauty"], "imagePath": "https://cdn0.woolworths.media/content/wowproductimages/large/752953.jpg", "cupPrice": "$26.00 / 10g", "unit": "each", "packageSize": "5g", "barcode": ["3600521627365"], "isAvailable": true, "locations": ["vic", "nsw", "qld", "wa", "sa", "tas", "nt", "act"]}, {"id": "w818487-9344329170909", "store": "woolworths", "name": "L'oreal Paris Brow Artist Xpert Cool Blonde", "brand": "L'oreal", "price": 10, "orgPrice": 20, "categoryIds": ["health-beauty"], "imagePath": "https://cdn0.woolworths.media/content/wowproductimages/large/818487.jpg", "cupPrice": "$10.42 / 10g", "unit": "each", "packageSize": "9.6g", "barcode": ["9344329170909"], "isAvailable": true, "locations": ["vic", "nsw", "qld", "wa", "sa", "tas", "nt", "act"]}, {"id": "w260437-3600521078402", "store": "woolworths", "name": "L'oreal Paris Casting Creme Gloss 200 Ebony Black", "brand": "L'oreal", "price": 8, "orgPrice": 16, "categoryIds": ["health-beauty"], "imagePath": "https://cdn0.woolworths.media/content/wowproductimages/large/260437.jpg", "cupPrice": null, "unit": "each", "packageSize": "each", "barcode": ["3600521078402"], "isAvailable": true, "locations": ["vic", "nsw", "qld", "wa", "sa", "tas", "nt", "act"]}, {"id": "w260439-3600521078426", "store": "woolworths", "name": "L'oreal Paris Casting Creme Gloss 300 Darkest Brown", "brand": "L'oreal", "price": 8, "orgPrice": 16, "categoryIds": ["health-beauty"], "imagePath": "https://cdn0.woolworths.media/content/wowproductimages/large/260439.jpg", "cupPrice": null, "unit": "each", "packageSize": "each", "barcode": ["3600521078426"], "isAvailable": true, "locations": ["vic", "nsw", "qld", "wa", "sa", "tas", "nt", "act"]}, {"id": "w260434-3600521078433", "store": "woolworths", "name": "L'oreal Paris Casting Creme Gloss 316 Plum", "brand": "L'oreal", "price": 8, "orgPrice": 16, "categoryIds": ["health-beauty"], "imagePath": "https://cdn0.woolworths.media/content/wowproductimages/large/260434.jpg", "cupPrice": null, "unit": "each", "packageSize": "each", "barcode": ["3600521078433"], "isAvailable": true, "locations": ["vic", "nsw", "qld", "wa", "sa", "tas", "nt", "act"]}, {"id": "w327329-3600521366530", "store": "woolworths", "name": "L'oreal Paris Casting Creme Gloss 323 Dark Chocolate", "brand": "L'oreal", "price": 8, "orgPrice": 16, "categoryIds": ["health-beauty"], "imagePath": "https://cdn0.woolworths.media/content/wowproductimages/large/327329.jpg", "cupPrice": null, "unit": "each", "packageSize": "each", "barcode": ["3600521366530"], "isAvailable": true, "locations": ["vic", "nsw", "qld", "wa", "sa", "tas", "nt", "act"]}, {"id": "w260432-3600521078440", "store": "woolworths", "name": "L'oreal Paris Casting Creme Gloss 400 Dark Brown", "brand": "L'oreal", "price": 8, "orgPrice": 16, "categoryIds": ["health-beauty"], "imagePath": "https://cdn0.woolworths.media/content/wowproductimages/large/260432.jpg", "cupPrice": null, "unit": "each", "packageSize": "each", "barcode": ["3600521078440"], "isAvailable": true, "locations": ["vic", "nsw", "qld", "wa", "sa", "tas", "nt", "act"]}, {"id": "w260435-3600521078457", "store": "woolworths", "name": "L'oreal Paris Casting Creme Gloss 415 Iced Chocolate", "brand": "L'oreal", "price": 8, "orgPrice": 16, "categoryIds": ["health-beauty"], "imagePath": "https://cdn0.woolworths.media/content/wowproductimages/large/260435.jpg", "cupPrice": null, "unit": "each", "packageSize": "each", "barcode": ["3600521078457"], "isAvailable": true, "locations": ["vic", "nsw", "qld", "wa", "sa", "tas", "nt", "act"]}, {"id": "w260428-3600521078471", "store": "woolworths", "name": "L'oreal Paris Casting Creme Gloss 500 Medium Brown", "brand": "L'oreal", "price": 8, "orgPrice": 16, "categoryIds": ["health-beauty"], "imagePath": "https://cdn0.woolworths.media/content/wowproductimages/large/260428.jpg", "cupPrice": null, "unit": "each", "packageSize": "each", "barcode": ["3600521078471"], "isAvailable": true, "locations": ["vic", "nsw", "qld", "wa", "sa", "tas", "nt", "act"]}, {"id": "w260429-3600521078518", "store": "woolworths", "name": "L'oreal Paris Casting Creme Gloss 550 Mahogany", "brand": "L'oreal", "price": 8, "orgPrice": 16, "categoryIds": ["health-beauty"], "imagePath": "https://cdn0.woolworths.media/content/wowproductimages/large/260429.jpg", "cupPrice": null, "unit": "each", "packageSize": "each", "barcode": ["3600521078518"], "isAvailable": true, "locations": ["vic", "nsw", "qld", "wa", "sa", "tas", "nt", "act"]}, {"id": "w260430-3600521078587", "store": "woolworths", "name": "L'oreal Paris Casting Creme Gloss 700 Dark Blonde", "brand": "L'oreal", "price": 8, "orgPrice": 16, "categoryIds": ["health-beauty"], "imagePath": "https://cdn0.woolworths.media/content/wowproductimages/large/260430.jpg", "cupPrice": null, "unit": "each", "packageSize": "each", "barcode": ["3600521078587"], "isAvailable": true, "locations": ["vic", "nsw", "qld", "wa", "sa", "tas", "nt", "act"]}, {"id": "w829828-9344329020914", "store": "woolworths", "name": "L'oreal Paris Color Riche Lipstick Blush In Plum", "brand": "L'oreal", "price": 11, "orgPrice": 22, "categoryIds": ["health-beauty"], "imagePath": "https://cdn0.woolworths.media/content/wowproductimages/large/829828.jpg", "cupPrice": "$26.19 / 10g", "unit": "each", "packageSize": "4.2g", "barcode": ["9344329020914"], "isAvailable": true, "locations": ["vic", "nsw", "qld", "wa", "sa", "tas", "nt", "act"]}, {"id": "w622207-9344329129600", "store": "woolworths", "name": "L'oreal Paris Color Riche Lipstick Velvet Rose", "brand": "L'oreal", "price": 11, "orgPrice": 22, "categoryIds": ["health-beauty"], "imagePath": "https://cdn0.woolworths.media/content/wowproductimages/large/622207.jpg", "cupPrice": "$22.92 / 10g", "unit": "each", "packageSize": "4.8g", "barcode": ["9344329129600"], "isAvailable": true, "locations": ["vic", "nsw", "qld", "wa", "sa", "tas", "nt", "act"]}, {"id": "w819310-9344329170688", "store": "woolworths", "name": "L'oreal Paris Color Riche Matte Cherry", "brand": "L'oreal", "price": 11, "orgPrice": 22, "categoryIds": ["health-beauty"], "imagePath": "https://cdn0.woolworths.media/content/wowproductimages/large/819310.jpg", "cupPrice": "$25.58 / 10g", "unit": "each", "packageSize": "4.3g", "barcode": ["9344329170688"], "isAvailable": true, "locations": ["vic", "nsw", "qld", "wa", "sa", "tas", "nt", "act"]}, {"id": "w819309-9344329170664", "store": "woolworths", "name": "L'oreal Paris Color Riche Matte Mahogany", "brand": "L'oreal", "price": 11, "orgPrice": 22, "categoryIds": ["health-beauty"], "imagePath": "https://cdn0.woolworths.media/content/wowproductimages/large/819309.jpg", "cupPrice": "$25.58 / 10g", "unit": "each", "packageSize": "4.3g", "barcode": ["9344329170664"], "isAvailable": true, "locations": ["vic", "nsw", "qld", "wa", "sa", "tas", "nt", "act"]}, {"id": "w688922-3600523465309", "store": "woolworths", "name": "L'oreal Paris Color Riche Shine 352 Yolo", "brand": "L'oreal", "price": 12, "orgPrice": 24, "categoryIds": ["health-beauty"], "imagePath": "https://cdn0.woolworths.media/content/wowproductimages/large/688922.jpg", "cupPrice": "$27.91 / 10g", "unit": "each", "packageSize": "each", "barcode": ["3600523465309"], "isAvailable": true, "locations": ["vic", "nsw", "qld", "wa", "sa", "tas", "nt", "act"]}, {"id": "w621002-3600523458585", "store": "woolworths", "name": "L'oreal Paris Colorista Effect Soft Bleach", "brand": "L'oreal", "price": 9.5, "orgPrice": 19, "categoryIds": ["health-beauty"], "imagePath": "https://cdn0.woolworths.media/content/wowproductimages/large/621002.jpg", "cupPrice": "$3.80 / 100ml", "unit": "each", "packageSize": "250ml", "barcode": ["3600523458585"], "isAvailable": true, "locations": ["vic", "nsw", "qld", "wa", "sa", "tas", "nt", "act"]}, {"id": "w612443-3600523458622", "store": "woolworths", "name": "L'oreal Paris Colorista 1 Day Spray Colour Hot Pink", "brand": "L'oreal", "price": 7.5, "orgPrice": 15, "categoryIds": ["health-beauty"], "imagePath": "https://cdn0.woolworths.media/content/wowproductimages/large/612443.jpg", "cupPrice": "$10.00 / 100ml", "unit": "each", "packageSize": "75ml", "barcode": ["3600523458622"], "isAvailable": true, "locations": ["vic", "nsw", "qld", "wa", "sa", "tas", "nt", "act"]}, {"id": "w612419-3600523458653", "store": "woolworths", "name": "L'oreal Paris Colorista Wash Out Pink Hair", "brand": "L'oreal", "price": 8.25, "orgPrice": 16.5, "categoryIds": ["health-beauty"], "imagePath": "https://cdn0.woolworths.media/content/wowproductimages/large/612419.jpg", "cupPrice": "$10.31 / 100ml", "unit": "each", "packageSize": "80ml", "barcode": ["3600523458653"], "isAvailable": true, "locations": ["vic", "nsw", "qld", "wa", "sa", "tas", "nt", "act"]}, {"id": "w612440-3600523458684", "store": "woolworths", "name": "L'oreal Paris Colorista Wash Out Purple", "brand": "L'oreal", "price": 8.25, "orgPrice": 16.5, "categoryIds": ["health-beauty"], "imagePath": "https://cdn0.woolworths.media/content/wowproductimages/large/612440.jpg", "cupPrice": "$10.31 / 100ml", "unit": "each", "packageSize": "80ml", "barcode": ["3600523458684"], "isAvailable": true, "locations": ["vic", "nsw", "qld", "wa", "sa", "tas", "nt", "act"]}, {"id": "w620885-3600523458714", "store": "woolworths", "name": "L'oreal Paris Colorista Wash Out Turquoise", "brand": "L'oreal", "price": 8.25, "orgPrice": 16.5, "categoryIds": ["health-beauty"], "imagePath": "https://cdn0.woolworths.media/content/wowproductimages/large/620885.jpg", "cupPrice": null, "unit": "each", "packageSize": "each", "barcode": ["3600523458714"], "isAvailable": true, "locations": ["vic", "nsw", "qld", "wa", "sa", "tas", "nt", "act"]}, {"id": "w683520-3600523566259", "store": "woolworths", "name": "L'oreal Paris Colorista Washout Denim Hair", "brand": "L'oreal", "price": 8.25, "orgPrice": 16.5, "categoryIds": ["health-beauty"], "imagePath": "https://cdn0.woolworths.media/content/wowproductimages/large/683520.jpg", "cupPrice": "$10.31 / 100ml", "unit": "each", "packageSize": "each", "barcode": ["3600523566259"], "isAvailable": true, "locations": ["vic", "nsw", "qld", "wa", "sa", "tas", "nt", "act"]}, {"id": "w688728-9344329136080", "store": "woolworths", "name": "L'oreal Paris Colour Riche Matte Lipstick 103- Blush In A Rush", "brand": "L'oreal", "price": 11, "orgPrice": 22, "categoryIds": ["health-beauty"], "imagePath": "https://cdn0.woolworths.media/content/wowproductimages/large/688728.jpg", "cupPrice": "$25.58 / 10g", "unit": "each", "packageSize": "4.3g", "barcode": ["9344329136080"], "isAvailable": true, "locations": ["vic", "nsw", "qld", "wa", "sa", "tas", "nt", "act"]}, {"id": "w682769-3600523583720", "store": "woolworths", "name": "L'oreal Paris Elvive Coconut Oil Conditioner", "brand": "L'oreal", "price": 4, "orgPrice": 8, "categoryIds": ["health-beauty"], "imagePath": "https://cdn0.woolworths.media/content/wowproductimages/large/682769.jpg", "cupPrice": "$1.23 / 100ml", "unit": "each", "packageSize": "325ml", "barcode": ["3600523583720"], "isAvailable": true, "locations": ["vic", "nsw", "qld", "wa", "sa", "tas", "nt", "act"]}, {"id": "w682756-3600523583713", "store": "woolworths", "name": "L'oreal Paris Elvive Coconut Oil Shampoo", "brand": "L'oreal", "price": 4, "orgPrice": 8, "categoryIds": ["health-beauty"], "imagePath": "https://cdn0.woolworths.media/content/wowproductimages/large/682756.jpg", "cupPrice": "$1.23 / 100ml", "unit": "each", "packageSize": "325ml", "barcode": ["3600523583713"], "isAvailable": true, "locations": ["vic", "nsw", "qld", "wa", "sa", "tas", "nt", "act"]}, {"id": "w662396-8994993000326", "store": "woolworths", "name": "L'oreal Paris Elvive Colour Protect Conditioner", "brand": "L'oreal", "price": 4, "orgPrice": 8, "categoryIds": ["health-beauty"], "imagePath": "https://cdn0.woolworths.media/content/wowproductimages/large/662396.jpg", "cupPrice": "$1.23 / 100ml", "unit": "each", "packageSize": "325ml", "barcode": ["8994993000326"], "isAvailable": true, "locations": ["vic", "nsw", "qld", "wa", "sa", "tas", "nt", "act"]}, {"id": "w662407-8901526523122", "store": "woolworths", "name": "L'oreal Paris Elvive Colour Protect Shampoo", "brand": "L'oreal", "price": 4, "orgPrice": 8, "categoryIds": ["health-beauty"], "imagePath": "https://cdn0.woolworths.media/content/wowproductimages/large/662407.jpg", "cupPrice": "$1.23 / 100ml", "unit": "each", "packageSize": "325ml", "barcode": ["8901526523122"], "isAvailable": true, "locations": ["vic", "nsw", "qld", "wa", "sa", "tas", "nt", "act"]}, {"id": "w52865-3600523816927", "store": "woolworths", "name": "L'oreal Paris Elvive Dream Lengths Detangling Conditioner", "brand": "L'oreal", "price": 4, "orgPrice": 8, "categoryIds": ["health-beauty"], "imagePath": "https://cdn0.woolworths.media/content/wowproductimages/large/052865.jpg", "cupPrice": "$1.23 / 100ml", "unit": "each", "packageSize": "325ml", "barcode": ["3600523816927"], "isAvailable": true, "locations": ["vic", "nsw", "qld", "wa", "sa", "tas", "nt", "act"]}, {"id": "w52864-3600523816910", "store": "woolworths", "name": "L'oreal Paris Elvive Dream Lengths Restoring Shampoo", "brand": "L'oreal", "price": 4, "orgPrice": 8, "categoryIds": ["health-beauty"], "imagePath": "https://cdn0.woolworths.media/content/wowproductimages/large/052864.jpg", "cupPrice": "$1.23 / 100ml", "unit": "each", "packageSize": "325ml", "barcode": ["3600523816910"], "isAvailable": true, "locations": ["vic", "nsw", "qld", "wa", "sa", "tas", "nt", "act"]}, {"id": "w682749-3600523572557", "store": "woolworths", "name": "L'oreal Paris Elvive Extraordinary Coconut Oil", "brand": "L'oreal", "price": 9.95, "orgPrice": 20, "categoryIds": ["health-beauty"], "imagePath": "https://cdn0.woolworths.media/content/wowproductimages/large/682749.jpg", "cupPrice": "$9.95 / 100ml", "unit": "each", "packageSize": "100ml", "barcode": ["3600523572557"], "isAvailable": true, "locations": ["vic", "nsw", "qld", "wa", "sa", "tas", "nt", "act"]}, {"id": "w682747-3600523572564", "store": "woolworths", "name": "L'oreal Paris Elvive Extraordinary Coconut Oil Mask", "brand": "L'oreal", "price": 5, "orgPrice": 10, "categoryIds": ["health-beauty"], "imagePath": "https://cdn0.woolworths.media/content/wowproductimages/large/682747.jpg", "cupPrice": "$1.67 / 100ml", "unit": "each", "packageSize": "300ml", "barcode": ["3600523572564"], "isAvailable": true, "locations": ["vic", "nsw", "qld", "wa", "sa", "tas", "nt", "act"]}, {"id": "w662433-3600523547524", "store": "woolworths", "name": "L'oreal Paris Elvive Extraordinary Oil Conditioner", "brand": "L'oreal", "price": 4, "orgPrice": 8, "categoryIds": ["health-beauty"], "imagePath": "https://cdn0.woolworths.media/content/wowproductimages/large/662433.jpg", "cupPrice": "$1.23 / 100ml", "unit": "each", "packageSize": "325ml", "barcode": ["3600523547524"], "isAvailable": true, "locations": ["vic", "nsw", "qld", "wa", "sa", "tas", "nt", "act"]}, {"id": "w856309-3600522453338", "store": "woolworths", "name": "L'oreal Paris Elvive Extraordinary Oil Hair Treatment", "brand": "L'oreal", "price": 10, "orgPrice": 20, "categoryIds": ["health-beauty"], "imagePath": "https://cdn0.woolworths.media/content/wowproductimages/large/856309.jpg", "cupPrice": "$10.00 / 100ml", "unit": "each", "packageSize": "100ml", "barcode": ["3600522453338"], "isAvailable": true, "locations": ["vic", "nsw", "qld", "wa", "sa", "tas", "nt", "act"]}, {"id": "w662432-3600523547487", "store": "woolworths", "name": "L'oreal Paris Elvive Extraordinary Oil Shampoo", "brand": "L'oreal", "price": 4, "orgPrice": 8, "categoryIds": ["health-beauty"], "imagePath": "https://cdn0.woolworths.media/content/wowproductimages/large/662432.jpg", "cupPrice": "$1.23 / 100ml", "unit": "each", "packageSize": "325ml", "barcode": ["3600523547487"], "isAvailable": true, "locations": ["vic", "nsw", "qld", "wa", "sa", "tas", "nt", "act"]}, {"id": "w662430-8994993000364", "store": "woolworths", "name": "L'oreal Paris Elvive Total Repair Conditioner", "brand": "L'oreal", "price": 4, "orgPrice": 8, "categoryIds": ["health-beauty"], "imagePath": "https://cdn0.woolworths.media/content/wowproductimages/large/662430.jpg", "cupPrice": "$1.23 / 100ml", "unit": "each", "packageSize": "325ml", "barcode": ["8994993000364"], "isAvailable": true, "locations": ["vic", "nsw", "qld", "wa", "sa", "tas", "nt", "act"]}, {"id": "w662421-8901526523153", "store": "woolworths", "name": "L'oreal Paris Elvive Total Repair Shampoo", "brand": "L'oreal", "price": 4, "orgPrice": 8, "categoryIds": ["health-beauty"], "imagePath": "https://cdn0.woolworths.media/content/wowproductimages/large/662421.jpg", "cupPrice": "$1.23 / 100ml", "unit": "each", "packageSize": "325ml", "barcode": ["8901526523153"], "isAvailable": true, "locations": ["vic", "nsw", "qld", "wa", "sa", "tas", "nt", "act"]}, {"id": "w46588-3600523015276", "store": "woolworths", "name": "L'oreal Paris Excellence Age Perfect 9.13 Light Cream Blonde", "brand": "L'oreal", "price": 10, "orgPrice": 20, "categoryIds": ["health-beauty"], "imagePath": "https://cdn0.woolworths.media/content/wowproductimages/large/046588.jpg", "cupPrice": null, "unit": "each", "packageSize": "each", "barcode": ["3600523015276"], "isAvailable": true, "locations": ["vic", "nsw", "qld", "wa", "sa", "tas", "nt", "act"]}, {"id": "w46595-3600523015313", "store": "woolworths", "name": "L'oreal Paris Excellence Age Perfect Pearl Blonde 8.32", "brand": "L'oreal", "price": 10, "orgPrice": 20, "categoryIds": ["health-beauty"], "imagePath": "https://cdn0.woolworths.media/content/wowproductimages/large/046595.jpg", "cupPrice": null, "unit": "each", "packageSize": "each", "barcode": ["3600523015313"], "isAvailable": true, "locations": ["vic", "nsw", "qld", "wa", "sa", "tas", "nt", "act"]}, {"id": "w46598-3600523015306", "store": "woolworths", "name": "L'oreal Paris Excellence Age Perfect Radiant Pure Beige Blonde 8.31", "brand": "L'oreal", "price": 10, "orgPrice": 20, "categoryIds": ["health-beauty"], "imagePath": "https://cdn0.woolworths.media/content/wowproductimages/large/046598.jpg", "cupPrice": null, "unit": "each", "packageSize": "each", "barcode": ["3600523015306"], "isAvailable": true, "locations": ["vic", "nsw", "qld", "wa", "sa", "tas", "nt", "act"]}, {"id": "w840342-3600523015337", "store": "woolworths", "name": "L'oreal Paris Excellence Age Perfect Very Light Blonde 7.32", "brand": "L'oreal", "price": 10, "orgPrice": 20, "categoryIds": ["health-beauty"], "imagePath": "https://cdn0.woolworths.media/content/wowproductimages/large/840342.jpg", "cupPrice": null, "unit": "each", "packageSize": "each", "barcode": ["3600523015337"], "isAvailable": true, "locations": ["vic", "nsw", "qld", "wa", "sa", "tas", "nt", "act"]}, {"id": "w829806-9344329081274", "store": "woolworths", "name": "L'oreal Paris Eye Liner Perfect Slim Intense Black", "brand": "L'oreal", "price": 11.5, "orgPrice": 23, "categoryIds": ["health-beauty"], "imagePath": "https://cdn0.woolworths.media/content/wowproductimages/large/829806.jpg", "cupPrice": "$16.43 / 10g", "unit": "each", "packageSize": "each", "barcode": ["9344329081274"], "isAvailable": true, "locations": ["vic", "nsw", "qld", "wa", "sa", "tas", "nt", "act"]}, {"id": "w764395-3600522323372", "store": "woolworths", "name": "L'oreal Paris Face Cream Cell Renewal Day Cream", "brand": "L'oreal", "price": 22.5, "orgPrice": 45, "categoryIds": ["health-beauty"], "imagePath": "https://cdn0.woolworths.media/content/wowproductimages/large/764395.jpg", "cupPrice": "$45.00 / 100ml", "unit": "each", "packageSize": "50ml", "barcode": ["3600522323372"], "isAvailable": true, "locations": ["vic", "nsw", "qld", "wa", "sa", "tas", "nt", "act"]}, {"id": "w764348-3600522323389", "store": "woolworths", "name": "L'oreal Paris Face Cream Cell Renewal Night Cream", "brand": "L'oreal", "price": 22.5, "orgPrice": 45, "categoryIds": ["health-beauty"], "imagePath": "https://cdn0.woolworths.media/content/wowproductimages/large/764348.jpg", "cupPrice": "$45.00 / 100ml", "unit": "each", "packageSize": "30ml", "barcode": ["3600522323389"], "isAvailable": true, "locations": ["vic", "nsw", "qld", "wa", "sa", "tas", "nt", "act"]}, {"id": "w622199-9344329122175", "store": "woolworths", "name": "L'oreal Paris Flase Lash Superstar X Fibers Mascara", "brand": "L'oreal", "price": 14.5, "orgPrice": 29, "categoryIds": ["health-beauty"], "imagePath": "https://cdn0.woolworths.media/content/wowproductimages/large/622199.jpg", "cupPrice": "$11.15 / 10ml", "unit": "each", "packageSize": "13ml", "barcode": ["9344329122175"], "isAvailable": true, "locations": ["vic", "nsw", "qld", "wa", "sa", "tas", "nt", "act"]}, {"id": "w752714-3600522097303", "store": "woolworths", "name": "L'oreal Paris Flash Telescopic Mascara Magnetic Black", "brand": "L'oreal", "price": 13.5, "orgPrice": 27, "categoryIds": ["health-beauty"], "imagePath": "https://cdn0.woolworths.media/content/wowproductimages/large/752714.jpg", "cupPrice": "$15.00 / 10ml", "unit": "each", "packageSize": "9ml", "barcode": ["3600522097303"], "isAvailable": true, "locations": ["vic", "nsw", "qld", "wa", "sa", "tas", "nt", "act"]}, {"id": "w829772-9344329022079", "store": "woolworths", "name": "L'oreal Paris Foundation True Match Liquid Beige", "brand": "L'oreal", "price": 15, "orgPrice": 30, "categoryIds": ["health-beauty"], "imagePath": "https://cdn0.woolworths.media/content/wowproductimages/large/829772.jpg", "cupPrice": "$50.00 / 100ml", "unit": "each", "packageSize": "30ml", "barcode": ["9344329022079"], "isAvailable": true, "locations": ["vic", "nsw", "qld", "wa", "sa", "tas", "nt", "act"]}, {"id": "w829782-9344329022222", "store": "woolworths", "name": "L'oreal Paris Foundation True Match Liquid Golden Beige", "brand": "L'oreal", "price": 15, "orgPrice": 30, "categoryIds": ["health-beauty"], "imagePath": "https://cdn0.woolworths.media/content/wowproductimages/large/829782.jpg", "cupPrice": "$50.00 / 100ml", "unit": "each", "packageSize": "30ml", "barcode": ["9344329022222"], "isAvailable": true, "locations": ["vic", "nsw", "qld", "wa", "sa", "tas", "nt", "act"]}, {"id": "w829776-9344329100456", "store": "woolworths", "name": "L'oreal Paris Foundation True Match Liquid Golden Ivory", "brand": "L'oreal", "price": 15, "orgPrice": 30, "categoryIds": ["health-beauty"], "imagePath": "https://cdn0.woolworths.media/content/wowproductimages/large/829776.jpg", "cupPrice": "$50.00 / 100ml", "unit": "each", "packageSize": "30ml", "barcode": ["9344329100456"], "isAvailable": true, "locations": ["vic", "nsw", "qld", "wa", "sa", "tas", "nt", "act"]}, {"id": "w506517-3600523216475", "store": "woolworths", "name": "L'oreal Paris Golden Age Day Cream Rosy", "brand": "L'oreal", "price": 18.5, "orgPrice": 37, "categoryIds": ["health-beauty"], "imagePath": "https://cdn0.woolworths.media/content/wowproductimages/large/506517.jpg", "cupPrice": "$37.00 / 100ml", "unit": "each", "packageSize": "50ml", "barcode": ["3600523216475"], "isAvailable": true, "locations": ["vic", "nsw", "qld", "wa", "sa", "tas", "nt", "act"]}, {"id": "w506519-3600523242610", "store": "woolworths", "name": "L'oreal Paris Golden Age Night Cream Rich", "brand": "L'oreal", "price": 18.5, "orgPrice": 37, "categoryIds": ["health-beauty"], "imagePath": "https://cdn0.woolworths.media/content/wowproductimages/large/506519.jpg", "cupPrice": "$37.00 / 100ml", "unit": "each", "packageSize": "50ml", "barcode": ["3600523242610"], "isAvailable": true, "locations": ["vic", "nsw", "qld", "wa", "sa", "tas", "nt", "act"]}, {"id": "w622200-9344329129570", "store": "woolworths", "name": "L'oreal Paris Infallible 2 Step Lipstick Incessant Russet", "brand": "L'oreal", "price": 15, "orgPrice": 30, "categoryIds": ["health-beauty"], "imagePath": "https://cdn0.woolworths.media/content/wowproductimages/large/622200.jpg", "cupPrice": "$26.79 / 10ml", "unit": "each", "packageSize": "5.6ml", "barcode": ["9344329129570"], "isAvailable": true, "locations": ["vic", "nsw", "qld", "wa", "sa", "tas", "nt", "act"]}, {"id": "w622202-9344329129587", "store": "woolworths", "name": "L'oreal Paris Infallible 2 Step Lipstick Invincible Sable", "brand": "L'oreal", "price": 15, "orgPrice": 30, "categoryIds": ["health-beauty"], "imagePath": "https://cdn0.woolworths.media/content/wowproductimages/large/622202.jpg", "cupPrice": "$26.79 / 10ml", "unit": "each", "packageSize": "5.6ml", "barcode": ["9344329129587"], "isAvailable": true, "locations": ["vic", "nsw", "qld", "wa", "sa", "tas", "nt", "act"]}, {"id": "w622204-9344329129594", "store": "woolworths", "name": "L'oreal Paris Infallible 2 Step Lipstick Permanent Blush", "brand": "L'oreal", "price": 15, "orgPrice": 30, "categoryIds": ["health-beauty"], "imagePath": "https://cdn0.woolworths.media/content/wowproductimages/large/622204.jpg", "cupPrice": "$26.79 / 10ml", "unit": "each", "packageSize": "5.6ml", "barcode": ["9344329129594"], "isAvailable": true, "locations": ["vic", "nsw", "qld", "wa", "sa", "tas", "nt", "act"]}, {"id": "w875017-9344329095165", "store": "woolworths", "name": "L'oreal Paris Infallible Matte Primer ", "brand": "L'oreal", "price": 15, "orgPrice": 30, "categoryIds": ["health-beauty"], "imagePath": "https://cdn0.woolworths.media/content/wowproductimages/large/875017.jpg", "cupPrice": "$4.29 / 10ml", "unit": "each", "packageSize": "35ml", "barcode": ["9344329095165"], "isAvailable": true, "locations": ["vic", "nsw", "qld", "wa", "sa", "tas", "nt", "act"]}, {"id": "w624118-9344329122243", "store": "woolworths", "name": "L'oreal Paris Le Khol Eye Liner Midnight Black", "brand": "L'oreal", "price": 9.5, "orgPrice": 19, "categoryIds": ["health-beauty"], "imagePath": "https://cdn0.woolworths.media/content/wowproductimages/large/624118.jpg", "cupPrice": "$475.00 / 10g", "unit": "each", "packageSize": "0.2g", "barcode": ["9344329122243"], "isAvailable": true, "locations": ["vic", "nsw", "qld", "wa", "sa", "tas", "nt", "act"]}, {"id": "w752728-9344329172323", "store": "woolworths", "name": "L'oreal Paris Macscara Telescopic Black", "brand": "L'oreal", "price": 13.5, "orgPrice": 27, "categoryIds": ["health-beauty"], "imagePath": "https://cdn0.woolworths.media/content/wowproductimages/large/752728.jpg", "cupPrice": "$16.88 / 10ml", "unit": "each", "packageSize": "8ml", "barcode": ["9344329172323"], "isAvailable": true, "locations": ["vic", "nsw", "qld", "wa", "sa", "tas", "nt", "act"]}, {"id": "w452051-3600523192786", "store": "woolworths", "name": "L'oreal Paris Magic Retouch Hair Colour 1 Black", "brand": "L'oreal", "price": 7.95, "orgPrice": 15.95, "categoryIds": ["health-beauty"], "imagePath": "https://cdn0.woolworths.media/content/wowproductimages/large/452051.jpg", "cupPrice": "$10.60 / 100ml", "unit": "each", "packageSize": "each", "barcode": ["3600523192786"], "isAvailable": true, "locations": ["vic", "nsw", "qld", "wa", "sa", "tas", "nt", "act"]}, {"id": "w452064-3600523192793", "store": "woolworths", "name": "L'oreal Paris Magic Retouch Hair Colour 2 Dark Brown", "brand": "L'oreal", "price": 7.95, "orgPrice": 15.95, "categoryIds": ["health-beauty"], "imagePath": "https://cdn0.woolworths.media/content/wowproductimages/large/452064.jpg", "cupPrice": "$10.60 / 100ml", "unit": "each", "packageSize": "each", "barcode": ["3600523192793"], "isAvailable": true, "locations": ["vic", "nsw", "qld", "wa", "sa", "tas", "nt", "act"]}, {"id": "w452053-3600523192809", "store": "woolworths", "name": "L'oreal Paris Magic Retouch Hair Colour 3 Brown", "brand": "L'oreal", "price": 7.95, "orgPrice": 15.95, "categoryIds": ["health-beauty"], "imagePath": "https://cdn0.woolworths.media/content/wowproductimages/large/452053.jpg", "cupPrice": "$10.60 / 100ml", "unit": "each", "packageSize": "each", "barcode": ["3600523192809"], "isAvailable": true, "locations": ["vic", "nsw", "qld", "wa", "sa", "tas", "nt", "act"]}, {"id": "w452081-3600523192816", "store": "woolworths", "name": "L'oreal Paris Magic Retouch Hair Colour 4 Light Brown", "brand": "L'oreal", "price": 7.95, "orgPrice": 15.95, "categoryIds": ["health-beauty"], "imagePath": "https://cdn0.woolworths.media/content/wowproductimages/large/452081.jpg", "cupPrice": "$10.60 / 100ml", "unit": "each", "packageSize": "each", "barcode": ["3600523192816"], "isAvailable": true, "locations": ["vic", "nsw", "qld", "wa", "sa", "tas", "nt", "act"]}, {"id": "w452087-3600523388110", "store": "woolworths", "name": "L'oreal Paris Magic Retouch Hair Colour 5 Blonde", "brand": "L'oreal", "price": 7.95, "orgPrice": 15.95, "categoryIds": ["health-beauty"], "imagePath": "https://cdn0.woolworths.media/content/wowproductimages/large/452087.jpg", "cupPrice": "$10.60 / 100ml", "unit": "each", "packageSize": "each", "barcode": ["3600523388110"], "isAvailable": true, "locations": ["vic", "nsw", "qld", "wa", "sa", "tas", "nt", "act"]}, {"id": "w230034-3600520301921", "store": "woolworths", "name": "L'oreal Paris Men Expert Erase Wrinkle Moisturiser", "brand": "L'oreal", "price": 10, "orgPrice": 20, "categoryIds": ["health-beauty"], "imagePath": "https://cdn0.woolworths.media/content/wowproductimages/large/230034.jpg", "cupPrice": "$20.00 / 100ml", "unit": "each", "packageSize": "50ml", "barcode": ["3600520301921"], "isAvailable": true, "locations": ["vic", "nsw", "qld", "wa", "sa", "tas", "nt", "act"]}, {"id": "w14798-3600522746393", "store": "woolworths", "name": "L'oreal Paris Paris Superior No 4. Brown To Light Brown", "brand": "L'oreal", "price": 9.5, "orgPrice": 19, "categoryIds": ["health-beauty"], "imagePath": "https://cdn0.woolworths.media/content/wowproductimages/large/014798.jpg", "cupPrice": null, "unit": "each", "packageSize": "each", "barcode": ["3600522746393"], "isAvailable": true, "locations": ["vic", "nsw", "qld", "wa", "sa", "tas", "nt", "act"]}, {"id": "w2447-3600522187455", "store": "woolworths", "name": "L'oreal Paris Preference 10.21 Alaska Pearl Blonde", "brand": "L'oreal", "price": 9.5, "orgPrice": 19, "categoryIds": ["health-beauty"], "imagePath": "https://cdn0.woolworths.media/content/wowproductimages/large/002447.jpg", "cupPrice": null, "unit": "each", "packageSize": "each", "barcode": ["3600522187455"], "isAvailable": true, "locations": ["vic", "nsw", "qld", "wa", "sa", "tas", "nt", "act"]}, {"id": "w2373-3600522187639", "store": "woolworths", "name": "L'oreal Paris Preference 4 Tahiti Dark Brown", "brand": "L'oreal", "price": 9.5, "orgPrice": 19, "categoryIds": ["health-beauty"], "imagePath": "https://cdn0.woolworths.media/content/wowproductimages/large/002373.jpg", "cupPrice": null, "unit": "each", "packageSize": "each", "barcode": ["3600522187639"], "isAvailable": true, "locations": ["vic", "nsw", "qld", "wa", "sa", "tas", "nt", "act"]}, {"id": "w313710-3600522187622", "store": "woolworths", "name": "L'oreal Paris Preference 4.15 Rome Deep Brown", "brand": "L'oreal", "price": 9.5, "orgPrice": 19, "categoryIds": ["health-beauty"], "imagePath": "https://cdn0.woolworths.media/content/wowproductimages/large/313710.jpg", "cupPrice": null, "unit": "each", "packageSize": "each", "barcode": ["3600522187622"], "isAvailable": true, "locations": ["vic", "nsw", "qld", "wa", "sa", "tas", "nt", "act"]}, {"id": "w2328-3600522187592", "store": "woolworths", "name": "L'oreal Paris Preference 5 Palma Brown", "brand": "L'oreal", "price": 9.5, "orgPrice": 19, "categoryIds": ["health-beauty"], "imagePath": "https://cdn0.woolworths.media/content/wowproductimages/large/002328.jpg", "cupPrice": null, "unit": "each", "packageSize": "each", "barcode": ["3600522187592"], "isAvailable": true, "locations": ["vic", "nsw", "qld", "wa", "sa", "tas", "nt", "act"]}, {"id": "w376962-3600522187578", "store": "woolworths", "name": "L'oreal Paris Preference 5.3 Siena Golden Brown", "brand": "L'oreal", "price": 9.5, "orgPrice": 19, "categoryIds": ["health-beauty"], "imagePath": "https://cdn0.woolworths.media/content/wowproductimages/large/376962.jpg", "cupPrice": null, "unit": "each", "packageSize": "each", "barcode": ["3600522187578"], "isAvailable": true, "locations": ["vic", "nsw", "qld", "wa", "sa", "tas", "nt", "act"]}, {"id": "w2296-3600522187523", "store": "woolworths", "name": "L'oreal Paris Preference 8 California Natural Blonde", "brand": "L'oreal", "price": 9.5, "orgPrice": 19, "categoryIds": ["health-beauty"], "imagePath": "https://cdn0.woolworths.media/content/wowproductimages/large/002296.jpg", "cupPrice": null, "unit": "each", "packageSize": "each", "barcode": ["3600522187523"], "isAvailable": true, "locations": ["vic", "nsw", "qld", "wa", "sa", "tas", "nt", "act"]}, {"id": "w2517-3600522187486", "store": "woolworths", "name": "L'oreal Paris Preference 9.1 Viking Light Ash Blonde", "brand": "L'oreal", "price": 9.5, "orgPrice": 19, "categoryIds": ["health-beauty"], "imagePath": "https://cdn0.woolworths.media/content/wowproductimages/large/002517.jpg", "cupPrice": null, "unit": "each", "packageSize": "each", "barcode": ["3600522187486"], "isAvailable": true, "locations": ["vic", "nsw", "qld", "wa", "sa", "tas", "nt", "act"]}, {"id": "w769354-3600522295457", "store": "woolworths", "name": "L'oreal Paris Preference Deep Purple Pearl P38", "brand": "L'oreal", "price": 9.5, "orgPrice": 19, "categoryIds": ["health-beauty"], "imagePath": "https://cdn0.woolworths.media/content/wowproductimages/large/769354.jpg", "cupPrice": null, "unit": "each", "packageSize": "each", "barcode": ["3600522295457"], "isAvailable": true, "locations": ["vic", "nsw", "qld", "wa", "sa", "tas", "nt", "act"]}, {"id": "w2208-3600522187462", "store": "woolworths", "name": "L'oreal Paris Preference Helsinki Very Light Ash Blonde", "brand": "L'oreal", "price": 9.5, "orgPrice": 19, "categoryIds": ["health-beauty"], "imagePath": "https://cdn0.woolworths.media/content/wowproductimages/large/002208.jpg", "cupPrice": null, "unit": "each", "packageSize": "each", "barcode": ["3600522187462"], "isAvailable": true, "locations": ["vic", "nsw", "qld", "wa", "sa", "tas", "nt", "act"]}, {"id": "w782424-3600522140962", "store": "woolworths", "name": "L'oreal Paris Preference Mango 74", "brand": "L'oreal", "price": 9.5, "orgPrice": 19, "categoryIds": ["health-beauty"], "imagePath": "https://cdn0.woolworths.media/content/wowproductimages/large/782424.jpg", "cupPrice": null, "unit": "each", "packageSize": "each", "barcode": ["3600522140962"], "isAvailable": true, "locations": ["vic", "nsw", "qld", "wa", "sa", "tas", "nt", "act"]}, {"id": "w721293-3600522141013", "store": "woolworths", "name": "L'oreal Paris Preference P67 Scarlet Intense Red", "brand": "L'oreal", "price": 9.5, "orgPrice": 19, "categoryIds": ["health-beauty"], "imagePath": "https://cdn0.woolworths.media/content/wowproductimages/large/721293.jpg", "cupPrice": null, "unit": "each", "packageSize": "each", "barcode": ["3600522141013"], "isAvailable": true, "locations": ["vic", "nsw", "qld", "wa", "sa", "tas", "nt", "act"]}, {"id": "w683522-3600523577781", "store": "woolworths", "name": "L'oreal Paris Preference 5.23 Very Deep Rose Gold", "brand": "L'oreal", "price": 9.5, "orgPrice": 19, "categoryIds": ["health-beauty"], "imagePath": "https://cdn0.woolworths.media/content/wowproductimages/large/683522.jpg", "cupPrice": null, "unit": "each", "packageSize": "each", "barcode": ["3600523577781"], "isAvailable": true, "locations": ["vic", "nsw", "qld", "wa", "sa", "tas", "nt", "act"]}, {"id": "w683523-3600523577798", "store": "woolworths", "name": "L'oreal Paris Preference 7.23 Dark Rose Gold", "brand": "L'oreal", "price": 9.5, "orgPrice": 19, "categoryIds": ["health-beauty"], "imagePath": "https://cdn0.woolworths.media/content/wowproductimages/large/683523.jpg", "cupPrice": null, "unit": "each", "packageSize": "each", "barcode": ["3600523577798"], "isAvailable": true, "locations": ["vic", "nsw", "qld", "wa", "sa", "tas", "nt", "act"]}, {"id": "w683524-3600523577811", "store": "woolworths", "name": "L'oreal Paris Preference 9.23 Light Rose Gold", "brand": "L'oreal", "price": 9.5, "orgPrice": 19, "categoryIds": ["health-beauty"], "imagePath": "https://cdn0.woolworths.media/content/wowproductimages/large/683524.jpg", "cupPrice": null, "unit": "each", "packageSize": "each", "barcode": ["3600523577811"], "isAvailable": true, "locations": ["vic", "nsw", "qld", "wa", "sa", "tas", "nt", "act"]}, {"id": "w447461-3600523018109", "store": "woolworths", "name": "L'oreal Paris Preference Hair Colour 11.21 Very Very Light Cool", "brand": "L'oreal", "price": 9.5, "orgPrice": 19, "categoryIds": ["health-beauty"], "imagePath": "https://cdn0.woolworths.media/content/wowproductimages/large/447461.jpg", "cupPrice": null, "unit": "each", "packageSize": "each", "barcode": ["3600523018109"], "isAvailable": true, "locations": ["vic", "nsw", "qld", "wa", "sa", "tas", "nt", "act"]}, {"id": "w447480-3600522769156", "store": "woolworths", "name": "L'oreal Paris Preference Hair Colour 3.12 St Honore", "brand": "L'oreal", "price": 9.5, "orgPrice": 19, "categoryIds": ["health-beauty"], "imagePath": "https://cdn0.woolworths.media/content/wowproductimages/large/447480.jpg", "cupPrice": null, "unit": "each", "packageSize": "each", "barcode": ["3600522769156"], "isAvailable": true, "locations": ["vic", "nsw", "qld", "wa", "sa", "tas", "nt", "act"]}, {"id": "w452097-3600522769132", "store": "woolworths", "name": "L'oreal Paris Preference Hair Colour 5.21 L'etoile", "brand": "L'oreal", "price": 9.5, "orgPrice": 19, "categoryIds": ["health-beauty"], "imagePath": "https://cdn0.woolworths.media/content/wowproductimages/large/452097.jpg", "cupPrice": null, "unit": "each", "packageSize": "each", "barcode": ["3600522769132"], "isAvailable": true, "locations": ["vic", "nsw", "qld", "wa", "sa", "tas", "nt", "act"]}, {"id": "w447406-3600523018086", "store": "woolworths", "name": "L'oreal Paris Preference Hair Colour 6.21 Opera", "brand": "L'oreal", "price": 9.5, "orgPrice": 19, "categoryIds": ["health-beauty"], "imagePath": "https://cdn0.woolworths.media/content/wowproductimages/large/447406.jpg", "cupPrice": null, "unit": "each", "packageSize": "each", "barcode": ["3600523018086"], "isAvailable": true, "locations": ["vic", "nsw", "qld", "wa", "sa", "tas", "nt", "act"]}, {"id": "w611759-3600523431205", "store": "woolworths", "name": "L'oreal Paris Pure Clay Charcoal Detoxifying Gel Wash", "brand": "L'oreal", "price": 7.5, "orgPrice": 15, "categoryIds": ["health-beauty"], "imagePath": "https://cdn0.woolworths.media/content/wowproductimages/large/611759.jpg", "cupPrice": "$5.00 / 100ml", "unit": "each", "packageSize": "150ml", "barcode": ["3600523431205"], "isAvailable": true, "locations": ["vic", "nsw", "qld", "wa", "sa", "tas", "nt", "act"]}, {"id": "w533683-3600523306190", "store": "woolworths", "name": "L'oreal Paris Pure Clay Detoxifing & Brightening Charcoal Mask", "brand": "L'oreal", "price": 10, "orgPrice": 20, "categoryIds": ["health-beauty"], "imagePath": "https://cdn0.woolworths.media/content/wowproductimages/large/533683.jpg", "cupPrice": "$20.00 / 100ml", "unit": "each", "packageSize": "50ml", "barcode": ["3600523306190"], "isAvailable": true, "locations": ["vic", "nsw", "qld", "wa", "sa", "tas", "nt", "act"]}, {"id": "w611770-3600523431199", "store": "woolworths", "name": "L'oreal Paris Pure Clay Red Algae Exfoliating Scrub", "brand": "L'oreal", "price": 7.5, "orgPrice": 15, "categoryIds": ["health-beauty"], "imagePath": "https://cdn0.woolworths.media/content/wowproductimages/large/611770.jpg", "cupPrice": "$5.00 / 100ml", "unit": "each", "packageSize": "150ml", "barcode": ["3600523431199"], "isAvailable": true, "locations": ["vic", "nsw", "qld", "wa", "sa", "tas", "nt", "act"]}, {"id": "w188347-9312825697497", "store": "woolworths", "name": "L'oreal Paris Revitalift Rich Night Cream", "brand": "L'oreal", "price": 16.5, "orgPrice": 33, "categoryIds": ["health-beauty"], "imagePath": "https://cdn0.woolworths.media/content/wowproductimages/large/188347.jpg", "cupPrice": "$33.00 / 100ml", "unit": "each", "packageSize": "50ml", "barcode": ["9312825697497"], "isAvailable": true, "locations": ["vic", "nsw", "qld", "wa", "sa", "tas", "nt", "act"]}, {"id": "w188389-9312825697466", "store": "woolworths", "name": "L'oreal Paris Revitalift Face Cream Day Anti Wrinkle & Firming", "brand": "L'oreal", "price": 16.5, "orgPrice": 33, "categoryIds": ["health-beauty"], "imagePath": "https://cdn0.woolworths.media/content/wowproductimages/large/188389.jpg", "cupPrice": "$33.00 / 100ml", "unit": "each", "packageSize": "50ml", "barcode": ["9312825697466"], "isAvailable": true, "locations": ["vic", "nsw", "qld", "wa", "sa", "tas", "nt", "act"]}, {"id": "w503238-3600523279302", "store": "woolworths", "name": "L'oreal Paris Revitalift Facial Serum ", "brand": "L'oreal", "price": 16.5, "orgPrice": 33, "categoryIds": ["health-beauty"], "imagePath": "https://cdn0.woolworths.media/content/wowproductimages/large/503238.jpg", "cupPrice": "$55.00 / 100ml", "unit": "each", "packageSize": "30ml", "barcode": ["3600523279302"], "isAvailable": true, "locations": ["vic", "nsw", "qld", "wa", "sa", "tas", "nt", "act"]}, {"id": "w73225-3600523873869", "store": "woolworths", "name": "L'oreal Paris Revitalift Filler Serum ", "brand": "L'oreal", "price": 22.5, "orgPrice": 45, "categoryIds": ["health-beauty"], "imagePath": "https://cdn0.woolworths.media/content/wowproductimages/large/073225.jpg", "cupPrice": "$75.00 / 100ml", "unit": "each", "packageSize": "30ml", "barcode": ["3600523873869"], "isAvailable": true, "locations": ["vic", "nsw", "qld", "wa", "sa", "tas", "nt", "act"]}, {"id": "w673306-9344329140384", "store": "woolworths", "name": "L'oreal Paris True Match Concealer 2n Vanilla", "brand": "L'oreal", "price": 10, "orgPrice": 20, "categoryIds": ["health-beauty"], "imagePath": "https://cdn0.woolworths.media/content/wowproductimages/large/673306.jpg", "cupPrice": "$14.71 / 10ml", "unit": "each", "packageSize": "6.8ml", "barcode": ["9344329140384"], "isAvailable": true, "locations": ["vic", "nsw", "qld", "wa", "sa", "tas", "nt", "act"]}, {"id": "w673351-9344329140391", "store": "woolworths", "name": "L'oreal Paris True Match Concealer 3w Golden Beige", "brand": "L'oreal", "price": 10, "orgPrice": 20, "categoryIds": ["health-beauty"], "imagePath": "https://cdn0.woolworths.media/content/wowproductimages/large/673351.jpg", "cupPrice": "$14.71 / 10ml", "unit": "each", "packageSize": "6.8ml", "barcode": ["9344329140391"], "isAvailable": true, "locations": ["vic", "nsw", "qld", "wa", "sa", "tas", "nt", "act"]}, {"id": "w817172-9344329136707", "store": "woolworths", "name": "L'oreal Paris True Match Foundation 3n Creamy Beige", "brand": "L'oreal", "price": 15, "orgPrice": 30, "categoryIds": ["health-beauty"], "imagePath": "https://cdn0.woolworths.media/content/wowproductimages/large/817172.jpg", "cupPrice": "$5.00 / 10ml", "unit": "each", "packageSize": "30ml", "barcode": ["9344329136707"], "isAvailable": true, "locations": ["vic", "nsw", "qld", "wa", "sa", "tas", "nt", "act"]}, {"id": "w403165-9344329100517", "store": "woolworths", "name": "L'oreal Paris True Match Liquid Foundation 2n Vanilla", "brand": "L'oreal", "price": 15, "orgPrice": 30, "categoryIds": ["health-beauty"], "imagePath": "https://cdn0.woolworths.media/content/wowproductimages/large/403165.jpg", "cupPrice": "$5.00 / 10ml", "unit": "each", "packageSize": "30ml", "barcode": ["9344329100517"], "isAvailable": true, "locations": ["vic", "nsw", "qld", "wa", "sa", "tas", "nt", "act"]}, {"id": "w752730-3600521961216", "store": "woolworths", "name": "L'oreal Paris Volume Million Lashes Waterproof Black Mascara", "brand": "L'oreal", "price": 12.5, "orgPrice": 25, "categoryIds": ["health-beauty"], "imagePath": "https://cdn0.woolworths.media/content/wowproductimages/large/752730.jpg", "cupPrice": "$13.89 / 10ml", "unit": "each", "packageSize": "9ml", "barcode": ["3600521961216"], "isAvailable": true, "locations": ["vic", "nsw", "qld", "wa", "sa", "tas", "nt", "act"]}, {"id": "w567549-3600523039128", "store": "woolworths", "name": "L'oreal Revitalift Day Cream Light Texture", "brand": "L'oreal", "price": 16.5, "orgPrice": 33, "categoryIds": ["health-beauty"], "imagePath": "https://cdn0.woolworths.media/content/wowproductimages/large/567549.jpg", "cupPrice": "$33.00 / 100ml", "unit": "each", "packageSize": "50ml", "barcode": ["3600523039128"], "isAvailable": true, "locations": ["vic", "nsw", "qld", "wa", "sa", "tas", "nt", "act"]}, {"id": "w794274-3600522416982", "store": "woolworths", "name": "L'oreal Revitalift Day Cream Spf15", "brand": "L'oreal", "price": 16.5, "orgPrice": 33, "categoryIds": ["health-beauty"], "imagePath": "https://cdn0.woolworths.media/content/wowproductimages/large/794274.jpg", "cupPrice": "$33.00 / 100ml", "unit": "each", "packageSize": "50ml", "barcode": ["3600522416982"], "isAvailable": true, "locations": ["vic", "nsw", "qld", "wa", "sa", "tas", "nt", "act"]}, {"id": "w82515-3600521823774", "store": "woolworths", "name": "L'oreal Revitalift Eye Cream", "brand": "L'oreal", "price": 16.5, "orgPrice": 33, "categoryIds": ["health-beauty"], "imagePath": "https://cdn0.woolworths.media/content/wowproductimages/large/082515.jpg", "cupPrice": "$110.00 / 100ml", "unit": "each", "packageSize": "15ml", "barcode": ["3600521823774"], "isAvailable": true, "locations": ["vic", "nsw", "qld", "wa", "sa", "tas", "nt", "act"]}, {"id": "w79920-6923700958768", "store": "woolworths", "name": "L'oreal Revitalift Brightening Sheet Mask", "brand": "L'oreal", "price": 4, "orgPrice": 8, "categoryIds": ["health-beauty"], "imagePath": "https://cdn0.woolworths.media/content/wowproductimages/large/079920.jpg", "cupPrice": "$13.33 / 100g", "unit": "each", "packageSize": "each", "barcode": ["6923700958768"], "isAvailable": true, "locations": ["vic", "nsw", "qld", "wa", "sa", "tas", "nt", "act"]}, {"id": "w749749-3600522251835", "store": "woolworths", "name": "L'oreal Revitalift Eye Cream Laser", "brand": "L'oreal", "price": 24.99, "orgPrice": 49.99, "categoryIds": ["health-beauty"], "imagePath": "https://cdn0.woolworths.media/content/wowproductimages/large/749749.jpg", "cupPrice": "$166.60 / 100ml", "unit": "each", "packageSize": "15ml", "barcode": ["3600522251835"], "isAvailable": true, "locations": ["vic", "nsw", "qld", "wa", "sa", "tas", "nt", "act"]}, {"id": "w749763-3600522248873", "store": "woolworths", "name": "L'oreal Revitalift Face Cream Laser Day Cream", "brand": "L'oreal", "price": 22.5, "orgPrice": 45, "categoryIds": ["health-beauty"], "imagePath": "https://cdn0.woolworths.media/content/wowproductimages/large/749763.jpg", "cupPrice": "$45.00 / 100ml", "unit": "each", "packageSize": "50ml", "barcode": ["3600522248873"], "isAvailable": true, "locations": ["vic", "nsw", "qld", "wa", "sa", "tas", "nt", "act"]}, {"id": "w892592-3600522892359", "store": "woolworths", "name": "L'oreal Revitalift Filler Day Cream", "brand": "L'oreal", "price": 22.5, "orgPrice": 45, "categoryIds": ["health-beauty"], "imagePath": "https://cdn0.woolworths.media/content/wowproductimages/large/892592.jpg", "cupPrice": "$45.00 / 100ml", "unit": "each", "packageSize": "50ml", "barcode": ["3600522892359"], "isAvailable": true, "locations": ["vic", "nsw", "qld", "wa", "sa", "tas", "nt", "act"]}, {"id": "w481538-3600523201396", "store": "woolworths", "name": "L'oreal Revitalift Filler Night Cream", "brand": "L'oreal", "price": 23, "orgPrice": 45, "categoryIds": ["health-beauty"], "imagePath": "https://cdn0.woolworths.media/content/wowproductimages/large/481538.jpg", "cupPrice": "$46.00 / 100ml", "unit": "each", "packageSize": "50ml", "barcode": ["3600523201396"], "isAvailable": true, "locations": ["vic", "nsw", "qld", "wa", "sa", "tas", "nt", "act"]}, {"id": "w676751-3600523456246", "store": "woolworths", "name": "L'oreal Revitalift Laser Day Cream Spf 15", "brand": "L'oreal", "price": 23.75, "orgPrice": 47.5, "categoryIds": ["health-beauty"], "imagePath": "https://cdn0.woolworths.media/content/wowproductimages/large/676751.jpg", "cupPrice": "$47.50 / 100ml", "unit": "each", "packageSize": "50ml", "barcode": ["3600523456246"], "isAvailable": true, "locations": ["vic", "nsw", "qld", "wa", "sa", "tas", "nt", "act"]}, {"id": "w72648-6923700958775", "store": "woolworths", "name": "L'oreal Revitalift Lifting Sheet Mask ", "brand": "L'oreal", "price": 4, "orgPrice": 8, "categoryIds": ["health-beauty"], "imagePath": "https://cdn0.woolworths.media/content/wowproductimages/large/072648.jpg", "cupPrice": "$13.33 / 100g", "unit": "each", "packageSize": "each", "barcode": ["6923700958775"], "isAvailable": true, "locations": ["vic", "nsw", "qld", "wa", "sa", "tas", "nt", "act"]}, {"id": "w56440-3600523716586", "store": "woolworths", "name": "L'oreal Revitalift Red Day Cream ", "brand": "L'oreal", "price": 19.5, "orgPrice": 39, "categoryIds": ["health-beauty"], "imagePath": "https://cdn0.woolworths.media/content/wowproductimages/large/056440.jpg", "cupPrice": "$39.00 / 100ml", "unit": "each", "packageSize": "50ml", "barcode": ["3600523716586"], "isAvailable": true, "locations": ["vic", "nsw", "qld", "wa", "sa", "tas", "nt", "act"]}, {"id": "w26951-9344329184647", "store": "woolworths", "name": "L'oreal Super Liner Flash Cat Eye ", "brand": "L'oreal", "price": 14, "orgPrice": 28, "categoryIds": ["health-beauty"], "imagePath": "https://cdn0.woolworths.media/content/wowproductimages/large/026951.jpg", "cupPrice": "$15.56 / 10g", "unit": "each", "packageSize": "9g", "barcode": ["9344329184647"], "isAvailable": true, "locations": ["vic", "nsw", "qld", "wa", "sa", "tas", "nt", "act"]}, {"id": "w77854-9344329185910", "store": "woolworths", "name": "L'oreal True Match Concealer 3n Creamy Beige", "brand": "L'oreal", "price": 10, "orgPrice": 20, "categoryIds": ["health-beauty"], "imagePath": "https://cdn0.woolworths.media/content/wowproductimages/large/077854.jpg", "cupPrice": "$14.71 / 10ml", "unit": "each", "packageSize": "6.8ml", "barcode": ["9344329185910"], "isAvailable": true, "locations": ["vic", "nsw", "qld", "wa", "sa", "tas", "nt", "act"]}, {"id": "w80682-9344329185934", "store": "woolworths", "name": "L'oreal True Match Concealer 4n Beige ", "brand": "L'oreal", "price": 10, "orgPrice": 20, "categoryIds": ["health-beauty"], "imagePath": "https://cdn0.woolworths.media/content/wowproductimages/large/080682.jpg", "cupPrice": "$10.00 / 10ml", "unit": "each", "packageSize": "10ml", "barcode": ["9344329185934"], "isAvailable": true, "locations": ["vic", "nsw", "qld", "wa", "sa", "tas", "nt", "act"]}, {"id": "w752708-9344329001920", "store": "woolworths", "name": "L'oreal Volume Million Lashes Mascara Black", "brand": "L'oreal", "price": 12.5, "orgPrice": 25, "categoryIds": ["health-beauty"], "imagePath": "https://cdn0.woolworths.media/content/wowproductimages/large/752708.jpg", "cupPrice": "$13.89 / 10ml", "unit": "each", "packageSize": "9ml", "barcode": ["9344329001920"], "isAvailable": true, "locations": ["vic", "nsw", "qld", "wa", "sa", "tas", "nt", "act"]}, {"id": "w687980-3600523610204", "store": "woolworths", "name": "L'or\u00e9al Paris Men Expert Barber Club Beard & Skin Oil", "brand": "L'or\u00e9al Paris", "price": 9.5, "orgPrice": 19, "categoryIds": ["health-beauty"], "imagePath": "https://cdn0.woolworths.media/content/wowproductimages/large/687980.jpg", "cupPrice": "$31.67 / 100ml", "unit": "each", "packageSize": "30ml", "barcode": ["3600523610204"], "isAvailable": true, "locations": ["vic", "nsw", "qld", "wa", "sa", "tas", "nt", "act"]}, {"id": "w558977-41554493719", "store": "woolworths", "name": "Maybelline Colossal Big Shot Volumizing Mascara - Baddest Black", "brand": "Maybelline", "price": 10, "orgPrice": 20, "categoryIds": ["health-beauty"], "imagePath": "https://cdn0.woolworths.media/content/wowproductimages/large/558977.jpg", "cupPrice": "$10.53 / 10ml", "unit": "each", "packageSize": "9.5ml", "barcode": ["41554493719"], "isAvailable": true, "locations": ["vic", "nsw", "qld", "wa", "sa", "tas", "nt", "act"]}, {"id": "w749365-41554288254", "store": "woolworths", "name": "Maybelline Colossal Cat Eyes Volumizing Mascara - Glam Black", "brand": "Maybelline", "price": 10, "orgPrice": 20, "categoryIds": ["health-beauty"], "imagePath": "https://cdn0.woolworths.media/content/wowproductimages/large/749365.jpg", "cupPrice": "$10.87 / 10ml", "unit": "each", "packageSize": "9ml", "barcode": ["41554288254"], "isAvailable": true, "locations": ["vic", "nsw", "qld", "wa", "sa", "tas", "nt", "act"]}, {"id": "w329161-41554050905", "store": "woolworths", "name": "Maybelline Colossal Volumizing Mascara- Classic Black", "brand": "Maybelline", "price": 10, "orgPrice": 20, "categoryIds": ["health-beauty"], "imagePath": "https://cdn0.woolworths.media/content/wowproductimages/large/329161.jpg", "cupPrice": "$10.87 / 10ml", "unit": "each", "packageSize": "9.2ml", "barcode": ["41554050905"], "isAvailable": true, "locations": ["vic", "nsw", "qld", "wa", "sa", "tas", "nt", "act"]}, {"id": "w328562-41554050899", "store": "woolworths", "name": "Maybelline Colossal Volumizing Mascara- Glam Black", "brand": "Maybelline", "price": 10, "orgPrice": 20, "categoryIds": ["health-beauty"], "imagePath": "https://cdn0.woolworths.media/content/wowproductimages/large/328562.jpg", "cupPrice": "$10.87 / 10ml", "unit": "each", "packageSize": "9.2ml", "barcode": ["41554050899"], "isAvailable": true, "locations": ["vic", "nsw", "qld", "wa", "sa", "tas", "nt", "act"]}, {"id": "w380771-41554240337", "store": "woolworths", "name": "Maybelline Falsies Drama False Lash Effect Mascara - Black Drama", "brand": "Maybelline", "price": 10, "orgPrice": 20, "categoryIds": ["health-beauty"], "imagePath": "https://cdn0.woolworths.media/content/wowproductimages/large/380771.jpg", "cupPrice": "$12.50 / 10ml", "unit": "each", "packageSize": "8ml", "barcode": ["41554240337"], "isAvailable": true, "locations": ["vic", "nsw", "qld", "wa", "sa", "tas", "nt", "act"]}, {"id": "w74217-41554578478", "store": "woolworths", "name": "Maybelline Falsies Lashlift Blackest Black", "brand": "Maybelline", "price": 12.5, "orgPrice": 25, "categoryIds": ["health-beauty"], "imagePath": "https://cdn0.woolworths.media/content/wowproductimages/large/074217.jpg", "cupPrice": null, "unit": "each", "packageSize": "each", "barcode": ["41554578478"], "isAvailable": true, "locations": ["vic", "nsw", "qld", "wa", "sa", "tas", "nt", "act"]}, {"id": "w367899-41554217957", "store": "woolworths", "name": "Maybelline Falsies Volumizing Mascara - Blackest Black", "brand": "Maybelline", "price": 10, "orgPrice": 20, "categoryIds": ["health-beauty"], "imagePath": "https://cdn0.woolworths.media/content/wowproductimages/large/367899.jpg", "cupPrice": "$13.33 / 10ml", "unit": "each", "packageSize": "7.5ml", "barcode": ["41554217957"], "isAvailable": true, "locations": ["vic", "nsw", "qld", "wa", "sa", "tas", "nt", "act"]}, {"id": "w558945-41554460247", "store": "woolworths", "name": "Maybelline Lash Sensational Lengthening Mascara - Blackest Black", "brand": "Maybelline", "price": 11.5, "orgPrice": 23, "categoryIds": ["health-beauty"], "imagePath": "https://cdn0.woolworths.media/content/wowproductimages/large/558945.jpg", "cupPrice": "$12.11 / 10ml", "unit": "each", "packageSize": "9.5ml", "barcode": ["41554460247"], "isAvailable": true, "locations": ["vic", "nsw", "qld", "wa", "sa", "tas", "nt", "act"]}, {"id": "w877441-41554420647", "store": "woolworths", "name": "Maybelline Lash Sensational Lengthening Mascara - Very Black", "brand": "Maybelline", "price": 11.5, "orgPrice": 23, "categoryIds": ["health-beauty"], "imagePath": "https://cdn0.woolworths.media/content/wowproductimages/large/877441.jpg", "cupPrice": "$12.78 / 10ml", "unit": "each", "packageSize": "9ml", "barcode": ["41554420647"], "isAvailable": true, "locations": ["vic", "nsw", "qld", "wa", "sa", "tas", "nt", "act"]}, {"id": "w877390-41554420616", "store": "woolworths", "name": "Maybelline Lash Sensational Washable Mascara - Blackest Black", "brand": "Maybelline", "price": 11.5, "orgPrice": 23, "categoryIds": ["health-beauty"], "imagePath": "https://cdn0.woolworths.media/content/wowproductimages/large/877390.jpg", "cupPrice": "$12.11 / 10ml", "unit": "each", "packageSize": "9.5ml", "barcode": ["41554420616"], "isAvailable": true, "locations": ["vic", "nsw", "qld", "wa", "sa", "tas", "nt", "act"]}, {"id": "w161547-41554566499", "store": "woolworths", "name": "Maybelline Shine Free Oil Control Loose Powder - Light", "brand": "Maybelline", "price": 8.5, "orgPrice": 17, "categoryIds": ["health-beauty"], "imagePath": "https://cdn0.woolworths.media/content/wowproductimages/large/161547.jpg", "cupPrice": "$4.29 / 10g", "unit": "each", "packageSize": "19.8g", "barcode": ["41554566499"], "isAvailable": true, "locations": ["vic", "nsw", "qld", "wa", "sa", "tas", "nt", "act"]}, {"id": "w161620-41554566505", "store": "woolworths", "name": "Maybelline Shine Free Oil Control Loose Powder - Medium", "brand": "Maybelline", "price": 8.5, "orgPrice": 17, "categoryIds": ["health-beauty"], "imagePath": "https://cdn0.woolworths.media/content/wowproductimages/large/161620.jpg", "cupPrice": "$4.29 / 10g", "unit": "each", "packageSize": "19.8g", "barcode": ["41554566505"], "isAvailable": true, "locations": ["vic", "nsw", "qld", "wa", "sa", "tas", "nt", "act"]}, {"id": "w423461-9344329131061", "store": "woolworths", "name": "Maybelline Superstay 24 Hour Foundation - Golden 32", "brand": "Maybelline", "price": 12.5, "orgPrice": 25, "categoryIds": ["health-beauty"], "imagePath": "https://cdn0.woolworths.media/content/wowproductimages/large/423461.jpg", "cupPrice": "$4.17 / 10ml", "unit": "each", "packageSize": "30ml", "barcode": ["9344329131061"], "isAvailable": true, "locations": ["vic", "nsw", "qld", "wa", "sa", "tas", "nt", "act"]}, {"id": "w423314-9344329142104", "store": "woolworths", "name": "Maybelline Superstay 24 Hour Foundation - Light Beige 5", "brand": "Maybelline", "price": 12.5, "orgPrice": 25, "categoryIds": ["health-beauty"], "imagePath": "https://cdn0.woolworths.media/content/wowproductimages/large/423314.jpg", "cupPrice": "$4.17 / 10ml", "unit": "each", "packageSize": "30ml", "barcode": ["9344329142104"], "isAvailable": true, "locations": ["vic", "nsw", "qld", "wa", "sa", "tas", "nt", "act"]}, {"id": "w423316-9344329131030", "store": "woolworths", "name": "Maybelline Superstay 24hr Full Coverage Foundation - Light Beige", "brand": "Maybelline", "price": 12.5, "orgPrice": 25, "categoryIds": ["health-beauty"], "imagePath": "https://cdn0.woolworths.media/content/wowproductimages/large/423316.jpg", "cupPrice": "$4.17 / 10ml", "unit": "each", "packageSize": "30ml", "barcode": ["9344329131030"], "isAvailable": true, "locations": ["vic", "nsw", "qld", "wa", "sa", "tas", "nt", "act"]}, {"id": "w817510-9344329131078", "store": "woolworths", "name": "Maybelline Superstay 24hr Full Coverage Foundation - Soft Bronze", "brand": "Maybelline", "price": 12.5, "orgPrice": 25, "categoryIds": ["health-beauty"], "imagePath": "https://cdn0.woolworths.media/content/wowproductimages/large/817510.jpg", "cupPrice": "$4.17 / 10ml", "unit": "each", "packageSize": "30ml", "barcode": ["9344329131078"], "isAvailable": true, "locations": ["vic", "nsw", "qld", "wa", "sa", "tas", "nt", "act"]}, {"id": "w423404-9344329131009", "store": "woolworths", "name": "Maybelline Superstay 24hr Full Coverage Foundation - True Ivory", "brand": "Maybelline", "price": 12.5, "orgPrice": 25, "categoryIds": ["health-beauty"], "imagePath": "https://cdn0.woolworths.media/content/wowproductimages/large/423404.jpg", "cupPrice": "$4.17 / 10ml", "unit": "each", "packageSize": "30ml", "barcode": ["9344329131009"], "isAvailable": true, "locations": ["vic", "nsw", "qld", "wa", "sa", "tas", "nt", "act"]}, {"id": "w423449-9344329131016", "store": "woolworths", "name": "Maybelline Superstay 24hr Full Coverage Liquid Foundation - Ivory 10", "brand": "Maybelline", "price": 12.5, "orgPrice": 25, "categoryIds": ["health-beauty"], "imagePath": "https://cdn0.woolworths.media/content/wowproductimages/large/423449.jpg", "cupPrice": "$4.17 / 10ml", "unit": "each", "packageSize": "30ml", "barcode": ["9344329131016"], "isAvailable": true, "locations": ["vic", "nsw", "qld", "wa", "sa", "tas", "nt", "act"]}, {"id": "w622247-9344329131054", "store": "woolworths", "name": "Maybelline Superstay 24hr Full Coverage Liquid Foundation - Sand 30", "brand": "Maybelline", "price": 12.5, "orgPrice": 25, "categoryIds": ["health-beauty"], "imagePath": "https://cdn0.woolworths.media/content/wowproductimages/large/622247.jpg", "cupPrice": "$4.17 / 10ml", "unit": "each", "packageSize": "30ml", "barcode": ["9344329131054"], "isAvailable": true, "locations": ["vic", "nsw", "qld", "wa", "sa", "tas", "nt", "act"]}, {"id": "w63037-9344329183855", "store": "woolworths", "name": "Maybelline Superstay Full Coverage Under Eye Liquid Concealer - Light", "brand": "Maybelline", "price": 11, "orgPrice": 22, "categoryIds": ["health-beauty"], "imagePath": "https://cdn0.woolworths.media/content/wowproductimages/large/063037.jpg", "cupPrice": "$18.33 / 10ml", "unit": "each", "packageSize": "6ml", "barcode": ["9344329183855"], "isAvailable": true, "locations": ["vic", "nsw", "qld", "wa", "sa", "tas", "nt", "act"]}, {"id": "w63104-9344329183800", "store": "woolworths", "name": "Maybelline Superstay Full Coverage Under Eye Liquid Concealer - Sand", "brand": "Maybelline", "price": 11, "orgPrice": 22, "categoryIds": ["health-beauty"], "imagePath": "https://cdn0.woolworths.media/content/wowproductimages/large/063104.jpg", "cupPrice": "$18.33 / 10ml", "unit": "each", "packageSize": "6ml", "barcode": ["9344329183800"], "isAvailable": true, "locations": ["vic", "nsw", "qld", "wa", "sa", "tas", "nt", "act"]}, {"id": "w51646-4005900662446", "store": "woolworths", "name": "Nivea Aloe Vera Moisture Fresh Shower Gel & Body Wash", "brand": "Nivea", "price": 6.85, "orgPrice": 13.7, "categoryIds": ["health-beauty"], "imagePath": "https://cdn0.woolworths.media/content/wowproductimages/large/051646.jpg", "cupPrice": "$0.69 / 100ml", "unit": "each", "packageSize": "1l", "barcode": ["4005900662446"], "isAvailable": true, "locations": ["vic", "nsw", "qld", "wa", "sa", "tas", "nt", "act"]}, {"id": "w815167-4005900543745", "store": "woolworths", "name": "Nivea Black & White Aerosol Antiperspirant Deodorant", "brand": "Nivea", "price": 3.25, "orgPrice": 6.5, "categoryIds": ["health-beauty"], "imagePath": "https://cdn0.woolworths.media/content/wowproductimages/large/815167.jpg", "cupPrice": "$1.30 / 100ml", "unit": "each", "packageSize": "250ml", "barcode": ["4005900543745"], "isAvailable": true, "locations": ["vic", "nsw", "qld", "wa", "sa", "tas", "nt", "act"]}, {"id": "w790566-4005900036469", "store": "woolworths", "name": "Nivea Black & White Clear Aerosol Antiperspirant Deodorant", "brand": "Nivea", "price": 3.25, "orgPrice": 6.5, "categoryIds": ["health-beauty"], "imagePath": "https://cdn0.woolworths.media/content/wowproductimages/large/790566.jpg", "cupPrice": "$1.30 / 100ml", "unit": "each", "packageSize": "250ml", "barcode": ["4005900036469"], "isAvailable": true, "locations": ["vic", "nsw", "qld", "wa", "sa", "tas", "nt", "act"]}, {"id": "w635386-4005900370983", "store": "woolworths", "name": "Nivea Black & White Fresh Aerosol Antiperspirant Deodorant", "brand": "Nivea", "price": 3.25, "orgPrice": 6.5, "categoryIds": ["health-beauty"], "imagePath": "https://cdn0.woolworths.media/content/wowproductimages/large/635386.jpg", "cupPrice": "$1.30 / 100ml", "unit": "each", "packageSize": "250ml", "barcode": ["4005900370983"], "isAvailable": true, "locations": ["vic", "nsw", "qld", "wa", "sa", "tas", "nt", "act"]}, {"id": "w694039-4005900536679", "store": "woolworths", "name": "Nivea Coconut Indulgent Moisture Shower Gel & Body Wash", "brand": "Nivea", "price": 6.85, "orgPrice": 13.7, "categoryIds": ["health-beauty"], "imagePath": "https://cdn0.woolworths.media/content/wowproductimages/large/694039.jpg", "cupPrice": "$0.69 / 100ml", "unit": "each", "packageSize": "1l", "barcode": ["4005900536679"], "isAvailable": true, "locations": ["vic", "nsw", "qld", "wa", "sa", "tas", "nt", "act"]}, {"id": "w790569-4005900105523", "store": "woolworths", "name": "Nivea Double Effect Aerosol Antiperspirant Deodorant", "brand": "Nivea", "price": 3.25, "orgPrice": 6.5, "categoryIds": ["health-beauty"], "imagePath": "https://cdn0.woolworths.media/content/wowproductimages/large/790569.jpg", "cupPrice": "$1.30 / 100ml", "unit": "each", "packageSize": "250ml", "barcode": ["4005900105523"], "isAvailable": true, "locations": ["vic", "nsw", "qld", "wa", "sa", "tas", "nt", "act"]}, {"id": "w699888-4005900509987", "store": "woolworths", "name": "Nivea Everyday Active Fresh Aerosol Antiperspirant Deodorant", "brand": "Nivea", "price": 3.25, "orgPrice": 6.5, "categoryIds": ["health-beauty"], "imagePath": "https://cdn0.woolworths.media/content/wowproductimages/large/699888.jpg", "cupPrice": "$1.30 / 100ml", "unit": "each", "packageSize": "250ml", "barcode": ["4005900509987"], "isAvailable": true, "locations": ["vic", "nsw", "qld", "wa", "sa", "tas", "nt", "act"]}, {"id": "w111999-5025970023281", "store": "woolworths", "name": "Nivea For Men Active Comfort Aftershave Balm Sensitive", "brand": "Nivea", "price": 5.75, "orgPrice": 11.5, "categoryIds": ["health-beauty"], "imagePath": "https://cdn0.woolworths.media/content/wowproductimages/large/111999.jpg", "cupPrice": "$5.75 / 100ml", "unit": "each", "packageSize": "100ml", "barcode": ["5025970023281"], "isAvailable": true, "locations": ["vic", "nsw", "qld", "wa", "sa", "tas", "nt", "act"]}, {"id": "w263140-4005808222698", "store": "woolworths", "name": "Nivea For Men Shave Foam Sensitive", "brand": "Nivea", "price": 2.9, "orgPrice": 5.8, "categoryIds": ["health-beauty"], "imagePath": "https://cdn0.woolworths.media/content/wowproductimages/large/263140.jpg", "cupPrice": "$1.45 / 100ml", "unit": "each", "packageSize": "200ml", "barcode": ["4005808222698"], "isAvailable": true, "locations": ["vic", "nsw", "qld", "wa", "sa", "tas", "nt", "act"]}, {"id": "w248013-5025970023250", "store": "woolworths", "name": "Nivea For Men Shave Gel Moisturising", "brand": "Nivea", "price": 3, "orgPrice": 6, "categoryIds": ["health-beauty"], "imagePath": "https://cdn0.woolworths.media/content/wowproductimages/large/248013.jpg", "cupPrice": "$1.50 / 100ml", "unit": "each", "packageSize": "200ml", "barcode": ["5025970023250"], "isAvailable": true, "locations": ["vic", "nsw", "qld", "wa", "sa", "tas", "nt", "act"]}, {"id": "w111340-5025970023243", "store": "woolworths", "name": "Nivea For Men Shave Gel Sensitive", "brand": "Nivea", "price": 3, "orgPrice": 6, "categoryIds": ["health-beauty"], "imagePath": "https://cdn0.woolworths.media/content/wowproductimages/large/111340.jpg", "cupPrice": "$1.50 / 100ml", "unit": "each", "packageSize": "200ml", "barcode": ["5025970023243"], "isAvailable": true, "locations": ["vic", "nsw", "qld", "wa", "sa", "tas", "nt", "act"]}, {"id": "w700173-4005900536686", "store": "woolworths", "name": "Nivea Indulgent Honey Shower Gel & Body Wash", "brand": "Nivea", "price": 6.85, "orgPrice": 13.7, "categoryIds": ["health-beauty"], "imagePath": "https://cdn0.woolworths.media/content/wowproductimages/large/700173.jpg", "cupPrice": "$0.69 / 100ml", "unit": "each", "packageSize": "1l", "barcode": ["4005900536686"], "isAvailable": true, "locations": ["vic", "nsw", "qld", "wa", "sa", "tas", "nt", "act"]}, {"id": "w803241-4005900511140", "store": "woolworths", "name": "Nivea Men Deep Shave Gel", "brand": "Nivea", "price": 3, "orgPrice": 6, "categoryIds": ["health-beauty"], "imagePath": "https://cdn0.woolworths.media/content/wowproductimages/large/803241.jpg", "cupPrice": "$1.50 / 100ml", "unit": "each", "packageSize": "200ml", "barcode": ["4005900511140"], "isAvailable": true, "locations": ["vic", "nsw", "qld", "wa", "sa", "tas", "nt", "act"]}, {"id": "w748677-4005900036490", "store": "woolworths", "name": "Nivea Men Deodorant Aerosol Black & White Aero", "brand": "Nivea", "price": 3.25, "orgPrice": 6.5, "categoryIds": ["health-beauty"], "imagePath": "https://cdn0.woolworths.media/content/wowproductimages/large/748677.jpg", "cupPrice": "$1.30 / 100ml", "unit": "each", "packageSize": "250ml", "barcode": ["4005900036490"], "isAvailable": true, "locations": ["vic", "nsw", "qld", "wa", "sa", "tas", "nt", "act"]}, {"id": "w748713-4005808298174", "store": "woolworths", "name": "Nivea Men Deodorant Aerosol Cool Kick", "brand": "Nivea", "price": 3.25, "orgPrice": 6.5, "categoryIds": ["health-beauty"], "imagePath": "https://cdn0.woolworths.media/content/wowproductimages/large/748713.jpg", "cupPrice": "$1.30 / 100ml", "unit": "each", "packageSize": "153g", "barcode": ["4005808298174"], "isAvailable": true, "locations": ["vic", "nsw", "qld", "wa", "sa", "tas", "nt", "act"]}, {"id": "w748712-4005808298051", "store": "woolworths", "name": "Nivea Men Deodorant Aerosol Dry Impact Aero", "brand": "Nivea", "price": 3.25, "orgPrice": 6.5, "categoryIds": ["health-beauty"], "imagePath": "https://cdn0.woolworths.media/content/wowproductimages/large/748712.jpg", "cupPrice": "$1.30 / 100ml", "unit": "each", "packageSize": "153g", "barcode": ["4005808298051"], "isAvailable": true, "locations": ["vic", "nsw", "qld", "wa", "sa", "tas", "nt", "act"]}, {"id": "w748714-4005808665273", "store": "woolworths", "name": "Nivea Men Deodorant Aerosol Sensitive Protect", "brand": "Nivea", "price": 3.25, "orgPrice": 6.5, "categoryIds": ["health-beauty"], "imagePath": "https://cdn0.woolworths.media/content/wowproductimages/large/748714.jpg", "cupPrice": "$1.30 / 100ml", "unit": "each", "packageSize": "250ml", "barcode": ["4005808665273"], "isAvailable": true, "locations": ["vic", "nsw", "qld", "wa", "sa", "tas", "nt", "act"]}, {"id": "w749506-4005808277476", "store": "woolworths", "name": "Nivea Men Deodorant Aerosol Stress Protect", "brand": "Nivea", "price": 3.25, "orgPrice": 6.5, "categoryIds": ["health-beauty"], "imagePath": "https://cdn0.woolworths.media/content/wowproductimages/large/749506.jpg", "cupPrice": "$1.30 / 100ml", "unit": "each", "packageSize": "153g", "barcode": ["4005808277476"], "isAvailable": true, "locations": ["vic", "nsw", "qld", "wa", "sa", "tas", "nt", "act"]}, {"id": "w79894-4005900610126", "store": "woolworths", "name": "Nivea Men Sensitive Stubble Shave Gel", "brand": "Nivea", "price": 3, "orgPrice": 6, "categoryIds": ["health-beauty"], "imagePath": "https://cdn0.woolworths.media/content/wowproductimages/large/079894.jpg", "cupPrice": "$1.50 / 100ml", "unit": "each", "packageSize": "200ml", "barcode": ["4005900610126"], "isAvailable": true, "locations": ["vic", "nsw", "qld", "wa", "sa", "tas", "nt", "act"]}, {"id": "w855564-4005808837335", "store": "woolworths", "name": "Nivea Pearl & Beauty Aerosol Antiperspirant Deodorant", "brand": "Nivea", "price": 3.25, "orgPrice": 6.5, "categoryIds": ["health-beauty"], "imagePath": "https://cdn0.woolworths.media/content/wowproductimages/large/855564.jpg", "cupPrice": "$1.30 / 100ml", "unit": "each", "packageSize": "250ml", "barcode": ["4005808837335"], "isAvailable": true, "locations": ["vic", "nsw", "qld", "wa", "sa", "tas", "nt", "act"]}, {"id": "w694036-4005900536662", "store": "woolworths", "name": "Nivea Rich Moisture Soft Shower Gel & Body Wash", "brand": "Nivea", "price": 6.85, "orgPrice": 13.7, "categoryIds": ["health-beauty"], "imagePath": "https://cdn0.woolworths.media/content/wowproductimages/large/694036.jpg", "cupPrice": "$0.69 / 100ml", "unit": "each", "packageSize": "1l", "barcode": ["4005900536662"], "isAvailable": true, "locations": ["vic", "nsw", "qld", "wa", "sa", "tas", "nt", "act"]}, {"id": "w790555-4005808714735", "store": "woolworths", "name": "Nivea Stress Protect Aerosol Antiperspirant Deodorant", "brand": "Nivea", "price": 3.25, "orgPrice": 6.5, "categoryIds": ["health-beauty"], "imagePath": "https://cdn0.woolworths.media/content/wowproductimages/large/790555.jpg", "cupPrice": "$1.30 / 100ml", "unit": "each", "packageSize": "250ml", "barcode": ["4005808714735"], "isAvailable": true, "locations": ["vic", "nsw", "qld", "wa", "sa", "tas", "nt", "act"]}, {"id": "w824855-4902430799607", "store": "woolworths", "name": "Oral-b 3d White Therapy Toothpaste Enamel Care", "brand": "Oral-b", "price": 6, "orgPrice": 12, "categoryIds": ["health-beauty"], "imagePath": "https://cdn0.woolworths.media/content/wowproductimages/large/824855.jpg", "cupPrice": "$6.32 / 100g", "unit": "each", "packageSize": "95g", "barcode": ["4902430799607"], "isAvailable": true, "locations": ["vic", "nsw", "qld", "wa", "sa", "tas", "nt", "act"]}, {"id": "w80824-4902430883658", "store": "woolworths", "name": "Oral-b 3d Whitening Therapy Charcoal ", "brand": "Oral-b", "price": 6, "orgPrice": 12, "categoryIds": ["health-beauty"], "imagePath": "https://cdn0.woolworths.media/content/wowproductimages/large/080824.jpg", "cupPrice": "$6.32 / 100g", "unit": "each", "packageSize": "95g", "barcode": ["4902430883658"], "isAvailable": true, "locations": ["vic", "nsw", "qld", "wa", "sa", "tas", "nt", "act"]}, {"id": "w820436-4902430812740", "store": "woolworths", "name": "Oral-b Gum Detoxify Intensive Clean Toothpaste", "brand": "Oral-b", "price": 6, "orgPrice": 12, "categoryIds": ["health-beauty"], "imagePath": "https://cdn0.woolworths.media/content/wowproductimages/large/820436.jpg", "cupPrice": "$5.45 / 100g", "unit": "each", "packageSize": "110g", "barcode": ["4902430812740"], "isAvailable": true, "locations": ["vic", "nsw", "qld", "wa", "sa", "tas", "nt", "act"]}, {"id": "w678321-4902430753104", "store": "woolworths", "name": "Oral-b Pro Health Clean Mint Toothpaste", "brand": "Oral-b", "price": 3.5, "orgPrice": 7, "categoryIds": ["health-beauty"], "imagePath": "https://cdn0.woolworths.media/content/wowproductimages/large/678321.jpg", "cupPrice": "$1.84 / 100g", "unit": "each", "packageSize": "190g", "barcode": ["4902430753104"], "isAvailable": true, "locations": ["vic", "nsw", "qld", "wa", "sa", "tas", "nt", "act"]}, {"id": "w426213-4902430670258", "store": "woolworths", "name": "Oral-b Pro Health Fluoride Toothpaste Advanced Deep Clean Mint", "brand": "Oral-b", "price": 2.49, "orgPrice": 4.99, "categoryIds": ["health-beauty"], "imagePath": "https://cdn0.woolworths.media/content/wowproductimages/large/426213.jpg", "cupPrice": "$2.26 / 100g", "unit": "each", "packageSize": "110g", "barcode": ["4902430670258"], "isAvailable": true, "locations": ["vic", "nsw", "qld", "wa", "sa", "tas", "nt", "act"]}, {"id": "w678320-4902430753128", "store": "woolworths", "name": "Oral-b Pro Health Fresh Mint Toothpaste", "brand": "Oral-b", "price": 3.5, "orgPrice": 7, "categoryIds": ["health-beauty"], "imagePath": "https://cdn0.woolworths.media/content/wowproductimages/large/678320.jpg", "cupPrice": "$1.84 / 100g", "unit": "each", "packageSize": "190g", "barcode": ["4902430753128"], "isAvailable": true, "locations": ["vic", "nsw", "qld", "wa", "sa", "tas", "nt", "act"]}, {"id": "w426208-4902430670265", "store": "woolworths", "name": "Oral-b Pro Health Toothpaste Advanced Whitening", "brand": "Oral-b", "price": 2.49, "orgPrice": 4.99, "categoryIds": ["health-beauty"], "imagePath": "https://cdn0.woolworths.media/content/wowproductimages/large/426208.jpg", "cupPrice": "$2.26 / 100g", "unit": "each", "packageSize": "110g", "barcode": ["4902430670265"], "isAvailable": true, "locations": ["vic", "nsw", "qld", "wa", "sa", "tas", "nt", "act"]}, {"id": "w81286-4902430883665", "store": "woolworths", "name": "Oral-b Pro-health Advanced All Around Protection Toothpaste", "brand": "Oral-b", "price": 2.5, "orgPrice": 5, "categoryIds": ["health-beauty"], "imagePath": "https://cdn0.woolworths.media/content/wowproductimages/large/081286.jpg", "cupPrice": "$2.27 / 100g", "unit": "each", "packageSize": "110g", "barcode": ["4902430883665"], "isAvailable": true, "locations": ["vic", "nsw", "qld", "wa", "sa", "tas", "nt", "act"]}, {"id": "w82143-4902430883672", "store": "woolworths", "name": "Oral-b Pro-health Advanced Gum Protect Toothpaste", "brand": "Oral-b", "price": 2.5, "orgPrice": 5, "categoryIds": ["health-beauty"], "imagePath": "https://cdn0.woolworths.media/content/wowproductimages/large/082143.jpg", "cupPrice": "$2.27 / 100g", "unit": "each", "packageSize": "110g", "barcode": ["4902430883672"], "isAvailable": true, "locations": ["vic", "nsw", "qld", "wa", "sa", "tas", "nt", "act"]}, {"id": "w43748-8850006931967", "store": "woolworths", "name": "Palmolive Clarifying Micellar Conditioner Rose Oil", "brand": "Palmolive", "price": 4, "orgPrice": 8, "categoryIds": ["health-beauty"], "imagePath": "https://cdn0.woolworths.media/content/wowproductimages/large/043748.jpg", "cupPrice": "$1.08 / 100ml", "unit": "each", "packageSize": "370ml", "barcode": ["8850006931967"], "isAvailable": true, "locations": ["vic", "nsw", "qld", "wa", "sa", "tas", "nt", "act"]}, {"id": "w43746-8850006931981", "store": "woolworths", "name": "Palmolive Clarifying Micellar Hair Shampoo Rose Oil", "brand": "Palmolive", "price": 4, "orgPrice": 8, "categoryIds": ["health-beauty"], "imagePath": "https://cdn0.woolworths.media/content/wowproductimages/large/043746.jpg", "cupPrice": "$1.08 / 100ml", "unit": "each", "packageSize": "370ml", "barcode": ["8850006931981"], "isAvailable": true, "locations": ["vic", "nsw", "qld", "wa", "sa", "tas", "nt", "act"]}, {"id": "w842626-8850006493205", "store": "woolworths", "name": "Palmolive Kids 3 In 1 Bodywash Shampoo & Conditioner Happy Apple", "brand": "Palmolive", "price": 2.5, "orgPrice": 5, "categoryIds": ["health-beauty"], "imagePath": "https://cdn0.woolworths.media/content/wowproductimages/large/842626.jpg", "cupPrice": "$0.71 / 100ml", "unit": "each", "packageSize": "350ml", "barcode": ["8850006493205"], "isAvailable": true, "locations": ["vic", "nsw", "qld", "wa", "sa", "tas", "nt", "act"]}, {"id": "w814206-8850006480878", "store": "woolworths", "name": "Palmolive Luminous Oils Coconut Oil & Frangipani Enriching Body Wash", "brand": "Palmolive", "price": 3, "orgPrice": 6, "categoryIds": ["health-beauty"], "imagePath": "https://cdn0.woolworths.media/content/wowproductimages/large/814206.jpg", "cupPrice": "$0.75 / 100ml", "unit": "each", "packageSize": "400ml", "barcode": ["8850006480878"], "isAvailable": true, "locations": ["vic", "nsw", "qld", "wa", "sa", "tas", "nt", "act"]}, {"id": "w676541-8850006480854", "store": "woolworths", "name": "Palmolive Luminous Oils Macadamia Oil & Peony Invigorating Body Wash", "brand": "Palmolive", "price": 3, "orgPrice": 6, "categoryIds": ["health-beauty"], "imagePath": "https://cdn0.woolworths.media/content/wowproductimages/large/676541.jpg", "cupPrice": "$0.75 / 100ml", "unit": "each", "packageSize": "400ml", "barcode": ["8850006480854"], "isAvailable": true, "locations": ["vic", "nsw", "qld", "wa", "sa", "tas", "nt", "act"]}, {"id": "w791621-8850006481332", "store": "woolworths", "name": "Palmolive Luminous Oils Moroccan Argan Oil & Camellia Protect Shampoo", "brand": "Palmolive", "price": 2.5, "orgPrice": 5, "categoryIds": ["health-beauty"], "imagePath": "https://cdn0.woolworths.media/content/wowproductimages/large/791621.jpg", "cupPrice": "$0.71 / 100ml", "unit": "each", "packageSize": "350ml", "barcode": ["8850006481332"], "isAvailable": true, "locations": ["vic", "nsw", "qld", "wa", "sa", "tas", "nt", "act"]}, {"id": "w792531-8850006481356", "store": "woolworths", "name": "Palmolive Luminous Oils Moroccan Argan Oil Camellia Hair Conditioner", "brand": "Palmolive", "price": 2.5, "orgPrice": 5, "categoryIds": ["health-beauty"], "imagePath": "https://cdn0.woolworths.media/content/wowproductimages/large/792531.jpg", "cupPrice": "$0.71 / 100ml", "unit": "each", "packageSize": "350ml", "barcode": ["8850006481356"], "isAvailable": true, "locations": ["vic", "nsw", "qld", "wa", "sa", "tas", "nt", "act"]}, {"id": "w792534-8850006481363", "store": "woolworths", "name": "Palmolive Luminous Oils Rose Petal Oil & Bamboo Renew Hair Conditioner", "brand": "Palmolive", "price": 2.5, "orgPrice": 5, "categoryIds": ["health-beauty"], "imagePath": "https://cdn0.woolworths.media/content/wowproductimages/large/792534.jpg", "cupPrice": "$0.71 / 100ml", "unit": "each", "packageSize": "350ml", "barcode": ["8850006481363"], "isAvailable": true, "locations": ["vic", "nsw", "qld", "wa", "sa", "tas", "nt", "act"]}, {"id": "w792532-8850006481349", "store": "woolworths", "name": "Palmolive Luminous Oils Rose Petal Oil & Bamboo Restore & Renew Shampoo", "brand": "Palmolive", "price": 2.5, "orgPrice": 5, "categoryIds": ["health-beauty"], "imagePath": "https://cdn0.woolworths.media/content/wowproductimages/large/792532.jpg", "cupPrice": "$0.71 / 100ml", "unit": "each", "packageSize": "350ml", "barcode": ["8850006481349"], "isAvailable": true, "locations": ["vic", "nsw", "qld", "wa", "sa", "tas", "nt", "act"]}, {"id": "w43745-8850006930748", "store": "woolworths", "name": "Palmolive Men's Anti Dandruff Shampoo ", "brand": "Palmolive", "price": 2.5, "orgPrice": 5, "categoryIds": ["health-beauty"], "imagePath": "https://cdn0.woolworths.media/content/wowproductimages/large/043745.jpg", "cupPrice": "$0.71 / 100ml", "unit": "each", "packageSize": "350ml", "barcode": ["8850006930748"], "isAvailable": true, "locations": ["vic", "nsw", "qld", "wa", "sa", "tas", "nt", "act"]}, {"id": "w43731-8850006931202", "store": "woolworths", "name": "Palmolive Men's Charcoal Body Wash ", "brand": "Palmolive", "price": 3.75, "orgPrice": 7.5, "categoryIds": ["health-beauty"], "imagePath": "https://cdn0.woolworths.media/content/wowproductimages/large/043731.jpg", "cupPrice": "$0.83 / 100ml", "unit": "each", "packageSize": "450ml", "barcode": ["8850006931202"], "isAvailable": true, "locations": ["vic", "nsw", "qld", "wa", "sa", "tas", "nt", "act"]}, {"id": "w80562-8850006932094", "store": "woolworths", "name": "Palmolive Micellar Aloe Vera Body Wash", "brand": "Palmolive", "price": 3.5, "orgPrice": 7, "categoryIds": ["health-beauty"], "imagePath": "https://cdn0.woolworths.media/content/wowproductimages/large/080562.jpg", "cupPrice": "$0.88 / 100ml", "unit": "each", "packageSize": "400ml", "barcode": ["8850006932094"], "isAvailable": true, "locations": ["vic", "nsw", "qld", "wa", "sa", "tas", "nt", "act"]}, {"id": "w43755-8850006931974", "store": "woolworths", "name": "Palmolive Micellar Conditioner Geranium Orange Oil", "brand": "Palmolive", "price": 4, "orgPrice": 8, "categoryIds": ["health-beauty"], "imagePath": "https://cdn0.woolworths.media/content/wowproductimages/large/043755.jpg", "cupPrice": "$1.08 / 100ml", "unit": "each", "packageSize": "370ml", "barcode": ["8850006931974"], "isAvailable": true, "locations": ["vic", "nsw", "qld", "wa", "sa", "tas", "nt", "act"]}, {"id": "w77851-8850006932100", "store": "woolworths", "name": "Palmolive Micellar Cotton Body Wash", "brand": "Palmolive", "price": 3.5, "orgPrice": 7, "categoryIds": ["health-beauty"], "imagePath": "https://cdn0.woolworths.media/content/wowproductimages/large/077851.jpg", "cupPrice": "$0.88 / 100ml", "unit": "each", "packageSize": "400ml", "barcode": ["8850006932100"], "isAvailable": true, "locations": ["vic", "nsw", "qld", "wa", "sa", "tas", "nt", "act"]}, {"id": "w43753-8850006931998", "store": "woolworths", "name": "Palmolive Micellar Healthy Shine Shampoo Geranium & Orange Oil", "brand": "Palmolive", "price": 4, "orgPrice": 8, "categoryIds": ["health-beauty"], "imagePath": "https://cdn0.woolworths.media/content/wowproductimages/large/043753.jpg", "cupPrice": "$1.08 / 100ml", "unit": "each", "packageSize": "370ml", "barcode": ["8850006931998"], "isAvailable": true, "locations": ["vic", "nsw", "qld", "wa", "sa", "tas", "nt", "act"]}, {"id": "w79977-8850006932117", "store": "woolworths", "name": "Palmolive Micellar Rose Body Wash", "brand": "Palmolive", "price": 3.5, "orgPrice": 7, "categoryIds": ["health-beauty"], "imagePath": "https://cdn0.woolworths.media/content/wowproductimages/large/079977.jpg", "cupPrice": "$0.88 / 100ml", "unit": "each", "packageSize": "400ml", "barcode": ["8850006932117"], "isAvailable": true, "locations": ["vic", "nsw", "qld", "wa", "sa", "tas", "nt", "act"]}, {"id": "w842530-8850006493137", "store": "woolworths", "name": "Palmolive Naturals Anti-dandruff 2in1 Shampoo & Hair Conditioner", "brand": "Palmolive", "price": 2.25, "orgPrice": 4.5, "categoryIds": ["health-beauty"], "imagePath": "https://cdn0.woolworths.media/content/wowproductimages/large/842530.jpg", "cupPrice": "$0.64 / 100ml", "unit": "each", "packageSize": "350ml", "barcode": ["8850006493137"], "isAvailable": true, "locations": ["vic", "nsw", "qld", "wa", "sa", "tas", "nt", "act"]}, {"id": "w842810-4902430637336", "store": "woolworths", "name": "Pantene Pro-v Colour Therapy Conditioner", "brand": "Pantene", "price": 8.5, "orgPrice": 17, "categoryIds": ["health-beauty"], "imagePath": "https://cdn0.woolworths.media/content/wowproductimages/large/842810.jpg", "cupPrice": "$0.94 / 100ml", "unit": "each", "packageSize": "900ml", "barcode": ["4902430637336"], "isAvailable": true, "locations": ["vic", "nsw", "qld", "wa", "sa", "tas", "nt", "act"]}, {"id": "w842632-4902430637329", "store": "woolworths", "name": "Pantene Pro-v Colour Therapy Shampoo", "brand": "Pantene", "price": 8.5, "orgPrice": 17, "categoryIds": ["health-beauty"], "imagePath": "https://cdn0.woolworths.media/content/wowproductimages/large/842632.jpg", "cupPrice": "$0.94 / 100ml", "unit": "each", "packageSize": "900ml", "barcode": ["4902430637329"], "isAvailable": true, "locations": ["vic", "nsw", "qld", "wa", "sa", "tas", "nt", "act"]}, {"id": "w842807-4902430638074", "store": "woolworths", "name": "Pantene Pro-v Daily Moisture Renewal Conditioner", "brand": "Pantene", "price": 8.5, "orgPrice": 17, "categoryIds": ["health-beauty"], "imagePath": "https://cdn0.woolworths.media/content/wowproductimages/large/842807.jpg", "cupPrice": "$0.94 / 100ml", "unit": "each", "packageSize": "900ml", "barcode": ["4902430638074"], "isAvailable": true, "locations": ["vic", "nsw", "qld", "wa", "sa", "tas", "nt", "act"]}, {"id": "w842806-4902430637299", "store": "woolworths", "name": "Pantene Pro-v Daily Moisture Renewal Shampoo", "brand": "Pantene", "price": 8.5, "orgPrice": 17, "categoryIds": ["health-beauty"], "imagePath": "https://cdn0.woolworths.media/content/wowproductimages/large/842806.jpg", "cupPrice": "$0.94 / 100ml", "unit": "each", "packageSize": "900ml", "barcode": ["4902430637299"], "isAvailable": true, "locations": ["vic", "nsw", "qld", "wa", "sa", "tas", "nt", "act"]}, {"id": "w842887-4902430637404", "store": "woolworths", "name": "Pantene Pro-v Smooth & Sleek Conditioner", "brand": "Pantene", "price": 8.5, "orgPrice": 17, "categoryIds": ["health-beauty"], "imagePath": "https://cdn0.woolworths.media/content/wowproductimages/large/842887.jpg", "cupPrice": "$0.94 / 100ml", "unit": "each", "packageSize": "900ml", "barcode": ["4902430637404"], "isAvailable": true, "locations": ["vic", "nsw", "qld", "wa", "sa", "tas", "nt", "act"]}, {"id": "w842812-4902430637398", "store": "woolworths", "name": "Pantene Pro-v Smooth & Sleek Shampoo", "brand": "Pantene", "price": 8.5, "orgPrice": 17, "categoryIds": ["health-beauty"], "imagePath": "https://cdn0.woolworths.media/content/wowproductimages/large/842812.jpg", "cupPrice": "$0.94 / 100ml", "unit": "each", "packageSize": "900ml", "barcode": ["4902430637398"], "isAvailable": true, "locations": ["vic", "nsw", "qld", "wa", "sa", "tas", "nt", "act"]}, {"id": "w842809-4902430637381", "store": "woolworths", "name": "Pantene Pro-v Ultimate 10 Conditioner", "brand": "Pantene", "price": 8.5, "orgPrice": 17, "categoryIds": ["health-beauty"], "imagePath": "https://cdn0.woolworths.media/content/wowproductimages/large/842809.jpg", "cupPrice": "$0.94 / 100ml", "unit": "each", "packageSize": "900ml", "barcode": ["4902430637381"], "isAvailable": true, "locations": ["vic", "nsw", "qld", "wa", "sa", "tas", "nt", "act"]}, {"id": "w842808-4902430637428", "store": "woolworths", "name": "Pantene Pro-v Ultimate 10 Shampoo", "brand": "Pantene", "price": 8.5, "orgPrice": 17, "categoryIds": ["health-beauty"], "imagePath": "https://cdn0.woolworths.media/content/wowproductimages/large/842808.jpg", "cupPrice": "$0.94 / 100ml", "unit": "each", "packageSize": "900ml", "barcode": ["4902430637428"], "isAvailable": true, "locations": ["vic", "nsw", "qld", "wa", "sa", "tas", "nt", "act"]}, {"id": "w803895-5012583105091", "store": "woolworths", "name": "Schwarzkopf Got2b Glued Hairspray ", "brand": "Schwarzkopf", "price": 6.5, "orgPrice": 13, "categoryIds": ["health-beauty"], "imagePath": "https://cdn0.woolworths.media/content/wowproductimages/large/803895.jpg", "cupPrice": "$2.17 / 100ml", "unit": "each", "packageSize": "300ml", "barcode": ["5012583105091"], "isAvailable": true, "locations": ["vic", "nsw", "qld", "wa", "sa", "tas", "nt", "act"]}, {"id": "w683999-5012583105107", "store": "woolworths", "name": "Schwarzkopf Got2b Hairspray 2 Sexy", "brand": "Schwarzkopf", "price": 6.5, "orgPrice": 13, "categoryIds": ["health-beauty"], "imagePath": "https://cdn0.woolworths.media/content/wowproductimages/large/683999.jpg", "cupPrice": "$2.17 / 100ml", "unit": "each", "packageSize": "300ml", "barcode": ["5012583105107"], "isAvailable": true, "locations": ["vic", "nsw", "qld", "wa", "sa", "tas", "nt", "act"]}, {"id": "w684902-8809462421772", "store": "woolworths", "name": "Skin Republic 2 Step Hyaluronic Acid & Collagen Face Mask", "brand": "Skin Republic", "price": 5, "orgPrice": 10, "categoryIds": ["health-beauty"], "imagePath": "https://cdn0.woolworths.media/content/wowproductimages/large/684902.jpg", "cupPrice": "$5.00 / 1ea", "unit": "each", "packageSize": "each", "barcode": ["8809462421772"], "isAvailable": true, "locations": ["vic", "nsw", "qld", "wa", "sa", "tas", "nt", "act"]}, {"id": "w486428-9300830029785", "store": "woolworths", "name": "Sunsilk Biotin Conditioner Longer & Stronger", "brand": "Sunsilk", "price": 2.75, "orgPrice": 5.5, "categoryIds": ["health-beauty"], "imagePath": "https://cdn0.woolworths.media/content/wowproductimages/large/486428.jpg", "cupPrice": "$0.79 / 100ml", "unit": "each", "packageSize": "350ml", "barcode": ["9300830029785"], "isAvailable": true, "locations": ["vic", "nsw", "qld", "wa", "sa", "tas", "nt", "act"]}, {"id": "w463186-9300830030811", "store": "woolworths", "name": "Sunsilk Biotin Conditioner Longer & Stronger", "brand": "Sunsilk", "price": 5, "orgPrice": 10, "categoryIds": ["health-beauty"], "imagePath": "https://cdn0.woolworths.media/content/wowproductimages/large/463186.jpg", "cupPrice": "$0.71 / 100ml", "unit": "each", "packageSize": "700ml", "barcode": ["9300830030811"], "isAvailable": true, "locations": ["vic", "nsw", "qld", "wa", "sa", "tas", "nt", "act"]}, {"id": "w463195-9300830032204", "store": "woolworths", "name": "Sunsilk Biotin Shampoo Longer & Stronger", "brand": "Sunsilk", "price": 5, "orgPrice": 10, "categoryIds": ["health-beauty"], "imagePath": "https://cdn0.woolworths.media/content/wowproductimages/large/463195.jpg", "cupPrice": "$0.71 / 100ml", "unit": "each", "packageSize": "700ml", "barcode": ["9300830032204"], "isAvailable": true, "locations": ["vic", "nsw", "qld", "wa", "sa", "tas", "nt", "act"]}, {"id": "w486433-9300830029235", "store": "woolworths", "name": "Sunsilk Biotin Shampoo Longer & Stronger", "brand": "Sunsilk", "price": 2.75, "orgPrice": 5.5, "categoryIds": ["health-beauty"], "imagePath": "https://cdn0.woolworths.media/content/wowproductimages/large/486433.jpg", "cupPrice": "$0.79 / 100ml", "unit": "each", "packageSize": "350ml", "barcode": ["9300830029235"], "isAvailable": true, "locations": ["vic", "nsw", "qld", "wa", "sa", "tas", "nt", "act"]}, {"id": "w490137-9300830029853", "store": "woolworths", "name": "Sunsilk Conditioner Addictive Brilliant Shine", "brand": "Sunsilk", "price": 2.75, "orgPrice": 5.5, "categoryIds": ["health-beauty"], "imagePath": "https://cdn0.woolworths.media/content/wowproductimages/large/490137.jpg", "cupPrice": "$0.79 / 100ml", "unit": "each", "packageSize": "350ml", "barcode": ["9300830029853"], "isAvailable": true, "locations": ["vic", "nsw", "qld", "wa", "sa", "tas", "nt", "act"]}, {"id": "w463191-9300830030675", "store": "woolworths", "name": "Sunsilk Conditioner Addictive Brilliant Shine", "brand": "Sunsilk", "price": 5, "orgPrice": 10, "categoryIds": ["health-beauty"], "imagePath": "https://cdn0.woolworths.media/content/wowproductimages/large/463191.jpg", "cupPrice": "$0.71 / 100ml", "unit": "each", "packageSize": "700ml", "barcode": ["9300830030675"], "isAvailable": true, "locations": ["vic", "nsw", "qld", "wa", "sa", "tas", "nt", "act"]}, {"id": "w463180-9300830030989", "store": "woolworths", "name": "Sunsilk Conditioner Soft & Smooth", "brand": "Sunsilk", "price": 5, "orgPrice": 10, "categoryIds": ["health-beauty"], "imagePath": "https://cdn0.woolworths.media/content/wowproductimages/large/463180.jpg", "cupPrice": "$0.71 / 100ml", "unit": "each", "packageSize": "700ml", "barcode": ["9300830030989"], "isAvailable": true, "locations": ["vic", "nsw", "qld", "wa", "sa", "tas", "nt", "act"]}, {"id": "w804087-9300830048502", "store": "woolworths", "name": "Sunsilk Conditioner Summer Care", "brand": "Sunsilk", "price": 5, "orgPrice": 10, "categoryIds": ["health-beauty"], "imagePath": "https://cdn0.woolworths.media/content/wowproductimages/large/804087.jpg", "cupPrice": "$0.71 / 100ml", "unit": "each", "packageSize": "700ml", "barcode": ["9300830048502"], "isAvailable": true, "locations": ["vic", "nsw", "qld", "wa", "sa", "tas", "nt", "act"]}, {"id": "w486476-9300830029099", "store": "woolworths", "name": "Sunsilk Keratin Conditioner Defeat Damage", "brand": "Sunsilk", "price": 2.75, "orgPrice": 5.5, "categoryIds": ["health-beauty"], "imagePath": "https://cdn0.woolworths.media/content/wowproductimages/large/486476.jpg", "cupPrice": "$0.79 / 100ml", "unit": "each", "packageSize": "350ml", "barcode": ["9300830029099"], "isAvailable": true, "locations": ["vic", "nsw", "qld", "wa", "sa", "tas", "nt", "act"]}, {"id": "w463182-9300830030743", "store": "woolworths", "name": "Sunsilk Keratin Conditioner Defeat Damage", "brand": "Sunsilk", "price": 5, "orgPrice": 10, "categoryIds": ["health-beauty"], "imagePath": "https://cdn0.woolworths.media/content/wowproductimages/large/463182.jpg", "cupPrice": "$0.71 / 100ml", "unit": "each", "packageSize": "700ml", "barcode": ["9300830030743"], "isAvailable": true, "locations": ["vic", "nsw", "qld", "wa", "sa", "tas", "nt", "act"]}, {"id": "w486482-9300830028863", "store": "woolworths", "name": "Sunsilk Keratin Shampoo Defeat Damage", "brand": "Sunsilk", "price": 2.75, "orgPrice": 5.5, "categoryIds": ["health-beauty"], "imagePath": "https://cdn0.woolworths.media/content/wowproductimages/large/486482.jpg", "cupPrice": "$0.79 / 100ml", "unit": "each", "packageSize": "350ml", "barcode": ["9300830028863"], "isAvailable": true, "locations": ["vic", "nsw", "qld", "wa", "sa", "tas", "nt", "act"]}, {"id": "w463193-9300830032419", "store": "woolworths", "name": "Sunsilk Shampoo Addictive Brilliant Shine", "brand": "Sunsilk", "price": 5, "orgPrice": 10, "categoryIds": ["health-beauty"], "imagePath": "https://cdn0.woolworths.media/content/wowproductimages/large/463193.jpg", "cupPrice": "$0.71 / 100ml", "unit": "each", "packageSize": "700ml", "barcode": ["9300830032419"], "isAvailable": true, "locations": ["vic", "nsw", "qld", "wa", "sa", "tas", "nt", "act"]}, {"id": "w491925-9300830028931", "store": "woolworths", "name": "Sunsilk Shampoo Addictive Brilliant Shine", "brand": "Sunsilk", "price": 2.75, "orgPrice": 5.5, "categoryIds": ["health-beauty"], "imagePath": "https://cdn0.woolworths.media/content/wowproductimages/large/491925.jpg", "cupPrice": "$0.79 / 100ml", "unit": "each", "packageSize": "350ml", "barcode": ["9300830028931"], "isAvailable": true, "locations": ["vic", "nsw", "qld", "wa", "sa", "tas", "nt", "act"]}, {"id": "w463192-9300830032341", "store": "woolworths", "name": "Sunsilk Shampoo Defeat Damage", "brand": "Sunsilk", "price": 5, "orgPrice": 10, "categoryIds": ["health-beauty"], "imagePath": "https://cdn0.woolworths.media/content/wowproductimages/large/463192.jpg", "cupPrice": "$0.71 / 100ml", "unit": "each", "packageSize": "700ml", "barcode": ["9300830032341"], "isAvailable": true, "locations": ["vic", "nsw", "qld", "wa", "sa", "tas", "nt", "act"]}, {"id": "w486414-9300830029402", "store": "woolworths", "name": "Sunsilk Shampoo Detox For Men", "brand": "Sunsilk", "price": 2.75, "orgPrice": 5.5, "categoryIds": ["health-beauty"], "imagePath": "https://cdn0.woolworths.media/content/wowproductimages/large/486414.jpg", "cupPrice": "$0.79 / 100ml", "unit": "each", "packageSize": "350ml", "barcode": ["9300830029402"], "isAvailable": true, "locations": ["vic", "nsw", "qld", "wa", "sa", "tas", "nt", "act"]}, {"id": "w463194-9300830032587", "store": "woolworths", "name": "Sunsilk Shampoo Soft & Smooth", "brand": "Sunsilk", "price": 5, "orgPrice": 10, "categoryIds": ["health-beauty"], "imagePath": "https://cdn0.woolworths.media/content/wowproductimages/large/463194.jpg", "cupPrice": "$0.71 / 100ml", "unit": "each", "packageSize": "700ml", "barcode": ["9300830032587"], "isAvailable": true, "locations": ["vic", "nsw", "qld", "wa", "sa", "tas", "nt", "act"]}, {"id": "w486506-9300830028559", "store": "woolworths", "name": "Sunsilk Soft & Smooth Conditioner", "brand": "Sunsilk", "price": 2.75, "orgPrice": 5.5, "categoryIds": ["health-beauty"], "imagePath": "https://cdn0.woolworths.media/content/wowproductimages/large/486506.jpg", "cupPrice": "$0.79 / 100ml", "unit": "each", "packageSize": "350ml", "barcode": ["9300830028559"], "isAvailable": true, "locations": ["vic", "nsw", "qld", "wa", "sa", "tas", "nt", "act"]}, {"id": "w486505-9300830029549", "store": "woolworths", "name": "Sunsilk Soft & Smooth Shampoo", "brand": "Sunsilk", "price": 2.75, "orgPrice": 5.5, "categoryIds": ["health-beauty"], "imagePath": "https://cdn0.woolworths.media/content/wowproductimages/large/486505.jpg", "cupPrice": "$0.79 / 100ml", "unit": "each", "packageSize": "350ml", "barcode": ["9300830029549"], "isAvailable": true, "locations": ["vic", "nsw", "qld", "wa", "sa", "tas", "nt", "act"]}, {"id": "w804094-9300830048472", "store": "woolworths", "name": "Sunsilk Summer Care Conditioner ", "brand": "Sunsilk", "price": 2.75, "orgPrice": 5.5, "categoryIds": ["health-beauty"], "imagePath": "https://cdn0.woolworths.media/content/wowproductimages/large/804094.jpg", "cupPrice": "$0.79 / 100ml", "unit": "each", "packageSize": "350ml", "barcode": ["9300830048472"], "isAvailable": true, "locations": ["vic", "nsw", "qld", "wa", "sa", "tas", "nt", "act"]}, {"id": "w804093-9300830048496", "store": "woolworths", "name": "Sunsilk Summer Care Shampoo Coconut Oil & Hibiscus", "brand": "Sunsilk", "price": 5, "orgPrice": 10, "categoryIds": ["health-beauty"], "imagePath": "https://cdn0.woolworths.media/content/wowproductimages/large/804093.jpg", "cupPrice": "$0.71 / 100ml", "unit": "each", "packageSize": "700ml", "barcode": ["9300830048496"], "isAvailable": true, "locations": ["vic", "nsw", "qld", "wa", "sa", "tas", "nt", "act"]}, {"id": "w804088-9300830048489", "store": "woolworths", "name": "Sunsilk Summer Care Shampoo ", "brand": "Sunsilk", "price": 2.75, "orgPrice": 5.5, "categoryIds": ["health-beauty"], "imagePath": "https://cdn0.woolworths.media/content/wowproductimages/large/804088.jpg", "cupPrice": "$0.79 / 100ml", "unit": "each", "packageSize": "350ml", "barcode": ["9300830048489"], "isAvailable": true, "locations": ["vic", "nsw", "qld", "wa", "sa", "tas", "nt", "act"]}, {"id": "w486510-9300830029167", "store": "woolworths", "name": "Sunsilk Total Care 2 In 1 Shampoo", "brand": "Sunsilk", "price": 2.75, "orgPrice": 5.5, "categoryIds": ["health-beauty"], "imagePath": "https://cdn0.woolworths.media/content/wowproductimages/large/486510.jpg", "cupPrice": "$0.79 / 100ml", "unit": "each", "packageSize": "350ml", "barcode": ["9300830029167"], "isAvailable": true, "locations": ["vic", "nsw", "qld", "wa", "sa", "tas", "nt", "act"]}, {"id": "w61703-9311770598200", "store": "woolworths", "name": "Swisse High Strength C Immune Health Tablets", "brand": "Swisse", "price": 20, "orgPrice": 40, "categoryIds": ["health-beauty"], "imagePath": "https://cdn0.woolworths.media/content/wowproductimages/large/061703.jpg", "cupPrice": "$13.33 / 100ea", "unit": "each", "packageSize": "150 pack", "barcode": ["9311770598200"], "isAvailable": true, "locations": ["vic", "nsw", "qld", "wa", "sa", "tas", "nt", "act"]}, {"id": "w60481-9311770603232", "store": "woolworths", "name": "Swisse Kids Rest & Restore Tablets ", "brand": "Swisse", "price": 12.5, "orgPrice": 25, "categoryIds": ["health-beauty"], "imagePath": "https://cdn0.woolworths.media/content/wowproductimages/large/060481.jpg", "cupPrice": "$20.83 / 100ea", "unit": "each", "packageSize": "60 pack", "barcode": ["9311770603232"], "isAvailable": true, "locations": ["vic", "nsw", "qld", "wa", "sa", "tas", "nt", "act"]}, {"id": "w725119-9311770589666", "store": "woolworths", "name": "Swisse Ultiboost Zinc+ Tabs", "brand": "Swisse", "price": 8.1, "orgPrice": 16.2, "categoryIds": ["health-beauty"], "imagePath": "https://cdn0.woolworths.media/content/wowproductimages/large/725119.jpg", "cupPrice": "$13.50 / 100ea", "unit": "each", "packageSize": "60 pack", "barcode": ["9311770589666"], "isAvailable": true, "locations": ["vic", "nsw", "qld", "wa", "sa", "tas", "nt", "act"]}, {"id": "w89206-9311770604178", "store": "woolworths", "name": "Swisse Ultiboost High Strength Vitamin C Tablets", "brand": "Swisse", "price": 6.5, "orgPrice": 13, "categoryIds": ["health-beauty"], "imagePath": "https://cdn0.woolworths.media/content/wowproductimages/large/089206.jpg", "cupPrice": "$32.50 / 100ea", "unit": "each", "packageSize": "20 pack", "barcode": ["9311770604178"], "isAvailable": true, "locations": ["vic", "nsw", "qld", "wa", "sa", "tas", "nt", "act"]}, {"id": "w91142-9311770604239", "store": "woolworths", "name": "Swisse Ultiboost Immune Action With Andrographis Tablets", "brand": "Swisse", "price": 15, "orgPrice": 30, "categoryIds": ["health-beauty"], "imagePath": "https://cdn0.woolworths.media/content/wowproductimages/large/091142.jpg", "cupPrice": "$25.00 / 100ea", "unit": "each", "packageSize": "60 pack", "barcode": ["9311770604239"], "isAvailable": true, "locations": ["vic", "nsw", "qld", "wa", "sa", "tas", "nt", "act"]}, {"id": "w803722-4902430827911", "store": "woolworths", "name": "Tampax Pearl Compak Regular Tampons ", "brand": "Tampax", "price": 1.75, "orgPrice": 3.5, "categoryIds": ["health-beauty"], "imagePath": "https://cdn0.woolworths.media/content/wowproductimages/large/803722.jpg", "cupPrice": "$0.22 / 1ea", "unit": "each", "packageSize": "8 pack", "barcode": ["4902430827911"], "isAvailable": true, "locations": ["vic", "nsw", "qld", "wa", "sa", "tas", "nt", "act"]}, {"id": "w677775-9339687033133", "store": "woolworths", "name": "Voeu Hydrating Facial Mask Sheet ", "brand": "Voeu", "price": 2, "orgPrice": 4, "categoryIds": ["health-beauty"], "imagePath": "https://cdn0.woolworths.media/content/wowproductimages/large/677775.jpg", "cupPrice": "$2.00 / 1ea", "unit": "each", "packageSize": "each", "barcode": ["9339687033133"], "isAvailable": true, "locations": ["vic", "nsw", "qld", "wa", "sa", "tas", "nt", "act"]}, {"id": "w583777-5011417563892", "store": "woolworths", "name": "Air Wick Pure Aerosol Cherry Blossom", "brand": "Air Wick", "price": 3.5, "orgPrice": 7, "categoryIds": ["household"], "imagePath": "https://cdn0.woolworths.media/content/wowproductimages/large/583777.jpg", "cupPrice": "$2.20 / 100g", "unit": "each", "packageSize": "159g", "barcode": ["5011417563892"], "isAvailable": true, "locations": ["vic", "nsw", "qld", "wa", "sa", "tas", "nt", "act"]}, {"id": "w789600-5011417567081", "store": "woolworths", "name": "Air Wick Pure Aerosol Fresh Berries", "brand": "Air Wick", "price": 3.5, "orgPrice": 7, "categoryIds": ["household"], "imagePath": "https://cdn0.woolworths.media/content/wowproductimages/large/789600.jpg", "cupPrice": "$2.20 / 100g", "unit": "each", "packageSize": "159g", "barcode": ["5011417567081"], "isAvailable": true, "locations": ["vic", "nsw", "qld", "wa", "sa", "tas", "nt", "act"]}, {"id": "w583758-5011417563878", "store": "woolworths", "name": "Air Wick Pure Aerosol Spring Delight", "brand": "Air Wick", "price": 3.5, "orgPrice": 7, "categoryIds": ["household"], "imagePath": "https://cdn0.woolworths.media/content/wowproductimages/large/583758.jpg", "cupPrice": "$2.20 / 100g", "unit": "each", "packageSize": "159g", "barcode": ["5011417563878"], "isAvailable": true, "locations": ["vic", "nsw", "qld", "wa", "sa", "tas", "nt", "act"]}, {"id": "w82993-5011417563908", "store": "woolworths", "name": "Air Wick Pure Aerosol White Vanilla ", "brand": "Air Wick", "price": 3.5, "orgPrice": 7, "categoryIds": ["household"], "imagePath": "https://cdn0.woolworths.media/content/wowproductimages/large/082993.jpg", "cupPrice": "$2.20 / 100g", "unit": "each", "packageSize": "159g", "barcode": ["5011417563908"], "isAvailable": true, "locations": ["vic", "nsw", "qld", "wa", "sa", "tas", "nt", "act"]}, {"id": "w816968-9300701765552", "store": "woolworths", "name": "Air Wick Pure Cherry Blossom Electric Primary", "brand": "Air Wick", "price": 5.5, "orgPrice": 11, "categoryIds": ["household"], "imagePath": "https://cdn0.woolworths.media/content/wowproductimages/large/816968.jpg", "cupPrice": "$2.89 / 10ml", "unit": "each", "packageSize": "19ml", "barcode": ["9300701765552"], "isAvailable": true, "locations": ["vic", "nsw", "qld", "wa", "sa", "tas", "nt", "act"]}, {"id": "w843938-5011417570074", "store": "woolworths", "name": "Air Wick Pure Energising With Essential Oil Aerosol", "brand": "Air Wick", "price": 3.5, "orgPrice": 7, "categoryIds": ["household"], "imagePath": "https://cdn0.woolworths.media/content/wowproductimages/large/843938.jpg", "cupPrice": "$2.20 / 100g", "unit": "each", "packageSize": "159g", "barcode": ["5011417570074"], "isAvailable": true, "locations": ["vic", "nsw", "qld", "wa", "sa", "tas", "nt", "act"]}, {"id": "w840324-9300701816995", "store": "woolworths", "name": "Air Wick Pure Fresh Berries Car Single", "brand": "Air Wick", "price": 3, "orgPrice": 6, "categoryIds": ["household"], "imagePath": "https://cdn0.woolworths.media/content/wowproductimages/large/840324.jpg", "cupPrice": "$3.00 / 1ea", "unit": "each", "packageSize": "2.5ml", "barcode": ["9300701816995"], "isAvailable": true, "locations": ["vic", "nsw", "qld", "wa", "sa", "tas", "nt", "act"]}, {"id": "w676392-9300631547792", "store": "woolworths", "name": "Air Wick Pure Freshmatic Prime", "brand": "Air Wick", "price": 7.5, "orgPrice": 15, "categoryIds": ["household"], "imagePath": "https://cdn0.woolworths.media/content/wowproductimages/large/676392.jpg", "cupPrice": "$4.78 / 100g", "unit": "each", "packageSize": "157g", "barcode": ["9300631547792"], "isAvailable": true, "locations": ["vic", "nsw", "qld", "wa", "sa", "tas", "nt", "act"]}, {"id": "w83514-9300701817022", "store": "woolworths", "name": "Air Wick Pure New Car Air Freshener ", "brand": "Air Wick", "price": 3, "orgPrice": 6, "categoryIds": ["household"], "imagePath": "https://cdn0.woolworths.media/content/wowproductimages/large/083514.jpg", "cupPrice": "$12.00 / 10ml", "unit": "each", "packageSize": "2.5ml", "barcode": ["9300701817022"], "isAvailable": true, "locations": ["vic", "nsw", "qld", "wa", "sa", "tas", "nt", "act"]}, {"id": "w844653-5011417570067", "store": "woolworths", "name": "Air Wick Pure Refreshing With Essential Oil Aerosol", "brand": "Air Wick", "price": 3.5, "orgPrice": 7, "categoryIds": ["household"], "imagePath": "https://cdn0.woolworths.media/content/wowproductimages/large/844653.jpg", "cupPrice": "$2.20 / 100g", "unit": "each", "packageSize": "159g", "barcode": ["5011417570067"], "isAvailable": true, "locations": ["vic", "nsw", "qld", "wa", "sa", "tas", "nt", "act"]}, {"id": "w843995-5011417570081", "store": "woolworths", "name": "Air Wick Pure Relaxing With Essential Oil Aerosol", "brand": "Air Wick", "price": 3.5, "orgPrice": 7, "categoryIds": ["household"], "imagePath": "https://cdn0.woolworths.media/content/wowproductimages/large/843995.jpg", "cupPrice": "$2.20 / 100g", "unit": "each", "packageSize": "159g", "barcode": ["5011417570081"], "isAvailable": true, "locations": ["vic", "nsw", "qld", "wa", "sa", "tas", "nt", "act"]}, {"id": "w816969-9300701765545", "store": "woolworths", "name": "Air Wick Pure Spring Delight Electric Primary", "brand": "Air Wick", "price": 5.5, "orgPrice": 11, "categoryIds": ["household"], "imagePath": "https://cdn0.woolworths.media/content/wowproductimages/large/816969.jpg", "cupPrice": "$28.95 / 100ml", "unit": "each", "packageSize": "19ml", "barcode": ["9300701765545"], "isAvailable": true, "locations": ["vic", "nsw", "qld", "wa", "sa", "tas", "nt", "act"]}, {"id": "w841860-9300701817039", "store": "woolworths", "name": "Air Wick Pure Vanilla Car Single", "brand": "Air Wick", "price": 3, "orgPrice": 6, "categoryIds": ["household"], "imagePath": "https://cdn0.woolworths.media/content/wowproductimages/large/841860.jpg", "cupPrice": "$3.00 / 1ea", "unit": "each", "packageSize": "2.5ml", "barcode": ["9300701817039"], "isAvailable": true, "locations": ["vic", "nsw", "qld", "wa", "sa", "tas", "nt", "act"]}, {"id": "w213896-4974052826702", "store": "woolworths", "name": "Artline Permanent Marker Black", "brand": "Artline", "price": 3.75, "orgPrice": 7.5, "categoryIds": ["household"], "imagePath": "https://cdn0.woolworths.media/content/wowproductimages/large/213896.jpg", "cupPrice": null, "unit": "each", "packageSize": "90mm 2pk", "barcode": ["4974052826702"], "isAvailable": true, "locations": ["vic", "nsw", "qld", "wa", "sa", "tas", "nt", "act"]}, {"id": "w213682-4974052817502", "store": "woolworths", "name": "Artline Permanent Marker Black", "brand": "Artline", "price": 3.75, "orgPrice": 7.5, "categoryIds": ["household"], "imagePath": "https://cdn0.woolworths.media/content/wowproductimages/large/213682.jpg", "cupPrice": null, "unit": "each", "packageSize": "700mm 2pk", "barcode": ["4974052817502"], "isAvailable": true, "locations": ["vic", "nsw", "qld", "wa", "sa", "tas", "nt", "act"]}, {"id": "w213895-4974052826696", "store": "woolworths", "name": "Artline Permanent Marker Black", "brand": "Artline", "price": 3.75, "orgPrice": 7.5, "categoryIds": ["household"], "imagePath": "https://cdn0.woolworths.media/content/wowproductimages/large/213895.jpg", "cupPrice": null, "unit": "each", "packageSize": "70mm 2pk", "barcode": ["4974052826696"], "isAvailable": true, "locations": ["vic", "nsw", "qld", "wa", "sa", "tas", "nt", "act"]}, {"id": "w541263-3086123307520", "store": "woolworths", "name": "Bic 4 Colour Shine ", "brand": "Bic", "price": 4.5, "orgPrice": 9, "categoryIds": ["household"], "imagePath": "https://cdn0.woolworths.media/content/wowproductimages/large/541263.jpg", "cupPrice": null, "unit": "each", "packageSize": "3 pack", "barcode": ["3086123307520"], "isAvailable": true, "locations": ["vic", "nsw", "qld", "wa", "sa", "tas", "nt", "act"]}, {"id": "w401053-70330144576", "store": "woolworths", "name": "Bic Atlantis Pens Assorted ", "brand": "Bic", "price": 2.6, "orgPrice": 5.25, "categoryIds": ["household"], "imagePath": "https://cdn0.woolworths.media/content/wowproductimages/large/401053.jpg", "cupPrice": null, "unit": "each", "packageSize": "4 pack", "barcode": ["70330144576"], "isAvailable": true, "locations": ["vic", "nsw", "qld", "wa", "sa", "tas", "nt", "act"]}, {"id": "w763331-70330139381", "store": "woolworths", "name": "Bic Atlantis Retractable Pen Black", "brand": "Bic", "price": 2.6, "orgPrice": 5.25, "categoryIds": ["household"], "imagePath": "https://cdn0.woolworths.media/content/wowproductimages/large/763331.jpg", "cupPrice": null, "unit": "each", "packageSize": "4 pack", "barcode": ["70330139381"], "isAvailable": true, "locations": ["vic", "nsw", "qld", "wa", "sa", "tas", "nt", "act"]}, {"id": "w252709-70330139374", "store": "woolworths", "name": "Bic Atlantis Retractable Pen Blue", "brand": "Bic", "price": 2.6, "orgPrice": 5.25, "categoryIds": ["household"], "imagePath": "https://cdn0.woolworths.media/content/wowproductimages/large/252709.jpg", "cupPrice": null, "unit": "each", "packageSize": "4 pack", "barcode": ["70330139374"], "isAvailable": true, "locations": ["vic", "nsw", "qld", "wa", "sa", "tas", "nt", "act"]}, {"id": "w922478-3086123341852", "store": "woolworths", "name": "Bic Fluo Lighter ", "brand": "Bic", "price": 3.5, "orgPrice": 7, "categoryIds": ["household"], "imagePath": "https://cdn0.woolworths.media/content/wowproductimages/large/922478.jpg", "cupPrice": "$3.50 / 1ea", "unit": "each", "packageSize": "1pk", "barcode": ["3086123341852"], "isAvailable": true, "locations": ["vic", "nsw", "qld", "wa", "sa", "tas", "nt", "act"]}, {"id": "w61974-70330201347", "store": "woolworths", "name": "Bic Gelocity Original Fashion ", "brand": "Bic", "price": 4, "orgPrice": 8, "categoryIds": ["household"], "imagePath": "https://cdn0.woolworths.media/content/wowproductimages/large/061974.jpg", "cupPrice": null, "unit": "each", "packageSize": "4 pack", "barcode": ["70330201347"], "isAvailable": true, "locations": ["vic", "nsw", "qld", "wa", "sa", "tas", "nt", "act"]}, {"id": "w785296-3086123174092", "store": "woolworths", "name": "Bic Kids Crayons Turn & Colour", "brand": "Bic", "price": 3, "orgPrice": 6, "categoryIds": ["household"], "imagePath": "https://cdn0.woolworths.media/content/wowproductimages/large/785296.jpg", "cupPrice": null, "unit": "each", "packageSize": "12 pack", "barcode": ["3086123174092"], "isAvailable": true, "locations": ["vic", "nsw", "qld", "wa", "sa", "tas", "nt", "act"]}, {"id": "w516753-3270220002734", "store": "woolworths", "name": "Bic Kids Felt Pens ", "brand": "Bic", "price": 3.75, "orgPrice": 7.5, "categoryIds": ["household"], "imagePath": "https://cdn0.woolworths.media/content/wowproductimages/large/516753.jpg", "cupPrice": "$3.75 / 1ea", "unit": "each", "packageSize": "18 pack", "barcode": ["3270220002734"], "isAvailable": true, "locations": ["vic", "nsw", "qld", "wa", "sa", "tas", "nt", "act"]}, {"id": "w516752-3086123499133", "store": "woolworths", "name": "Bic Kids Pencils Tropicolors", "brand": "Bic", "price": 3.5, "orgPrice": 7, "categoryIds": ["household"], "imagePath": "https://cdn0.woolworths.media/content/wowproductimages/large/516752.jpg", "cupPrice": "$3.50 / 1ea", "unit": "each", "packageSize": "24 pack", "barcode": ["3086123499133"], "isAvailable": true, "locations": ["vic", "nsw", "qld", "wa", "sa", "tas", "nt", "act"]}, {"id": "w61986-9310025201247", "store": "woolworths", "name": "Bic Round Stic Classic Assorted", "brand": "Bic", "price": 2, "orgPrice": 4, "categoryIds": ["household"], "imagePath": "https://cdn0.woolworths.media/content/wowproductimages/large/061986.jpg", "cupPrice": null, "unit": "each", "packageSize": "10 pack", "barcode": ["9310025201247"], "isAvailable": true, "locations": ["vic", "nsw", "qld", "wa", "sa", "tas", "nt", "act"]}, {"id": "w61984-9310025728942", "store": "woolworths", "name": "Bic Round Stic Classic Black", "brand": "Bic", "price": 2, "orgPrice": 4, "categoryIds": ["household"], "imagePath": "https://cdn0.woolworths.media/content/wowproductimages/large/061984.jpg", "cupPrice": null, "unit": "each", "packageSize": "10 pack", "barcode": ["9310025728942"], "isAvailable": true, "locations": ["vic", "nsw", "qld", "wa", "sa", "tas", "nt", "act"]}, {"id": "w252710-70330411708", "store": "woolworths", "name": "Bic Velocity Mechanical Pencil ", "brand": "Bic", "price": 2.5, "orgPrice": 5, "categoryIds": ["household"], "imagePath": "https://cdn0.woolworths.media/content/wowproductimages/large/252710.jpg", "cupPrice": null, "unit": "each", "packageSize": "2 pack", "barcode": ["70330411708"], "isAvailable": true, "locations": ["vic", "nsw", "qld", "wa", "sa", "tas", "nt", "act"]}, {"id": "w595410-4710363961127", "store": "woolworths", "name": "Biozet Attack Laundry Powder With Softener", "brand": "Biozet", "price": 11, "orgPrice": 22, "categoryIds": ["household"], "imagePath": "https://cdn0.woolworths.media/content/wowproductimages/large/595410.jpg", "cupPrice": "$5.50 / 1kg", "unit": "each", "packageSize": "2kg", "barcode": ["4710363961127"], "isAvailable": true, "locations": ["vic", "nsw", "qld", "wa", "sa", "tas", "nt", "act"]}, {"id": "w682037-4710363527972", "store": "woolworths", "name": "Biozet Attack Liquid With Softner ", "brand": "Biozet", "price": 11, "orgPrice": 22, "categoryIds": ["household"], "imagePath": "https://cdn0.woolworths.media/content/wowproductimages/large/682037.jpg", "cupPrice": "$5.50 / 1l", "unit": "each", "packageSize": "2l", "barcode": ["4710363527972"], "isAvailable": true, "locations": ["vic", "nsw", "qld", "wa", "sa", "tas", "nt", "act"]}, {"id": "w867313-4710363975575", "store": "woolworths", "name": "Biozet Laundry Liquid Attack Plus Quick Wash", "brand": "Biozet", "price": 11, "orgPrice": 22, "categoryIds": ["household"], "imagePath": "https://cdn0.woolworths.media/content/wowproductimages/large/867313.jpg", "cupPrice": "$5.50 / 1l", "unit": "each", "packageSize": "2l", "barcode": ["4710363975575"], "isAvailable": true, "locations": ["vic", "nsw", "qld", "wa", "sa", "tas", "nt", "act"]}, {"id": "w803466-4710363556996", "store": "woolworths", "name": "Biozet Attack Plus Eliminator ", "brand": "Biozet", "price": 11, "orgPrice": 22, "categoryIds": ["household"], "imagePath": "https://cdn0.woolworths.media/content/wowproductimages/large/803466.jpg", "cupPrice": "$5.50 / 1l", "unit": "each", "packageSize": "2l", "barcode": ["4710363556996"], "isAvailable": true, "locations": ["vic", "nsw", "qld", "wa", "sa", "tas", "nt", "act"]}, {"id": "w802923-4710363557009", "store": "woolworths", "name": "Biozet Attack Plus Eliminator ", "brand": "Biozet", "price": 11, "orgPrice": 22, "categoryIds": ["household"], "imagePath": "https://cdn0.woolworths.media/content/wowproductimages/large/802923.jpg", "cupPrice": "$5.50 / 1kg", "unit": "each", "packageSize": "2kg", "barcode": ["4710363557009"], "isAvailable": true, "locations": ["vic", "nsw", "qld", "wa", "sa", "tas", "nt", "act"]}, {"id": "w68853-5035048661659", "store": "woolworths", "name": "Black+decker 1200w Garment Steamer ", "brand": "Black+decker", "price": 17.5, "orgPrice": 35, "categoryIds": ["household"], "imagePath": "https://cdn0.woolworths.media/content/wowproductimages/large/068853.jpg", "cupPrice": "$17.50 / 1ea", "unit": "each", "packageSize": "each", "barcode": ["5035048661659"], "isAvailable": true, "locations": ["vic", "nsw", "qld", "wa", "sa", "tas", "nt", "act"]}, {"id": "w510002-9352762923624", "store": "woolworths", "name": "Bonds Action Brief Extra Large", "brand": "Bonds", "price": 11, "orgPrice": 22, "categoryIds": ["household"], "imagePath": "https://cdn0.woolworths.media/content/wowproductimages/large/510002.jpg", "cupPrice": null, "unit": "each", "packageSize": "4 pack", "barcode": ["9352762923624"], "isAvailable": true, "locations": ["vic", "nsw", "qld", "wa", "sa", "tas", "nt", "act"]}, {"id": "w510030-9350461676636", "store": "woolworths", "name": "Bonds Action Brief Medium", "brand": "Bonds", "price": 11, "orgPrice": 22, "categoryIds": ["household"], "imagePath": "https://cdn0.woolworths.media/content/wowproductimages/large/510030.jpg", "cupPrice": null, "unit": "each", "packageSize": "4 pack", "barcode": ["9350461676636"], "isAvailable": true, "locations": ["vic", "nsw", "qld", "wa", "sa", "tas", "nt", "act"]}, {"id": "w17876-9351257048392", "store": "woolworths", "name": "Bonds Boys Briefs 12-16 ", "brand": "Bonds", "price": 7, "orgPrice": 14, "categoryIds": ["household"], "imagePath": "https://cdn0.woolworths.media/content/wowproductimages/large/017876.jpg", "cupPrice": null, "unit": "each", "packageSize": "4 pack", "barcode": ["9351257048392"], "isAvailable": true, "locations": ["vic", "nsw", "qld", "wa", "sa", "tas", "nt", "act"]}, {"id": "w58683-9354779516967", "store": "woolworths", "name": "Bonds Boys Briefs 4 To 8 ", "brand": "Bonds", "price": 7, "orgPrice": 14, "categoryIds": ["household"], "imagePath": "https://cdn0.woolworths.media/content/wowproductimages/large/058683.jpg", "cupPrice": "$1.75 / 1ea", "unit": "each", "packageSize": "4 pack", "barcode": ["9354779516967"], "isAvailable": true, "locations": ["vic", "nsw", "qld", "wa", "sa", "tas", "nt", "act"]}, {"id": "w17858-9312997654038", "store": "woolworths", "name": "Bonds Boys Briefs 8-12 ", "brand": "Bonds", "price": 7, "orgPrice": 14, "categoryIds": ["household"], "imagePath": "https://cdn0.woolworths.media/content/wowproductimages/large/017858.jpg", "cupPrice": null, "unit": "each", "packageSize": "4 pack", "barcode": ["9312997654038"], "isAvailable": true, "locations": ["vic", "nsw", "qld", "wa", "sa", "tas", "nt", "act"]}, {"id": "w659826-9351950026512", "store": "woolworths", "name": "Bonds Boys Trunk Size 4 To 6 & 6 To 8", "brand": "Bonds", "price": 7.5, "orgPrice": 15, "categoryIds": ["household"], "imagePath": "https://cdn0.woolworths.media/content/wowproductimages/large/659826.jpg", "cupPrice": null, "unit": "each", "packageSize": "3 pack", "barcode": ["9351950026512"], "isAvailable": true, "locations": ["vic", "nsw", "qld", "wa", "sa", "tas", "nt", "act"]}, {"id": "w756216-9312997043023", "store": "woolworths", "name": "Bonds Boys Underwear Cotton Trunk (8-10 & 10-12)", "brand": "Bonds", "price": 7.5, "orgPrice": 15, "categoryIds": ["household"], "imagePath": "https://cdn0.woolworths.media/content/wowproductimages/large/756216.jpg", "cupPrice": "$2.50 / 1ea", "unit": "each", "packageSize": "3 pack", "barcode": ["9312997043023"], "isAvailable": true, "locations": ["vic", "nsw", "qld", "wa", "sa", "tas", "nt", "act"]}, {"id": "w756261-9311497974448", "store": "woolworths", "name": "Bonds Boys Underwear Cotton Trunk 12-14 & 14-16", "brand": "Bonds", "price": 7.5, "orgPrice": 15, "categoryIds": ["household"], "imagePath": "https://cdn0.woolworths.media/content/wowproductimages/large/756261.jpg", "cupPrice": "$2.50 / 1ea", "unit": "each", "packageSize": "3 pack", "barcode": ["9311497974448"], "isAvailable": true, "locations": ["vic", "nsw", "qld", "wa", "sa", "tas", "nt", "act"]}, {"id": "w829050-9313022792817", "store": "woolworths", "name": "Bonds Comfy Tops Fleecy Leggings Black Tl-xl", "brand": "Bonds", "price": 10, "orgPrice": 20, "categoryIds": ["household"], "imagePath": "https://cdn0.woolworths.media/content/wowproductimages/large/829050.jpg", "cupPrice": null, "unit": "each", "packageSize": "each", "barcode": ["9313022792817"], "isAvailable": true, "locations": ["vic", "nsw", "qld", "wa", "sa", "tas", "nt", "act"]}, {"id": "w829048-9313022628086", "store": "woolworths", "name": "Bonds Comfy Tops Fleecy Tights Black Av-tl", "brand": "Bonds", "price": 10, "orgPrice": 20, "categoryIds": ["household"], "imagePath": "https://cdn0.woolworths.media/content/wowproductimages/large/829048.jpg", "cupPrice": null, "unit": "each", "packageSize": "each", "barcode": ["9313022628086"], "isAvailable": true, "locations": ["vic", "nsw", "qld", "wa", "sa", "tas", "nt", "act"]}, {"id": "w829049-9313022628093", "store": "woolworths", "name": "Bonds Comfy Tops Fleecy Tights Black Tl-xt", "brand": "Bonds", "price": 10, "orgPrice": 20, "categoryIds": ["household"], "imagePath": "https://cdn0.woolworths.media/content/wowproductimages/large/829049.jpg", "cupPrice": null, "unit": "each", "packageSize": "each", "barcode": ["9313022628093"], "isAvailable": true, "locations": ["vic", "nsw", "qld", "wa", "sa", "tas", "nt", "act"]}, {"id": "w751571-9326489951161", "store": "woolworths", "name": "Bonds Comfy Tops Opaque Leggings Black Med-lge", "brand": "Bonds", "price": 6, "orgPrice": 12, "categoryIds": ["household"], "imagePath": "https://cdn0.woolworths.media/content/wowproductimages/large/751571.jpg", "cupPrice": null, "unit": "each", "packageSize": "each", "barcode": ["9326489951161"], "isAvailable": true, "locations": ["vic", "nsw", "qld", "wa", "sa", "tas", "nt", "act"]}, {"id": "w753330-9326489951178", "store": "woolworths", "name": "Bonds Comfy Tops Opaque Leggings Black Sml-med", "brand": "Bonds", "price": 6, "orgPrice": 12, "categoryIds": ["household"], "imagePath": "https://cdn0.woolworths.media/content/wowproductimages/large/753330.jpg", "cupPrice": null, "unit": "each", "packageSize": "each", "barcode": ["9326489951178"], "isAvailable": true, "locations": ["vic", "nsw", "qld", "wa", "sa", "tas", "nt", "act"]}, {"id": "w751437-9326489946556", "store": "woolworths", "name": "Bonds Comfy Tops Opaque Tights Black Med-lge", "brand": "Bonds", "price": 6, "orgPrice": 12, "categoryIds": ["household"], "imagePath": "https://cdn0.woolworths.media/content/wowproductimages/large/751437.jpg", "cupPrice": null, "unit": "each", "packageSize": "each", "barcode": ["9326489946556"], "isAvailable": true, "locations": ["vic", "nsw", "qld", "wa", "sa", "tas", "nt", "act"]}, {"id": "w751436-9326489946563", "store": "woolworths", "name": "Bonds Comfy Tops Opaque Tights Black Sml-med", "brand": "Bonds", "price": 6, "orgPrice": 12, "categoryIds": ["household"], "imagePath": "https://cdn0.woolworths.media/content/wowproductimages/large/751436.jpg", "cupPrice": null, "unit": "each", "packageSize": "each", "barcode": ["9326489946563"], "isAvailable": true, "locations": ["vic", "nsw", "qld", "wa", "sa", "tas", "nt", "act"]}, {"id": "w828610-9326489952007", "store": "woolworths", "name": "Bonds Comfy Tops Semi Opaque Knee High Black 1 Size", "brand": "Bonds", "price": 2.5, "orgPrice": 5, "categoryIds": ["household"], "imagePath": "https://cdn0.woolworths.media/content/wowproductimages/large/828610.jpg", "cupPrice": null, "unit": "each", "packageSize": "each", "barcode": ["9326489952007"], "isAvailable": true, "locations": ["vic", "nsw", "qld", "wa", "sa", "tas", "nt", "act"]}, {"id": "w828655-9326489951994", "store": "woolworths", "name": "Bonds Comfy Tops Semi Opaque Knee High Nude 1 Size", "brand": "Bonds", "price": 2.5, "orgPrice": 5, "categoryIds": ["household"], "imagePath": "https://cdn0.woolworths.media/content/wowproductimages/large/828655.jpg", "cupPrice": null, "unit": "each", "packageSize": "each", "barcode": ["9326489951994"], "isAvailable": true, "locations": ["vic", "nsw", "qld", "wa", "sa", "tas", "nt", "act"]}, {"id": "w828671-9326489959808", "store": "woolworths", "name": "Bonds Comfy Tops Semi Opaque Tights Black Med-lge", "brand": "Bonds", "price": 4, "orgPrice": 8, "categoryIds": ["household"], "imagePath": "https://cdn0.woolworths.media/content/wowproductimages/large/828671.jpg", "cupPrice": null, "unit": "each", "packageSize": "each", "barcode": ["9326489959808"], "isAvailable": true, "locations": ["vic", "nsw", "qld", "wa", "sa", "tas", "nt", "act"]}, {"id": "w828673-9326489959815", "store": "woolworths", "name": "Bonds Comfy Tops Semi Opaque Tights Black Sml-med", "brand": "Bonds", "price": 4, "orgPrice": 8, "categoryIds": ["household"], "imagePath": "https://cdn0.woolworths.media/content/wowproductimages/large/828673.jpg", "cupPrice": null, "unit": "each", "packageSize": "each", "barcode": ["9326489959815"], "isAvailable": true, "locations": ["vic", "nsw", "qld", "wa", "sa", "tas", "nt", "act"]}, {"id": "w828732-9326489958313", "store": "woolworths", "name": "Bonds Comfy Tops Sheer Tights Black Lge", "brand": "Bonds", "price": 4, "orgPrice": 8, "categoryIds": ["household"], "imagePath": "https://cdn0.woolworths.media/content/wowproductimages/large/828732.jpg", "cupPrice": null, "unit": "each", "packageSize": "each", "barcode": ["9326489958313"], "isAvailable": true, "locations": ["vic", "nsw", "qld", "wa", "sa", "tas", "nt", "act"]}, {"id": "w828723-9326489958320", "store": "woolworths", "name": "Bonds Comfy Tops Sheer Tights Black Med", "brand": "Bonds", "price": 4, "orgPrice": 8, "categoryIds": ["household"], "imagePath": "https://cdn0.woolworths.media/content/wowproductimages/large/828723.jpg", "cupPrice": null, "unit": "each", "packageSize": "each", "barcode": ["9326489958320"], "isAvailable": true, "locations": ["vic", "nsw", "qld", "wa", "sa", "tas", "nt", "act"]}, {"id": "w828720-9326489965199", "store": "woolworths", "name": "Bonds Comfy Tops Slimming Sheer Tights Black Lge", "brand": "Bonds", "price": 4, "orgPrice": 8, "categoryIds": ["household"], "imagePath": "https://cdn0.woolworths.media/content/wowproductimages/large/828720.jpg", "cupPrice": null, "unit": "each", "packageSize": "each", "barcode": ["9326489965199"], "isAvailable": true, "locations": ["vic", "nsw", "qld", "wa", "sa", "tas", "nt", "act"]}, {"id": "w828724-9326489965205", "store": "woolworths", "name": "Bonds Comfy Tops Slimming Sheer Tights Black Med", "brand": "Bonds", "price": 4, "orgPrice": 8, "categoryIds": ["household"], "imagePath": "https://cdn0.woolworths.media/content/wowproductimages/large/828724.jpg", "cupPrice": null, "unit": "each", "packageSize": "each", "barcode": ["9326489965205"], "isAvailable": true, "locations": ["vic", "nsw", "qld", "wa", "sa", "tas", "nt", "act"]}, {"id": "w828726-9326489965212", "store": "woolworths", "name": "Bonds Comfy Tops Slimming Sheer Tights Black Sml", "brand": "Bonds", "price": 4, "orgPrice": 8, "categoryIds": ["household"], "imagePath": "https://cdn0.woolworths.media/content/wowproductimages/large/828726.jpg", "cupPrice": null, "unit": "each", "packageSize": "each", "barcode": ["9326489965212"], "isAvailable": true, "locations": ["vic", "nsw", "qld", "wa", "sa", "tas", "nt", "act"]}, {"id": "w828725-9326489965168", "store": "woolworths", "name": "Bonds Comfy Tops Slimming Sheer Tights Nude Lge", "brand": "Bonds", "price": 4, "orgPrice": 8, "categoryIds": ["household"], "imagePath": "https://cdn0.woolworths.media/content/wowproductimages/large/828725.jpg", "cupPrice": null, "unit": "each", "packageSize": "each", "barcode": ["9326489965168"], "isAvailable": true, "locations": ["vic", "nsw", "qld", "wa", "sa", "tas", "nt", "act"]}, {"id": "w828727-9326489965175", "store": "woolworths", "name": "Bonds Comfy Tops Slimming Sheer Tights Nude Med", "brand": "Bonds", "price": 4, "orgPrice": 8, "categoryIds": ["household"], "imagePath": "https://cdn0.woolworths.media/content/wowproductimages/large/828727.jpg", "cupPrice": null, "unit": "each", "packageSize": "each", "barcode": ["9326489965175"], "isAvailable": true, "locations": ["vic", "nsw", "qld", "wa", "sa", "tas", "nt", "act"]}, {"id": "w829803-9326489962600", "store": "woolworths", "name": "Bonds Comfy Tops Very Opaque Leggings Med-lge", "brand": "Bonds", "price": 6.5, "orgPrice": 13, "categoryIds": ["household"], "imagePath": "https://cdn0.woolworths.media/content/wowproductimages/large/829803.jpg", "cupPrice": null, "unit": "each", "packageSize": "each", "barcode": ["9326489962600"], "isAvailable": true, "locations": ["vic", "nsw", "qld", "wa", "sa", "tas", "nt", "act"]}, {"id": "w829794-9326489962617", "store": "woolworths", "name": "Bonds Comfy Tops Very Opaque Leggings Sml-med", "brand": "Bonds", "price": 6.5, "orgPrice": 13, "categoryIds": ["household"], "imagePath": "https://cdn0.woolworths.media/content/wowproductimages/large/829794.jpg", "cupPrice": null, "unit": "each", "packageSize": "each", "barcode": ["9326489962617"], "isAvailable": true, "locations": ["vic", "nsw", "qld", "wa", "sa", "tas", "nt", "act"]}, {"id": "w828683-9326489958375", "store": "woolworths", "name": "Bonds Comfy Tops Very Opaque Tights Black Med-lge", "brand": "Bonds", "price": 6, "orgPrice": 12, "categoryIds": ["household"], "imagePath": "https://cdn0.woolworths.media/content/wowproductimages/large/828683.jpg", "cupPrice": null, "unit": "each", "packageSize": "each", "barcode": ["9326489958375"], "isAvailable": true, "locations": ["vic", "nsw", "qld", "wa", "sa", "tas", "nt", "act"]}, {"id": "w828686-9326489958382", "store": "woolworths", "name": "Bonds Comfy Tops Very Opaque Tights Black Sml-med", "brand": "Bonds", "price": 6, "orgPrice": 12, "categoryIds": ["household"], "imagePath": "https://cdn0.woolworths.media/content/wowproductimages/large/828686.jpg", "cupPrice": null, "unit": "each", "packageSize": "each", "barcode": ["9326489958382"], "isAvailable": true, "locations": ["vic", "nsw", "qld", "wa", "sa", "tas", "nt", "act"]}, {"id": "w660248-9351950030885", "store": "woolworths", "name": "Bonds Comfytails Seamfree Gee Size 14", "brand": "Bonds", "price": 11, "orgPrice": 22, "categoryIds": ["household"], "imagePath": "https://cdn0.woolworths.media/content/wowproductimages/large/660248.jpg", "cupPrice": null, "unit": "each", "packageSize": "2 pack", "barcode": ["9351950030885"], "isAvailable": true, "locations": ["vic", "nsw", "qld", "wa", "sa", "tas", "nt", "act"]}, {"id": "w660254-9351950030571", "store": "woolworths", "name": "Bonds Comfytails Seamfree Midi Size 14", "brand": "Bonds", "price": 11, "orgPrice": 22, "categoryIds": ["household"], "imagePath": "https://cdn0.woolworths.media/content/wowproductimages/large/660254.jpg", "cupPrice": null, "unit": "each", "packageSize": "2 pack", "barcode": ["9351950030571"], "isAvailable": true, "locations": ["vic", "nsw", "qld", "wa", "sa", "tas", "nt", "act"]}, {"id": "w660186-9351950030557", "store": "woolworths", "name": "Bonds Comfytails Seamfree Midi Size10", "brand": "Bonds", "price": 11, "orgPrice": 22, "categoryIds": ["household"], "imagePath": "https://cdn0.woolworths.media/content/wowproductimages/large/660186.jpg", "cupPrice": null, "unit": "each", "packageSize": "2 pack", "barcode": ["9351950030557"], "isAvailable": true, "locations": ["vic", "nsw", "qld", "wa", "sa", "tas", "nt", "act"]}, {"id": "w768768-9313022324384", "store": "woolworths", "name": "Bonds Explorer Socks Ladies Extreme Sport Low 2-8", "brand": "Bonds", "price": 4.5, "orgPrice": 9, "categoryIds": ["household"], "imagePath": "https://cdn0.woolworths.media/content/wowproductimages/large/768768.jpg", "cupPrice": "$4.50 / 1ea", "unit": "each", "packageSize": "each", "barcode": ["9313022324384"], "isAvailable": true, "locations": ["vic", "nsw", "qld", "wa", "sa", "tas", "nt", "act"]}, {"id": "w358119-9310115249593", "store": "woolworths", "name": "Bonds Explorer Socks Mens Black Size 11-14", "brand": "Bonds", "price": 7, "orgPrice": 14, "categoryIds": ["household"], "imagePath": "https://cdn0.woolworths.media/content/wowproductimages/large/358119.jpg", "cupPrice": null, "unit": "each", "packageSize": "1pk", "barcode": ["9310115249593"], "isAvailable": true, "locations": ["vic", "nsw", "qld", "wa", "sa", "tas", "nt", "act"]}, {"id": "w56134-9310115004406", "store": "woolworths", "name": "Bonds Explorer Socks Mens Black Size 6-10", "brand": "Bonds", "price": 7, "orgPrice": 14, "categoryIds": ["household"], "imagePath": "https://cdn0.woolworths.media/content/wowproductimages/large/056134.jpg", "cupPrice": null, "unit": "each", "packageSize": "each", "barcode": ["9310115004406"], "isAvailable": true, "locations": ["vic", "nsw", "qld", "wa", "sa", "tas", "nt", "act"]}, {"id": "w357765-9310115249722", "store": "woolworths", "name": "Bonds Explorer Socks Mens Navy Size 11-14", "brand": "Bonds", "price": 7, "orgPrice": 14, "categoryIds": ["household"], "imagePath": "https://cdn0.woolworths.media/content/wowproductimages/large/357765.jpg", "cupPrice": null, "unit": "each", "packageSize": "each", "barcode": ["9310115249722"], "isAvailable": true, "locations": ["vic", "nsw", "qld", "wa", "sa", "tas", "nt", "act"]}, {"id": "w660239-9312997160607", "store": "woolworths", "name": "Bonds Full Brief Comfytails Side Seam Free Size 12", "brand": "Bonds", "price": 11, "orgPrice": 22, "categoryIds": ["household"], "imagePath": "https://cdn0.woolworths.media/content/wowproductimages/large/660239.jpg", "cupPrice": null, "unit": "each", "packageSize": "2 pack", "barcode": ["9312997160607"], "isAvailable": true, "locations": ["vic", "nsw", "qld", "wa", "sa", "tas", "nt", "act"]}, {"id": "w660182-9312997160614", "store": "woolworths", "name": "Bonds Full Brief Comfytails Side Seam Free Size 14", "brand": "Bonds", "price": 11, "orgPrice": 22, "categoryIds": ["household"], "imagePath": "https://cdn0.woolworths.media/content/wowproductimages/large/660182.jpg", "cupPrice": null, "unit": "each", "packageSize": "2 pack", "barcode": ["9312997160614"], "isAvailable": true, "locations": ["vic", "nsw", "qld", "wa", "sa", "tas", "nt", "act"]}, {"id": "w660185-9312997160621", "store": "woolworths", "name": "Bonds Full Brief Comfytails Side Seam Free Size 16", "brand": "Bonds", "price": 11, "orgPrice": 22, "categoryIds": ["household"], "imagePath": "https://cdn0.woolworths.media/content/wowproductimages/large/660185.jpg", "cupPrice": null, "unit": "each", "packageSize": "2 pack", "barcode": ["9312997160621"], "isAvailable": true, "locations": ["vic", "nsw", "qld", "wa", "sa", "tas", "nt", "act"]}, {"id": "w660229-9351950030861", "store": "woolworths", "name": "Bonds Gee Comfytails Side Seam Free Size 10", "brand": "Bonds", "price": 11, "orgPrice": 22, "categoryIds": ["household"], "imagePath": "https://cdn0.woolworths.media/content/wowproductimages/large/660229.jpg", "cupPrice": null, "unit": "each", "packageSize": "2 pack", "barcode": ["9351950030861"], "isAvailable": true, "locations": ["vic", "nsw", "qld", "wa", "sa", "tas", "nt", "act"]}, {"id": "w660246-9351950030878", "store": "woolworths", "name": "Bonds Gee Comfytails Side Seam Free Size 12", "brand": "Bonds", "price": 11, "orgPrice": 22, "categoryIds": ["household"], "imagePath": "https://cdn0.woolworths.media/content/wowproductimages/large/660246.jpg", "cupPrice": null, "unit": "each", "packageSize": "2 pack", "barcode": ["9351950030878"], "isAvailable": true, "locations": ["vic", "nsw", "qld", "wa", "sa", "tas", "nt", "act"]}, {"id": "w660263-9351950026437", "store": "woolworths", "name": "Bonds Girls Brief Size 4 To 6 & 6 To 8", "brand": "Bonds", "price": 7, "orgPrice": 14, "categoryIds": ["household"], "imagePath": "https://cdn0.woolworths.media/content/wowproductimages/large/660263.jpg", "cupPrice": null, "unit": "each", "packageSize": "4 pack", "barcode": ["9351950026437"], "isAvailable": true, "locations": ["vic", "nsw", "qld", "wa", "sa", "tas", "nt", "act"]}, {"id": "w756234-9312997074256", "store": "woolworths", "name": "Bonds Girls Underwear Cotton Brief (8-10 & 10-12)", "brand": "Bonds", "price": 7, "orgPrice": 14, "categoryIds": ["household"], "imagePath": "https://cdn0.woolworths.media/content/wowproductimages/large/756234.jpg", "cupPrice": "$1.75 / 1ea", "unit": "each", "packageSize": "4 pack", "barcode": ["9312997074256"], "isAvailable": true, "locations": ["vic", "nsw", "qld", "wa", "sa", "tas", "nt", "act"]}, {"id": "w756215-9312997209214", "store": "woolworths", "name": "Bonds Girls Underwear Cotton Brief 12-14 & 14-16", "brand": "Bonds", "price": 7, "orgPrice": 14, "categoryIds": ["household"], "imagePath": "https://cdn0.woolworths.media/content/wowproductimages/large/756215.jpg", "cupPrice": "$1.75 / 1ea", "unit": "each", "packageSize": "4 pack", "barcode": ["9312997209214"], "isAvailable": true, "locations": ["vic", "nsw", "qld", "wa", "sa", "tas", "nt", "act"]}, {"id": "w431221-9312688849811", "store": "woolworths", "name": "Bonds Instatan Sheer Stockings Slim Tight Light Brown Large", "brand": "Bonds", "price": 4, "orgPrice": 8, "categoryIds": ["household"], "imagePath": "https://cdn0.woolworths.media/content/wowproductimages/large/431221.jpg", "cupPrice": null, "unit": "each", "packageSize": "each", "barcode": ["9312688849811"], "isAvailable": true, "locations": ["vic", "nsw", "qld", "wa", "sa", "tas", "nt", "act"]}, {"id": "w431197-9312688849828", "store": "woolworths", "name": "Bonds Instatan Sheer Stockings Slim Tight Light Brown Medium", "brand": "Bonds", "price": 4, "orgPrice": 8, "categoryIds": ["household"], "imagePath": "https://cdn0.woolworths.media/content/wowproductimages/large/431197.jpg", "cupPrice": null, "unit": "each", "packageSize": "each", "barcode": ["9312688849828"], "isAvailable": true, "locations": ["vic", "nsw", "qld", "wa", "sa", "tas", "nt", "act"]}, {"id": "w431186-9312688849835", "store": "woolworths", "name": "Bonds Instatan Sheer Stockings Slim Tight Light Brown Small", "brand": "Bonds", "price": 4, "orgPrice": 8, "categoryIds": ["household"], "imagePath": "https://cdn0.woolworths.media/content/wowproductimages/large/431186.jpg", "cupPrice": null, "unit": "each", "packageSize": "each", "barcode": ["9312688849835"], "isAvailable": true, "locations": ["vic", "nsw", "qld", "wa", "sa", "tas", "nt", "act"]}, {"id": "w431228-9312688849781", "store": "woolworths", "name": "Bonds Instatan Sheer Stockings Slim Tight Medium Brown Large", "brand": "Bonds", "price": 4, "orgPrice": 8, "categoryIds": ["household"], "imagePath": "https://cdn0.woolworths.media/content/wowproductimages/large/431228.jpg", "cupPrice": null, "unit": "each", "packageSize": "each", "barcode": ["9312688849781"], "isAvailable": true, "locations": ["vic", "nsw", "qld", "wa", "sa", "tas", "nt", "act"]}, {"id": "w431232-9312688849798", "store": "woolworths", "name": "Bonds Instatan Sheer Stockings Slim Tight Medium Brown Medium", "brand": "Bonds", "price": 4, "orgPrice": 8, "categoryIds": ["household"], "imagePath": "https://cdn0.woolworths.media/content/wowproductimages/large/431232.jpg", "cupPrice": null, "unit": "each", "packageSize": "each", "barcode": ["9312688849798"], "isAvailable": true, "locations": ["vic", "nsw", "qld", "wa", "sa", "tas", "nt", "act"]}, {"id": "w431224-9312688849804", "store": "woolworths", "name": "Bonds Instatan Sheer Stockings Slim Tight Medium Brown Small", "brand": "Bonds", "price": 4, "orgPrice": 8, "categoryIds": ["household"], "imagePath": "https://cdn0.woolworths.media/content/wowproductimages/large/431224.jpg", "cupPrice": null, "unit": "each", "packageSize": "each", "barcode": ["9312688849804"], "isAvailable": true, "locations": ["vic", "nsw", "qld", "wa", "sa", "tas", "nt", "act"]}, {"id": "w659885-9351950026192", "store": "woolworths", "name": "Bonds Kids Logo Light Trainer Size 5 To 8", "brand": "Bonds", "price": 7, "orgPrice": 14, "categoryIds": ["household"], "imagePath": "https://cdn0.woolworths.media/content/wowproductimages/large/659885.jpg", "cupPrice": null, "unit": "each", "packageSize": "4 pack", "barcode": ["9351950026192"], "isAvailable": true, "locations": ["vic", "nsw", "qld", "wa", "sa", "tas", "nt", "act"]}, {"id": "w282581-9312997521224", "store": "woolworths", "name": "Bonds Kids Socks Logo Sport 1/4 Size 13-3", "brand": "Bonds", "price": 6, "orgPrice": 12, "categoryIds": ["household"], "imagePath": "https://cdn0.woolworths.media/content/wowproductimages/large/282581.jpg", "cupPrice": "$2.00 / 1ea", "unit": "each", "packageSize": "3 pack", "barcode": ["9312997521224"], "isAvailable": true, "locations": ["vic", "nsw", "qld", "wa", "sa", "tas", "nt", "act"]}, {"id": "w384681-9312997521231", "store": "woolworths", "name": "Bonds Kids Socks Logo Sport 1/4 Size 2-8", "brand": "Bonds", "price": 6, "orgPrice": 12, "categoryIds": ["household"], "imagePath": "https://cdn0.woolworths.media/content/wowproductimages/large/384681.jpg", "cupPrice": "$2.00 / 1ea", "unit": "each", "packageSize": "3 pack", "barcode": ["9312997521231"], "isAvailable": true, "locations": ["vic", "nsw", "qld", "wa", "sa", "tas", "nt", "act"]}, {"id": "w282583-9312997521255", "store": "woolworths", "name": "Bonds Kids Socks Logo Sport 1/4 Size 9-12", "brand": "Bonds", "price": 6, "orgPrice": 12, "categoryIds": ["household"], "imagePath": "https://cdn0.woolworths.media/content/wowproductimages/large/282583.jpg", "cupPrice": "$2.00 / 1ea", "unit": "each", "packageSize": "3 pack", "barcode": ["9312997521255"], "isAvailable": true, "locations": ["vic", "nsw", "qld", "wa", "sa", "tas", "nt", "act"]}, {"id": "w253625-9310308929561", "store": "woolworths", "name": "Bonds Kids Socks Lowcut Logo 13 - 3", "brand": "Bonds", "price": 5.75, "orgPrice": 11.5, "categoryIds": ["household"], "imagePath": "https://cdn0.woolworths.media/content/wowproductimages/large/253625.jpg", "cupPrice": "$1.92 / 1ea", "unit": "each", "packageSize": "3 pack", "barcode": ["9310308929561"], "isAvailable": true, "locations": ["vic", "nsw", "qld", "wa", "sa", "tas", "nt", "act"]}, {"id": "w253621-9312997211750", "store": "woolworths", "name": "Bonds Kids Socks Lowcut Logo 9 - 12", "brand": "Bonds", "price": 5.75, "orgPrice": 11.5, "categoryIds": ["household"], "imagePath": "https://cdn0.woolworths.media/content/wowproductimages/large/253621.jpg", "cupPrice": "$1.92 / 1ea", "unit": "each", "packageSize": "3 pack", "barcode": ["9312997211750"], "isAvailable": true, "locations": ["vic", "nsw", "qld", "wa", "sa", "tas", "nt", "act"]}, {"id": "w384682-9310308929578", "store": "woolworths", "name": "Bonds Kids Socks Lowcut Sport Size 3-8", "brand": "Bonds", "price": 5.75, "orgPrice": 11.5, "categoryIds": ["household"], "imagePath": "https://cdn0.woolworths.media/content/wowproductimages/large/384682.jpg", "cupPrice": "$1.92 / 1ea", "unit": "each", "packageSize": "3 pack", "barcode": ["9310308929578"], "isAvailable": true, "locations": ["vic", "nsw", "qld", "wa", "sa", "tas", "nt", "act"]}, {"id": "w17093-9354009250784", "store": "woolworths", "name": "Bonds Ladies Sport Tech Socks Size 3 To 8", "brand": "Bonds", "price": 7, "orgPrice": 14, "categoryIds": ["household"], "imagePath": "https://cdn0.woolworths.media/content/wowproductimages/large/017093.jpg", "cupPrice": null, "unit": "each", "packageSize": "2 pack", "barcode": ["9354009250784"], "isAvailable": true, "locations": ["vic", "nsw", "qld", "wa", "sa", "tas", "nt", "act"]}, {"id": "w17114-9354009250791", "store": "woolworths", "name": "Bonds Ladies Sport Tech Socks Size 8 To 11", "brand": "Bonds", "price": 7, "orgPrice": 14, "categoryIds": ["household"], "imagePath": "https://cdn0.woolworths.media/content/wowproductimages/large/017114.jpg", "cupPrice": null, "unit": "each", "packageSize": "2 pack", "barcode": ["9354009250791"], "isAvailable": true, "locations": ["vic", "nsw", "qld", "wa", "sa", "tas", "nt", "act"]}, {"id": "w759164-9351950133326", "store": "woolworths", "name": "Bonds Ladies Underwear Hipster Bikini Fashion Size 10", "brand": "Bonds", "price": 9, "orgPrice": 18, "categoryIds": ["household"], "imagePath": "https://cdn0.woolworths.media/content/wowproductimages/large/759164.jpg", "cupPrice": null, "unit": "each", "packageSize": "2 pack", "barcode": ["9351950133326"], "isAvailable": true, "locations": ["vic", "nsw", "qld", "wa", "sa", "tas", "nt", "act"]}, {"id": "w759171-9351950133333", "store": "woolworths", "name": "Bonds Ladies Underwear Hipster Bikini Fashion Size 12", "brand": "Bonds", "price": 9, "orgPrice": 18, "categoryIds": ["household"], "imagePath": "https://cdn0.woolworths.media/content/wowproductimages/large/759171.jpg", "cupPrice": null, "unit": "each", "packageSize": "2 pack", "barcode": ["9351950133333"], "isAvailable": true, "locations": ["vic", "nsw", "qld", "wa", "sa", "tas", "nt", "act"]}, {"id": "w759150-9351950133340", "store": "woolworths", "name": "Bonds Ladies Underwear Hipster Bikini Fashion Size 14", "brand": "Bonds", "price": 9, "orgPrice": 18, "categoryIds": ["household"], "imagePath": "https://cdn0.woolworths.media/content/wowproductimages/large/759150.jpg", "cupPrice": null, "unit": "each", "packageSize": "2 pack", "barcode": ["9351950133340"], "isAvailable": true, "locations": ["vic", "nsw", "qld", "wa", "sa", "tas", "nt", "act"]}, {"id": "w759182-9310308331951", "store": "woolworths", "name": "Bonds Ladies Underwear Hipster Bikini Fashion Size 16", "brand": "Bonds", "price": 9, "orgPrice": 18, "categoryIds": ["household"], "imagePath": "https://cdn0.woolworths.media/content/wowproductimages/large/759182.jpg", "cupPrice": null, "unit": "each", "packageSize": "2 pack", "barcode": ["9310308331951"], "isAvailable": true, "locations": ["vic", "nsw", "qld", "wa", "sa", "tas", "nt", "act"]}, {"id": "w759129-9310308333924", "store": "woolworths", "name": "Bonds Ladies Underwear Hipster Boyleg Fashion Size 10", "brand": "Bonds", "price": 9, "orgPrice": 18, "categoryIds": ["household"], "imagePath": "https://cdn0.woolworths.media/content/wowproductimages/large/759129.jpg", "cupPrice": null, "unit": "each", "packageSize": "2 pack", "barcode": ["9310308333924"], "isAvailable": true, "locations": ["vic", "nsw", "qld", "wa", "sa", "tas", "nt", "act"]}, {"id": "w759184-9310308333931", "store": "woolworths", "name": "Bonds Ladies Underwear Hipster Boyleg Fashion Size 12", "brand": "Bonds", "price": 9, "orgPrice": 18, "categoryIds": ["household"], "imagePath": "https://cdn0.woolworths.media/content/wowproductimages/large/759184.jpg", "cupPrice": null, "unit": "each", "packageSize": "2 pack", "barcode": ["9310308333931"], "isAvailable": true, "locations": ["vic", "nsw", "qld", "wa", "sa", "tas", "nt", "act"]}, {"id": "w759156-9310308333948", "store": "woolworths", "name": "Bonds Ladies Underwear Hipster Boyleg Fashion Size 14", "brand": "Bonds", "price": 9, "orgPrice": 18, "categoryIds": ["household"], "imagePath": "https://cdn0.woolworths.media/content/wowproductimages/large/759156.jpg", "cupPrice": null, "unit": "each", "packageSize": "2 pack", "barcode": ["9310308333948"], "isAvailable": true, "locations": ["vic", "nsw", "qld", "wa", "sa", "tas", "nt", "act"]}, {"id": "w759191-9310308333955", "store": "woolworths", "name": "Bonds Ladies Underwear Hipster Boyleg Fashion Size 16", "brand": "Bonds", "price": 9, "orgPrice": 18, "categoryIds": ["household"], "imagePath": "https://cdn0.woolworths.media/content/wowproductimages/large/759191.jpg", "cupPrice": null, "unit": "each", "packageSize": "2 pack", "barcode": ["9310308333955"], "isAvailable": true, "locations": ["vic", "nsw", "qld", "wa", "sa", "tas", "nt", "act"]}, {"id": "w828731-9310259533503", "store": "woolworths", "name": "Bonds Low Cut Heel Grip Footlets Black", "brand": "Bonds", "price": 3, "orgPrice": 6, "categoryIds": ["household"], "imagePath": "https://cdn0.woolworths.media/content/wowproductimages/large/828731.jpg", "cupPrice": null, "unit": "each", "packageSize": "each", "barcode": ["9310259533503"], "isAvailable": true, "locations": ["vic", "nsw", "qld", "wa", "sa", "tas", "nt", "act"]}, {"id": "w828722-9310259427420", "store": "woolworths", "name": "Bonds Low Cut Heel Grip Footlets Nude", "brand": "Bonds", "price": 3, "orgPrice": 6, "categoryIds": ["household"], "imagePath": "https://cdn0.woolworths.media/content/wowproductimages/large/828722.jpg", "cupPrice": null, "unit": "each", "packageSize": "each", "barcode": ["9310259427420"], "isAvailable": true, "locations": ["vic", "nsw", "qld", "wa", "sa", "tas", "nt", "act"]}, {"id": "w56048-9351950501835", "store": "woolworths", "name": "Bonds Maternity Crop Legging Skinny Medium-large", "brand": "Bonds", "price": 11, "orgPrice": 22, "categoryIds": ["household"], "imagePath": "https://cdn0.woolworths.media/content/wowproductimages/large/056048.jpg", "cupPrice": null, "unit": "each", "packageSize": "each", "barcode": ["9351950501835"], "isAvailable": true, "locations": ["vic", "nsw", "qld", "wa", "sa", "tas", "nt", "act"]}, {"id": "w659889-9354779901251", "store": "woolworths", "name": "Bonds Mens Fashion Guy Front Trunk Size Large", "brand": "Bonds", "price": 12, "orgPrice": 24, "categoryIds": ["household"], "imagePath": "https://cdn0.woolworths.media/content/wowproductimages/large/659889.jpg", "cupPrice": null, "unit": "each", "packageSize": "each", "barcode": ["9354779901251"], "isAvailable": true, "locations": ["vic", "nsw", "qld", "wa", "sa", "tas", "nt", "act"]}, {"id": "w659888-9312997413291", "store": "woolworths", "name": "Bonds Mens Fashion Guy Front Trunk Size Medium", "brand": "Bonds", "price": 12, "orgPrice": 24, "categoryIds": ["household"], "imagePath": "https://cdn0.woolworths.media/content/wowproductimages/large/659888.jpg", "cupPrice": null, "unit": "each", "packageSize": "each", "barcode": ["9312997413291"], "isAvailable": true, "locations": ["vic", "nsw", "qld", "wa", "sa", "tas", "nt", "act"]}, {"id": "w659829-9312997413314", "store": "woolworths", "name": "Bonds Mens Fashion Guy Front Trunk Size X-large", "brand": "Bonds", "price": 12, "orgPrice": 24, "categoryIds": ["household"], "imagePath": "https://cdn0.woolworths.media/content/wowproductimages/large/659829.jpg", "cupPrice": null, "unit": "each", "packageSize": "each", "barcode": ["9312997413314"], "isAvailable": true, "locations": ["vic", "nsw", "qld", "wa", "sa", "tas", "nt", "act"]}, {"id": "w533568-9310259949229", "store": "woolworths", "name": "Bonds Mens Fit Trunk Small", "brand": "Bonds", "price": 11, "orgPrice": 22, "categoryIds": ["household"], "imagePath": "https://cdn0.woolworths.media/content/wowproductimages/large/533568.jpg", "cupPrice": "$11.00 / 1ea", "unit": "each", "packageSize": "each", "barcode": ["9310259949229"], "isAvailable": true, "locations": ["vic", "nsw", "qld", "wa", "sa", "tas", "nt", "act"]}, {"id": "w533575-9350461653378", "store": "woolworths", "name": "Bonds Mens Guy Front Trunk Size S", "brand": "Bonds", "price": 11, "orgPrice": 22, "categoryIds": ["household"], "imagePath": "https://cdn0.woolworths.media/content/wowproductimages/large/533575.jpg", "cupPrice": "$11.00 / 1ea", "unit": "each", "packageSize": "each", "barcode": ["9350461653378"], "isAvailable": true, "locations": ["vic", "nsw", "qld", "wa", "sa", "tas", "nt", "act"]}, {"id": "w659881-9351257997942", "store": "woolworths", "name": "Bonds Mens Logo Light No Show Size 11-14", "brand": "Bonds", "price": 7, "orgPrice": 14, "categoryIds": ["household"], "imagePath": "https://cdn0.woolworths.media/content/wowproductimages/large/659881.jpg", "cupPrice": null, "unit": "each", "packageSize": "4 pack", "barcode": ["9351257997942"], "isAvailable": true, "locations": ["vic", "nsw", "qld", "wa", "sa", "tas", "nt", "act"]}, {"id": "w511498-9354009255741", "store": "woolworths", "name": "Bonds Mens Logo Socks Light Trainer Sz 6 Plus", "brand": "Bonds", "price": 7, "orgPrice": 14, "categoryIds": ["household"], "imagePath": "https://cdn0.woolworths.media/content/wowproductimages/large/511498.jpg", "cupPrice": null, "unit": "each", "packageSize": "4 pack", "barcode": ["9354009255741"], "isAvailable": true, "locations": ["vic", "nsw", "qld", "wa", "sa", "tas", "nt", "act"]}, {"id": "w511506-9312997258977", "store": "woolworths", "name": "Bonds Mens Logo Socks Light Trainers Sz 11 Plus", "brand": "Bonds", "price": 7, "orgPrice": 14, "categoryIds": ["household"], "imagePath": "https://cdn0.woolworths.media/content/wowproductimages/large/511506.jpg", "cupPrice": null, "unit": "each", "packageSize": "4 pack", "barcode": ["9312997258977"], "isAvailable": true, "locations": ["vic", "nsw", "qld", "wa", "sa", "tas", "nt", "act"]}, {"id": "w282533-9312997486875", "store": "woolworths", "name": "Bonds Mens Socks 1/4 Crew Sports Size 6-10", "brand": "Bonds", "price": 7, "orgPrice": 14, "categoryIds": ["household"], "imagePath": "https://cdn0.woolworths.media/content/wowproductimages/large/282533.jpg", "cupPrice": "$2.33 / 1ea", "unit": "each", "packageSize": "3 pack", "barcode": ["9312997486875"], "isAvailable": true, "locations": ["vic", "nsw", "qld", "wa", "sa", "tas", "nt", "act"]}, {"id": "w768828-9310308922418", "store": "woolworths", "name": "Bonds Mens Socks Very Comfy 6-10", "brand": "Bonds", "price": 3.5, "orgPrice": 7, "categoryIds": ["household"], "imagePath": "https://cdn0.woolworths.media/content/wowproductimages/large/768828.jpg", "cupPrice": "$3.50 / 1ea", "unit": "each", "packageSize": "each", "barcode": ["9310308922418"], "isAvailable": true, "locations": ["vic", "nsw", "qld", "wa", "sa", "tas", "nt", "act"]}, {"id": "w361096-9312997486868", "store": "woolworths", "name": "Bonds Mens Socks Logo 1/4 Crew Sports Size 11-14", "brand": "Bonds", "price": 7, "orgPrice": 14, "categoryIds": ["household"], "imagePath": "https://cdn0.woolworths.media/content/wowproductimages/large/361096.jpg", "cupPrice": "$2.33 / 1ea", "unit": "each", "packageSize": "3 pack", "barcode": ["9312997486868"], "isAvailable": true, "locations": ["vic", "nsw", "qld", "wa", "sa", "tas", "nt", "act"]}, {"id": "w17034-9354009258476", "store": "woolworths", "name": "Bonds Mens Sport Tech Socks Size 11 To 14", "brand": "Bonds", "price": 7, "orgPrice": 14, "categoryIds": ["household"], "imagePath": "https://cdn0.woolworths.media/content/wowproductimages/large/017034.jpg", "cupPrice": null, "unit": "each", "packageSize": "2 pack", "barcode": ["9354009258476"], "isAvailable": true, "locations": ["vic", "nsw", "qld", "wa", "sa", "tas", "nt", "act"]}, {"id": "w16921-9354009258483", "store": "woolworths", "name": "Bonds Mens Sport Tech Socks Size 6 To 10", "brand": "Bonds", "price": 7, "orgPrice": 14, "categoryIds": ["household"], "imagePath": "https://cdn0.woolworths.media/content/wowproductimages/large/016921.jpg", "cupPrice": null, "unit": "each", "packageSize": "2 pack", "barcode": ["9354009258483"], "isAvailable": true, "locations": ["vic", "nsw", "qld", "wa", "sa", "tas", "nt", "act"]}, {"id": "w319417-9341036390774", "store": "woolworths", "name": "Bonds Mens Underwear Fit Trunk Large", "brand": "Bonds", "price": 11, "orgPrice": 22, "categoryIds": ["household"], "imagePath": "https://cdn0.woolworths.media/content/wowproductimages/large/319417.jpg", "cupPrice": null, "unit": "each", "packageSize": "each", "barcode": ["9341036390774"], "isAvailable": true, "locations": ["vic", "nsw", "qld", "wa", "sa", "tas", "nt", "act"]}, {"id": "w319416-9341036390767", "store": "woolworths", "name": "Bonds Mens Underwear Fit Trunk Medium", "brand": "Bonds", "price": 11, "orgPrice": 22, "categoryIds": ["household"], "imagePath": "https://cdn0.woolworths.media/content/wowproductimages/large/319416.jpg", "cupPrice": null, "unit": "each", "packageSize": "each", "barcode": ["9341036390767"], "isAvailable": true, "locations": ["vic", "nsw", "qld", "wa", "sa", "tas", "nt", "act"]}, {"id": "w319419-9341036390781", "store": "woolworths", "name": "Bonds Mens Underwear Fit Trunk X Large", "brand": "Bonds", "price": 11, "orgPrice": 22, "categoryIds": ["household"], "imagePath": "https://cdn0.woolworths.media/content/wowproductimages/large/319419.jpg", "cupPrice": null, "unit": "each", "packageSize": "each", "barcode": ["9341036390781"], "isAvailable": true, "locations": ["vic", "nsw", "qld", "wa", "sa", "tas", "nt", "act"]}, {"id": "w758864-9311497943185", "store": "woolworths", "name": "Bonds Mens Underwear Guy Front Brief Large", "brand": "Bonds", "price": 7.5, "orgPrice": 15, "categoryIds": ["household"], "imagePath": "https://cdn0.woolworths.media/content/wowproductimages/large/758864.jpg", "cupPrice": "$7.50 / 1ea", "unit": "each", "packageSize": "each", "barcode": ["9311497943185"], "isAvailable": true, "locations": ["vic", "nsw", "qld", "wa", "sa", "tas", "nt", "act"]}, {"id": "w758891-9311497943215", "store": "woolworths", "name": "Bonds Mens Underwear Guy Front Brief Xl", "brand": "Bonds", "price": 7.5, "orgPrice": 15, "categoryIds": ["household"], "imagePath": "https://cdn0.woolworths.media/content/wowproductimages/large/758891.jpg", "cupPrice": "$7.50 / 1ea", "unit": "each", "packageSize": "each", "barcode": ["9311497943215"], "isAvailable": true, "locations": ["vic", "nsw", "qld", "wa", "sa", "tas", "nt", "act"]}, {"id": "w205585-9312997412928", "store": "woolworths", "name": "Bonds Mens Underwear Guy Front Trunk Size Large", "brand": "Bonds", "price": 11, "orgPrice": 22, "categoryIds": ["household"], "imagePath": "https://cdn0.woolworths.media/content/wowproductimages/large/205585.jpg", "cupPrice": null, "unit": "each", "packageSize": "each", "barcode": ["9312997412928"], "isAvailable": true, "locations": ["vic", "nsw", "qld", "wa", "sa", "tas", "nt", "act"]}, {"id": "w205584-9312997412935", "store": "woolworths", "name": "Bonds Mens Underwear Guy Front Trunk Size Medium", "brand": "Bonds", "price": 11, "orgPrice": 22, "categoryIds": ["household"], "imagePath": "https://cdn0.woolworths.media/content/wowproductimages/large/205584.jpg", "cupPrice": null, "unit": "each", "packageSize": "each", "barcode": ["9312997412935"], "isAvailable": true, "locations": ["vic", "nsw", "qld", "wa", "sa", "tas", "nt", "act"]}, {"id": "w257600-9312997211453", "store": "woolworths", "name": "Bonds Mens Underwear Hipster Brief Large", "brand": "Bonds", "price": 13.5, "orgPrice": 27, "categoryIds": ["household"], "imagePath": "https://cdn0.woolworths.media/content/wowproductimages/large/257600.jpg", "cupPrice": "$2.70 / 1ea", "unit": "each", "packageSize": "5 pack", "barcode": ["9312997211453"], "isAvailable": true, "locations": ["vic", "nsw", "qld", "wa", "sa", "tas", "nt", "act"]}, {"id": "w257599-9312997211460", "store": "woolworths", "name": "Bonds Mens Underwear Hipster Brief Medium", "brand": "Bonds", "price": 13.5, "orgPrice": 27, "categoryIds": ["household"], "imagePath": "https://cdn0.woolworths.media/content/wowproductimages/large/257599.jpg", "cupPrice": "$2.70 / 1ea", "unit": "each", "packageSize": "5 pack", "barcode": ["9312997211460"], "isAvailable": true, "locations": ["vic", "nsw", "qld", "wa", "sa", "tas", "nt", "act"]}, {"id": "w257601-9312997211484", "store": "woolworths", "name": "Bonds Mens Underwear Hipster Brief X Large", "brand": "Bonds", "price": 13.5, "orgPrice": 27, "categoryIds": ["household"], "imagePath": "https://cdn0.woolworths.media/content/wowproductimages/large/257601.jpg", "cupPrice": "$2.70 / 1ea", "unit": "each", "packageSize": "5 pack", "barcode": ["9312997211484"], "isAvailable": true, "locations": ["vic", "nsw", "qld", "wa", "sa", "tas", "nt", "act"]}, {"id": "w257602-9312997211491", "store": "woolworths", "name": "Bonds Mens Underwear Hipster Brief Xx Large", "brand": "Bonds", "price": 13.5, "orgPrice": 27, "categoryIds": ["household"], "imagePath": "https://cdn0.woolworths.media/content/wowproductimages/large/257602.jpg", "cupPrice": "$2.70 / 1ea", "unit": "each", "packageSize": "5 pack", "barcode": ["9312997211491"], "isAvailable": true, "locations": ["vic", "nsw", "qld", "wa", "sa", "tas", "nt", "act"]}, {"id": "w881608-9310259968909", "store": "woolworths", "name": "Bonds Mens Work Crew Socks Size 11+", "brand": "Bonds", "price": 8, "orgPrice": 16, "categoryIds": ["household"], "imagePath": "https://cdn0.woolworths.media/content/wowproductimages/large/881608.jpg", "cupPrice": null, "unit": "each", "packageSize": "3 pack", "barcode": ["9310259968909"], "isAvailable": true, "locations": ["vic", "nsw", "qld", "wa", "sa", "tas", "nt", "act"]}, {"id": "w881352-9310259968916", "store": "woolworths", "name": "Bonds Mens Work Crew Socks Size 6+", "brand": "Bonds", "price": 8, "orgPrice": 16, "categoryIds": ["household"], "imagePath": "https://cdn0.woolworths.media/content/wowproductimages/large/881352.jpg", "cupPrice": null, "unit": "each", "packageSize": "3 pack", "barcode": ["9310259968916"], "isAvailable": true, "locations": ["vic", "nsw", "qld", "wa", "sa", "tas", "nt", "act"]}, {"id": "w660251-9351950030564", "store": "woolworths", "name": "Bonds Midi Comfytails Size 12", "brand": "Bonds", "price": 11, "orgPrice": 22, "categoryIds": ["household"], "imagePath": "https://cdn0.woolworths.media/content/wowproductimages/large/660251.jpg", "cupPrice": null, "unit": "each", "packageSize": "2pk", "barcode": ["9351950030564"], "isAvailable": true, "locations": ["vic", "nsw", "qld", "wa", "sa", "tas", "nt", "act"]}, {"id": "w370990-9310259896424", "store": "woolworths", "name": "Bonds No Show Footlets Black (3-8 & 8-11)", "brand": "Bonds", "price": 2, "orgPrice": 4, "categoryIds": ["household"], "imagePath": "https://cdn0.woolworths.media/content/wowproductimages/large/370990.jpg", "cupPrice": null, "unit": "each", "packageSize": "each", "barcode": ["9310259896424"], "isAvailable": true, "locations": ["vic", "nsw", "qld", "wa", "sa", "tas", "nt", "act"]}, {"id": "w130581-9312997692467", "store": "woolworths", "name": "Bonds No Show Footlets Nude (3-8 & 8-11)", "brand": "Bonds", "price": 2, "orgPrice": 4, "categoryIds": ["household"], "imagePath": "https://cdn0.woolworths.media/content/wowproductimages/large/130581.jpg", "cupPrice": null, "unit": "each", "packageSize": "each", "barcode": ["9312997692467"], "isAvailable": true, "locations": ["vic", "nsw", "qld", "wa", "sa", "tas", "nt", "act"]}, {"id": "w38205-9337367071468", "store": "woolworths", "name": "Bonds Singlet Mens Chesty Coloured Size 16", "brand": "Bonds", "price": 6.5, "orgPrice": 13, "categoryIds": ["household"], "imagePath": "https://cdn0.woolworths.media/content/wowproductimages/large/038205.jpg", "cupPrice": null, "unit": "each", "packageSize": "1pk", "barcode": ["9337367071468"], "isAvailable": true, "locations": ["vic", "nsw", "qld", "wa", "sa", "tas", "nt", "act"]}, {"id": "w38215-9337367071475", "store": "woolworths", "name": "Bonds Singlet Mens Chesty Coloured Size 18", "brand": "Bonds", "price": 6.5, "orgPrice": 13, "categoryIds": ["household"], "imagePath": "https://cdn0.woolworths.media/content/wowproductimages/large/038215.jpg", "cupPrice": null, "unit": "each", "packageSize": "1pk", "barcode": ["9337367071475"], "isAvailable": true, "locations": ["vic", "nsw", "qld", "wa", "sa", "tas", "nt", "act"]}, {"id": "w38351-9337367071482", "store": "woolworths", "name": "Bonds Singlet Mens Chesty Coloured Size 20", "brand": "Bonds", "price": 6.5, "orgPrice": 13, "categoryIds": ["household"], "imagePath": "https://cdn0.woolworths.media/content/wowproductimages/large/038351.jpg", "cupPrice": null, "unit": "each", "packageSize": "1pk", "barcode": ["9337367071482"], "isAvailable": true, "locations": ["vic", "nsw", "qld", "wa", "sa", "tas", "nt", "act"]}, {"id": "w38403-9354779170664", "store": "woolworths", "name": "Bonds Singlet Mens Chesty White Size 16", "brand": "Bonds", "price": 6.5, "orgPrice": 13, "categoryIds": ["household"], "imagePath": "https://cdn0.woolworths.media/content/wowproductimages/large/038403.jpg", "cupPrice": null, "unit": "each", "packageSize": "1pk", "barcode": ["9354779170664"], "isAvailable": true, "locations": ["vic", "nsw", "qld", "wa", "sa", "tas", "nt", "act"]}, {"id": "w38404-9354779170671", "store": "woolworths", "name": "Bonds Singlet Mens Chesty White Size 18", "brand": "Bonds", "price": 6.5, "orgPrice": 13, "categoryIds": ["household"], "imagePath": "https://cdn0.woolworths.media/content/wowproductimages/large/038404.jpg", "cupPrice": null, "unit": "each", "packageSize": "1pk", "barcode": ["9354779170671"], "isAvailable": true, "locations": ["vic", "nsw", "qld", "wa", "sa", "tas", "nt", "act"]}, {"id": "w38423-9354779170688", "store": "woolworths", "name": "Bonds Singlet Mens Chesty White Size 20", "brand": "Bonds", "price": 6.5, "orgPrice": 13, "categoryIds": ["household"], "imagePath": "https://cdn0.woolworths.media/content/wowproductimages/large/038423.jpg", "cupPrice": null, "unit": "each", "packageSize": "1pk", "barcode": ["9354779170688"], "isAvailable": true, "locations": ["vic", "nsw", "qld", "wa", "sa", "tas", "nt", "act"]}, {"id": "w361088-9354009664307", "store": "woolworths", "name": "Bonds Socks Mens Business Black Size 11-14", "brand": "Bonds", "price": 7, "orgPrice": 14, "categoryIds": ["household"], "imagePath": "https://cdn0.woolworths.media/content/wowproductimages/large/361088.jpg", "cupPrice": "$2.33 / 1ea", "unit": "each", "packageSize": "3 pack", "barcode": ["9354009664307"], "isAvailable": true, "locations": ["vic", "nsw", "qld", "wa", "sa", "tas", "nt", "act"]}, {"id": "w246145-9312997810540", "store": "woolworths", "name": "Bonds Socks Mens Business Logo Size 6-10", "brand": "Bonds", "price": 7, "orgPrice": 14, "categoryIds": ["household"], "imagePath": "https://cdn0.woolworths.media/content/wowproductimages/large/246145.jpg", "cupPrice": "$2.33 / 1ea", "unit": "each", "packageSize": "3 pack", "barcode": ["9312997810540"], "isAvailable": true, "locations": ["vic", "nsw", "qld", "wa", "sa", "tas", "nt", "act"]}, {"id": "w7394-9354779894508", "store": "woolworths", "name": "Bonds Socks Mens Business Plain Size 6-10", "brand": "Bonds", "price": 7, "orgPrice": 14, "categoryIds": ["household"], "imagePath": "https://cdn0.woolworths.media/content/wowproductimages/large/007394.jpg", "cupPrice": "$2.33 / 1ea", "unit": "each", "packageSize": "3pk", "barcode": ["9354779894508"], "isAvailable": true, "locations": ["vic", "nsw", "qld", "wa", "sa", "tas", "nt", "act"]}, {"id": "w283176-9312997098320", "store": "woolworths", "name": "Bonds Socks Mens Logo Lowcut Size 11-14", "brand": "Bonds", "price": 7, "orgPrice": 14, "categoryIds": ["household"], "imagePath": "https://cdn0.woolworths.media/content/wowproductimages/large/283176.jpg", "cupPrice": "$2.33 / 1ea", "unit": "each", "packageSize": "3 pack", "barcode": ["9312997098320"], "isAvailable": true, "locations": ["vic", "nsw", "qld", "wa", "sa", "tas", "nt", "act"]}, {"id": "w253619-9312997486851", "store": "woolworths", "name": "Bonds Socks Mens Logo Lowcut Size 6-10", "brand": "Bonds", "price": 7, "orgPrice": 14, "categoryIds": ["household"], "imagePath": "https://cdn0.woolworths.media/content/wowproductimages/large/253619.jpg", "cupPrice": "$2.33 / 1ea", "unit": "each", "packageSize": "3pk", "barcode": ["9312997486851"], "isAvailable": true, "locations": ["vic", "nsw", "qld", "wa", "sa", "tas", "nt", "act"]}, {"id": "w361095-9342830355112", "store": "woolworths", "name": "Bonds Socks Mens No Show Trainers 11-14", "brand": "Bonds", "price": 7, "orgPrice": 14, "categoryIds": ["household"], "imagePath": "https://cdn0.woolworths.media/content/wowproductimages/large/361095.jpg", "cupPrice": "$2.33 / 1ea", "unit": "each", "packageSize": "3 pack", "barcode": ["9342830355112"], "isAvailable": true, "locations": ["vic", "nsw", "qld", "wa", "sa", "tas", "nt", "act"]}, {"id": "w768834-9310308922401", "store": "woolworths", "name": "Bonds Socks Mens Very Comfy Size 11-14", "brand": "Bonds", "price": 3.5, "orgPrice": 7, "categoryIds": ["household"], "imagePath": "https://cdn0.woolworths.media/content/wowproductimages/large/768834.jpg", "cupPrice": "$3.50 / 1ea", "unit": "each", "packageSize": "each", "barcode": ["9310308922401"], "isAvailable": true, "locations": ["vic", "nsw", "qld", "wa", "sa", "tas", "nt", "act"]}, {"id": "w17889-9351950927451", "store": "woolworths", "name": "Bonds Super Low Cut Sock Black Black One Size", "brand": "Bonds", "price": 7.5, "orgPrice": 15, "categoryIds": ["household"], "imagePath": "https://cdn0.woolworths.media/content/wowproductimages/large/017889.jpg", "cupPrice": null, "unit": "each", "packageSize": "2 pack", "barcode": ["9351950927451"], "isAvailable": true, "locations": ["vic", "nsw", "qld", "wa", "sa", "tas", "nt", "act"]}, {"id": "w17923-9351950927468", "store": "woolworths", "name": "Bonds Super Low Cut Sock Natural Natural One Size", "brand": "Bonds", "price": 7.5, "orgPrice": 15, "categoryIds": ["household"], "imagePath": "https://cdn0.woolworths.media/content/wowproductimages/large/017923.jpg", "cupPrice": null, "unit": "each", "packageSize": "2 pack", "barcode": ["9351950927468"], "isAvailable": true, "locations": ["vic", "nsw", "qld", "wa", "sa", "tas", "nt", "act"]}, {"id": "w510031-9350461205195", "store": "woolworths", "name": "Bonds Underwear Mens Action Trunk Large", "brand": "Bonds", "price": 11, "orgPrice": 22, "categoryIds": ["household"], "imagePath": "https://cdn0.woolworths.media/content/wowproductimages/large/510031.jpg", "cupPrice": null, "unit": "each", "packageSize": "each", "barcode": ["9350461205195"], "isAvailable": true, "locations": ["vic", "nsw", "qld", "wa", "sa", "tas", "nt", "act"]}, {"id": "w568895-9351257065757", "store": "woolworths", "name": "Bonds Wash Bag 1 Size", "brand": "Bonds", "price": 4, "orgPrice": 8, "categoryIds": ["household"], "imagePath": "https://cdn0.woolworths.media/content/wowproductimages/large/568895.jpg", "cupPrice": null, "unit": "each", "packageSize": "each", "barcode": ["9351257065757"], "isAvailable": true, "locations": ["vic", "nsw", "qld", "wa", "sa", "tas", "nt", "act"]}, {"id": "w511541-9350461682095", "store": "woolworths", "name": "Bonds Women's Cottontails Full Free Size 16", "brand": "Bonds", "price": 8, "orgPrice": 16, "categoryIds": ["household"], "imagePath": "https://cdn0.woolworths.media/content/wowproductimages/large/511541.jpg", "cupPrice": null, "unit": "each", "packageSize": "each", "barcode": ["9350461682095"], "isAvailable": true, "locations": ["vic", "nsw", "qld", "wa", "sa", "tas", "nt", "act"]}, {"id": "w24456-9311985004206", "store": "woolworths", "name": "Bonds Women's Underwear Cottontails Size 12", "brand": "Bonds", "price": 6.5, "orgPrice": 14, "categoryIds": ["household"], "imagePath": "https://cdn0.woolworths.media/content/wowproductimages/large/024456.jpg", "cupPrice": null, "unit": "each", "packageSize": "2 pack", "barcode": ["9311985004206"], "isAvailable": true, "locations": ["vic", "nsw", "qld", "wa", "sa", "tas", "nt", "act"]}, {"id": "w17508-9354779099958", "store": "woolworths", "name": "Bonds Womens Comfy Crop L ", "brand": "Bonds", "price": 7.5, "orgPrice": 15, "categoryIds": ["household"], "imagePath": "https://cdn0.woolworths.media/content/wowproductimages/large/017508.jpg", "cupPrice": null, "unit": "each", "packageSize": "each", "barcode": ["9354779099958"], "isAvailable": true, "locations": ["vic", "nsw", "qld", "wa", "sa", "tas", "nt", "act"]}, {"id": "w660316-9354009319207", "store": "woolworths", "name": "Bonds Womens Logo Light Weight Size 3-8", "brand": "Bonds", "price": 7, "orgPrice": 14, "categoryIds": ["household"], "imagePath": "https://cdn0.woolworths.media/content/wowproductimages/large/660316.jpg", "cupPrice": null, "unit": "each", "packageSize": "4 pack", "barcode": ["9354009319207"], "isAvailable": true, "locations": ["vic", "nsw", "qld", "wa", "sa", "tas", "nt", "act"]}, {"id": "w511530-9312997098429", "store": "woolworths", "name": "Bonds Womens Logo Socks Light No Show Sz 3 Plus", "brand": "Bonds", "price": 7, "orgPrice": 14, "categoryIds": ["household"], "imagePath": "https://cdn0.woolworths.media/content/wowproductimages/large/511530.jpg", "cupPrice": null, "unit": "each", "packageSize": "4 pack", "barcode": ["9312997098429"], "isAvailable": true, "locations": ["vic", "nsw", "qld", "wa", "sa", "tas", "nt", "act"]}, {"id": "w511499-9312997098436", "store": "woolworths", "name": "Bonds Womens Logo Socks Light No Show Sz 8 Plus", "brand": "Bonds", "price": 7, "orgPrice": 14, "categoryIds": ["household"], "imagePath": "https://cdn0.woolworths.media/content/wowproductimages/large/511499.jpg", "cupPrice": null, "unit": "each", "packageSize": "4 pack", "barcode": ["9312997098436"], "isAvailable": true, "locations": ["vic", "nsw", "qld", "wa", "sa", "tas", "nt", "act"]}, {"id": "w253620-9312997486592", "store": "woolworths", "name": "Bonds Womens Socks Logo Low Cut Logo Size 3-8", "brand": "Bonds", "price": 7, "orgPrice": 14, "categoryIds": ["household"], "imagePath": "https://cdn0.woolworths.media/content/wowproductimages/large/253620.jpg", "cupPrice": "$2.33 / 1ea", "unit": "each", "packageSize": "3 pack", "barcode": ["9312997486592"], "isAvailable": true, "locations": ["vic", "nsw", "qld", "wa", "sa", "tas", "nt", "act"]}, {"id": "w283174-9312997486608", "store": "woolworths", "name": "Bonds Womens Socks Logo Low Cut Size 8-11", "brand": "Bonds", "price": 7, "orgPrice": 14, "categoryIds": ["household"], "imagePath": "https://cdn0.woolworths.media/content/wowproductimages/large/283174.jpg", "cupPrice": "$2.33 / 1ea", "unit": "each", "packageSize": "3 pack", "barcode": ["9312997486608"], "isAvailable": true, "locations": ["vic", "nsw", "qld", "wa", "sa", "tas", "nt", "act"]}, {"id": "w361121-9312997493309", "store": "woolworths", "name": "Bonds Womens Socks Logo Sports 1/4 Size 8-11", "brand": "Bonds", "price": 7, "orgPrice": 14, "categoryIds": ["household"], "imagePath": "https://cdn0.woolworths.media/content/wowproductimages/large/361121.jpg", "cupPrice": "$2.33 / 1ea", "unit": "each", "packageSize": "3 pack", "barcode": ["9312997493309"], "isAvailable": true, "locations": ["vic", "nsw", "qld", "wa", "sa", "tas", "nt", "act"]}, {"id": "w768789-9310308926485", "store": "woolworths", "name": "Bonds Womens Socks Very Comfy 8+", "brand": "Bonds", "price": 3.5, "orgPrice": 7, "categoryIds": ["household"], "imagePath": "https://cdn0.woolworths.media/content/wowproductimages/large/768789.jpg", "cupPrice": "$3.50 / 1ea", "unit": "each", "packageSize": "each", "barcode": ["9310308926485"], "isAvailable": true, "locations": ["vic", "nsw", "qld", "wa", "sa", "tas", "nt", "act"]}, {"id": "w768836-9310308926478", "store": "woolworths", "name": "Bonds Womens Socks Very Comfy Size 3-8", "brand": "Bonds", "price": 3.5, "orgPrice": 7, "categoryIds": ["household"], "imagePath": "https://cdn0.woolworths.media/content/wowproductimages/large/768836.jpg", "cupPrice": "$3.50 / 1ea", "unit": "each", "packageSize": "each", "barcode": ["9310308926478"], "isAvailable": true, "locations": ["vic", "nsw", "qld", "wa", "sa", "tas", "nt", "act"]}, {"id": "w246913-9312997545190", "store": "woolworths", "name": "Bonds Womens Underwear Bikini Hipster Size 10", "brand": "Bonds", "price": 9, "orgPrice": 18, "categoryIds": ["household"], "imagePath": "https://cdn0.woolworths.media/content/wowproductimages/large/246913.jpg", "cupPrice": null, "unit": "each", "packageSize": "2 pack", "barcode": ["9312997545190"], "isAvailable": true, "locations": ["vic", "nsw", "qld", "wa", "sa", "tas", "nt", "act"]}, {"id": "w246914-9312997545206", "store": "woolworths", "name": "Bonds Womens Underwear Bikini Hipster Size 12", "brand": "Bonds", "price": 9, "orgPrice": 18, "categoryIds": ["household"], "imagePath": "https://cdn0.woolworths.media/content/wowproductimages/large/246914.jpg", "cupPrice": null, "unit": "each", "packageSize": "2 pack", "barcode": ["9312997545206"], "isAvailable": true, "locations": ["vic", "nsw", "qld", "wa", "sa", "tas", "nt", "act"]}, {"id": "w246915-9312997545213", "store": "woolworths", "name": "Bonds Womens Underwear Bikini Hipster Size 14", "brand": "Bonds", "price": 9, "orgPrice": 18, "categoryIds": ["household"], "imagePath": "https://cdn0.woolworths.media/content/wowproductimages/large/246915.jpg", "cupPrice": null, "unit": "each", "packageSize": "2 pack", "barcode": ["9312997545213"], "isAvailable": true, "locations": ["vic", "nsw", "qld", "wa", "sa", "tas", "nt", "act"]}, {"id": "w246916-9312997545220", "store": "woolworths", "name": "Bonds Womens Underwear Bikini Hipster Size 16", "brand": "Bonds", "price": 9, "orgPrice": 18, "categoryIds": ["household"], "imagePath": "https://cdn0.woolworths.media/content/wowproductimages/large/246916.jpg", "cupPrice": null, "unit": "each", "packageSize": "2 pack", "barcode": ["9312997545220"], "isAvailable": true, "locations": ["vic", "nsw", "qld", "wa", "sa", "tas", "nt", "act"]}, {"id": "w24458-9311985004213", "store": "woolworths", "name": "Bonds Womens Underwear Cottontails Size 14", "brand": "Bonds", "price": 6.5, "orgPrice": 14, "categoryIds": ["household"], "imagePath": "https://cdn0.woolworths.media/content/wowproductimages/large/024458.jpg", "cupPrice": null, "unit": "each", "packageSize": "2 pack", "barcode": ["9311985004213"], "isAvailable": true, "locations": ["vic", "nsw", "qld", "wa", "sa", "tas", "nt", "act"]}, {"id": "w24459-9311985004084", "store": "woolworths", "name": "Bonds Womens Underwear Cottontails Size 16", "brand": "Bonds", "price": 6.5, "orgPrice": 14, "categoryIds": ["household"], "imagePath": "https://cdn0.woolworths.media/content/wowproductimages/large/024459.jpg", "cupPrice": null, "unit": "each", "packageSize": "2 pack", "barcode": ["9311985004084"], "isAvailable": true, "locations": ["vic", "nsw", "qld", "wa", "sa", "tas", "nt", "act"]}, {"id": "w24460-9311985004237", "store": "woolworths", "name": "Bonds Womens Underwear Cottontails Size 18", "brand": "Bonds", "price": 6.5, "orgPrice": 14, "categoryIds": ["household"], "imagePath": "https://cdn0.woolworths.media/content/wowproductimages/large/024460.jpg", "cupPrice": null, "unit": "each", "packageSize": "2 pack", "barcode": ["9311985004237"], "isAvailable": true, "locations": ["vic", "nsw", "qld", "wa", "sa", "tas", "nt", "act"]}, {"id": "w24463-9311985004244", "store": "woolworths", "name": "Bonds Womens Underwear Cottontails Size 20", "brand": "Bonds", "price": 6.5, "orgPrice": 14, "categoryIds": ["household"], "imagePath": "https://cdn0.woolworths.media/content/wowproductimages/large/024463.jpg", "cupPrice": null, "unit": "each", "packageSize": "2 pack", "barcode": ["9311985004244"], "isAvailable": true, "locations": ["vic", "nsw", "qld", "wa", "sa", "tas", "nt", "act"]}, {"id": "w24465-9311985004251", "store": "woolworths", "name": "Bonds Womens Underwear Cottontails Size 22", "brand": "Bonds", "price": 6.5, "orgPrice": 14, "categoryIds": ["household"], "imagePath": "https://cdn0.woolworths.media/content/wowproductimages/large/024465.jpg", "cupPrice": null, "unit": "each", "packageSize": "2 pack", "barcode": ["9311985004251"], "isAvailable": true, "locations": ["vic", "nsw", "qld", "wa", "sa", "tas", "nt", "act"]}, {"id": "w283364-9339631619369", "store": "woolworths", "name": "Bonds Womens Underwear Hipster Bikini Size 8", "brand": "Bonds", "price": 9, "orgPrice": 18, "categoryIds": ["household"], "imagePath": "https://cdn0.woolworths.media/content/wowproductimages/large/283364.jpg", "cupPrice": null, "unit": "each", "packageSize": "2 pack", "barcode": ["9339631619369"], "isAvailable": true, "locations": ["vic", "nsw", "qld", "wa", "sa", "tas", "nt", "act"]}, {"id": "w246917-9311497463713", "store": "woolworths", "name": "Bonds Womens Underwear Hipster Boyleg Size 10", "brand": "Bonds", "price": 9, "orgPrice": 18, "categoryIds": ["household"], "imagePath": "https://cdn0.woolworths.media/content/wowproductimages/large/246917.jpg", "cupPrice": null, "unit": "each", "packageSize": "2 pack", "barcode": ["9311497463713"], "isAvailable": true, "locations": ["vic", "nsw", "qld", "wa", "sa", "tas", "nt", "act"]}, {"id": "w246918-9312997521279", "store": "woolworths", "name": "Bonds Womens Underwear Hipster Boyleg Size 12", "brand": "Bonds", "price": 9, "orgPrice": 18, "categoryIds": ["household"], "imagePath": "https://cdn0.woolworths.media/content/wowproductimages/large/246918.jpg", "cupPrice": null, "unit": "each", "packageSize": "2 pack", "barcode": ["9312997521279"], "isAvailable": true, "locations": ["vic", "nsw", "qld", "wa", "sa", "tas", "nt", "act"]}, {"id": "w246920-9312997521286", "store": "woolworths", "name": "Bonds Womens Underwear Hipster Boyleg Size 14", "brand": "Bonds", "price": 9, "orgPrice": 18, "categoryIds": ["household"], "imagePath": "https://cdn0.woolworths.media/content/wowproductimages/large/246920.jpg", "cupPrice": null, "unit": "each", "packageSize": "2 pack", "barcode": ["9312997521286"], "isAvailable": true, "locations": ["vic", "nsw", "qld", "wa", "sa", "tas", "nt", "act"]}, {"id": "w246921-9312997521293", "store": "woolworths", "name": "Bonds Womens Underwear Hipster Boyleg Size 16", "brand": "Bonds", "price": 9, "orgPrice": 18, "categoryIds": ["household"], "imagePath": "https://cdn0.woolworths.media/content/wowproductimages/large/246921.jpg", "cupPrice": null, "unit": "each", "packageSize": "2 pack", "barcode": ["9312997521293"], "isAvailable": true, "locations": ["vic", "nsw", "qld", "wa", "sa", "tas", "nt", "act"]}, {"id": "w114998-9310492006833", "store": "woolworths", "name": "Bostik Blu Stik Glue ", "brand": "Bostik", "price": 1.75, "orgPrice": 3.5, "categoryIds": ["household"], "imagePath": "https://cdn0.woolworths.media/content/wowproductimages/large/114998.jpg", "cupPrice": null, "unit": "each", "packageSize": "35g", "barcode": ["9310492006833"], "isAvailable": true, "locations": ["vic", "nsw", "qld", "wa", "sa", "tas", "nt", "act"]}, {"id": "w36431-9310492000459", "store": "woolworths", "name": "Bostik Blu-tack ", "brand": "Bostik", "price": 1.25, "orgPrice": 2.5, "categoryIds": ["household"], "imagePath": "https://cdn0.woolworths.media/content/wowproductimages/large/036431.jpg", "cupPrice": null, "unit": "each", "packageSize": "75g", "barcode": ["9310492000459"], "isAvailable": true, "locations": ["vic", "nsw", "qld", "wa", "sa", "tas", "nt", "act"]}, {"id": "w26907-9350376003398", "store": "woolworths", "name": "Bref Duo Active Mediterranean Lemon ", "brand": "Bref", "price": 2.5, "orgPrice": 5, "categoryIds": ["household"], "imagePath": "https://cdn0.woolworths.media/content/wowproductimages/large/026907.jpg", "cupPrice": "$5.00 / 100ml", "unit": "each", "packageSize": "50ml", "barcode": ["9350376003398"], "isAvailable": true, "locations": ["vic", "nsw", "qld", "wa", "sa", "tas", "nt", "act"]}, {"id": "w463969-9350376000083", "store": "woolworths", "name": "Bref Duo Cubes 2 In 1 Formula", "brand": "Bref", "price": 2.5, "orgPrice": 5, "categoryIds": ["household"], "imagePath": "https://cdn0.woolworths.media/content/wowproductimages/large/463969.jpg", "cupPrice": "$2.50 / 100g", "unit": "each", "packageSize": "2x50g", "barcode": ["9350376000083"], "isAvailable": true, "locations": ["vic", "nsw", "qld", "wa", "sa", "tas", "nt", "act"]}, {"id": "w686983-9350376002278", "store": "woolworths", "name": "Bref Power Active Hawaii", "brand": "Bref", "price": 2.5, "orgPrice": 5, "categoryIds": ["household"], "imagePath": "https://cdn0.woolworths.media/content/wowproductimages/large/686983.jpg", "cupPrice": "$5.00 / 100g", "unit": "each", "packageSize": "50g", "barcode": ["9350376002278"], "isAvailable": true, "locations": ["vic", "nsw", "qld", "wa", "sa", "tas", "nt", "act"]}, {"id": "w558261-9350376000021", "store": "woolworths", "name": "Bref Power Active Toilet Cleaner Fresh Flowers", "brand": "Bref", "price": 2.5, "orgPrice": 5, "categoryIds": ["household"], "imagePath": "https://cdn0.woolworths.media/content/wowproductimages/large/558261.jpg", "cupPrice": "$5.00 / 100g", "unit": "each", "packageSize": "50g", "barcode": ["9350376000021"], "isAvailable": true, "locations": ["vic", "nsw", "qld", "wa", "sa", "tas", "nt", "act"]}, {"id": "w463854-9350376000007", "store": "woolworths", "name": "Bref Power Active Toilet Cleaner Lemon 4 In 1", "brand": "Bref", "price": 2.5, "orgPrice": 5, "categoryIds": ["household"], "imagePath": "https://cdn0.woolworths.media/content/wowproductimages/large/463854.jpg", "cupPrice": "$5.00 / 100g", "unit": "each", "packageSize": "50g", "barcode": ["9350376000007"], "isAvailable": true, "locations": ["vic", "nsw", "qld", "wa", "sa", "tas", "nt", "act"]}, {"id": "w681395-4712937051715", "store": "woolworths", "name": "Bzyoo Swill Bottle ", "brand": "Bzyoo", "price": 6, "orgPrice": 12, "categoryIds": ["household"], "imagePath": "https://cdn0.woolworths.media/content/wowproductimages/large/681395.jpg", "cupPrice": null, "unit": "each", "packageSize": "400ml", "barcode": ["4712937051715"], "isAvailable": true, "locations": ["vic", "nsw", "qld", "wa", "sa", "tas", "nt", "act"]}, {"id": "w673717-9318191903552", "store": "woolworths", "name": "Chux Dishwand Handle", "brand": "Chux", "price": 2.5, "orgPrice": 5, "categoryIds": ["household"], "imagePath": "https://cdn0.woolworths.media/content/wowproductimages/large/673717.jpg", "cupPrice": "$2.50 / 1ea", "unit": "each", "packageSize": "each", "barcode": ["9318191903552"], "isAvailable": true, "locations": ["vic", "nsw", "qld", "wa", "sa", "tas", "nt", "act"]}, {"id": "w207919-9318191902401", "store": "woolworths", "name": "Chux Magic Eraser Spot Cleaner", "brand": "Chux", "price": 2, "orgPrice": 4, "categoryIds": ["household"], "imagePath": "https://cdn0.woolworths.media/content/wowproductimages/large/207919.jpg", "cupPrice": "$0.25 / 1ea", "unit": "each", "packageSize": "8 pack", "barcode": ["9318191902401"], "isAvailable": true, "locations": ["vic", "nsw", "qld", "wa", "sa", "tas", "nt", "act"]}, {"id": "w32011-9318191153612", "store": "woolworths", "name": "Chux Original Superwipes ", "brand": "Chux", "price": 2, "orgPrice": 4, "categoryIds": ["household"], "imagePath": "https://cdn0.woolworths.media/content/wowproductimages/large/032011.jpg", "cupPrice": "$0.20 / 1ea", "unit": "each", "packageSize": "10 pack", "barcode": ["9318191153612"], "isAvailable": true, "locations": ["vic", "nsw", "qld", "wa", "sa", "tas", "nt", "act"]}, {"id": "w827333-9300633794439", "store": "woolworths", "name": "Clio Silky Control Tights Black Tall", "brand": "Clio", "price": 2.5, "orgPrice": 5, "categoryIds": ["household"], "imagePath": "https://cdn0.woolworths.media/content/wowproductimages/large/827333.jpg", "cupPrice": null, "unit": "each", "packageSize": "1pk", "barcode": ["9300633794439"], "isAvailable": true, "locations": ["vic", "nsw", "qld", "wa", "sa", "tas", "nt", "act"]}, {"id": "w827366-9300633794446", "store": "woolworths", "name": "Clio Silky Control Tights Black Xtall", "brand": "Clio", "price": 2.5, "orgPrice": 5, "categoryIds": ["household"], "imagePath": "https://cdn0.woolworths.media/content/wowproductimages/large/827366.jpg", "cupPrice": null, "unit": "each", "packageSize": "1pk", "barcode": ["9300633794446"], "isAvailable": true, "locations": ["vic", "nsw", "qld", "wa", "sa", "tas", "nt", "act"]}, {"id": "w88383-9350376004555", "store": "woolworths", "name": "Cold Power 2 In 1 Advanced Clean Fabric Softener", "brand": "Cold Power", "price": 8.75, "orgPrice": 17.5, "categoryIds": ["household"], "imagePath": "https://cdn0.woolworths.media/content/wowproductimages/large/088383.jpg", "cupPrice": "$4.86 / 1kg", "unit": "each", "packageSize": "1.8kg", "barcode": ["9350376004555"], "isAvailable": true, "locations": ["vic", "nsw", "qld", "wa", "sa", "tas", "nt", "act"]}, {"id": "w88163-9350376003848", "store": "woolworths", "name": "Cold Power Advanced Clean Front & Top Loader Laundry Liquid", "brand": "Cold Power", "price": 8.75, "orgPrice": 17.5, "categoryIds": ["household"], "imagePath": "https://cdn0.woolworths.media/content/wowproductimages/large/088163.jpg", "cupPrice": "$4.38 / 1l", "unit": "each", "packageSize": "2l", "barcode": ["9350376003848"], "isAvailable": true, "locations": ["vic", "nsw", "qld", "wa", "sa", "tas", "nt", "act"]}, {"id": "w87848-9350376003886", "store": "woolworths", "name": "Cold Power Advanced Clean Front & Top Loader Laundry Liquid Lemon", "brand": "Cold Power", "price": 8.75, "orgPrice": 17.5, "categoryIds": ["household"], "imagePath": "https://cdn0.woolworths.media/content/wowproductimages/large/087848.jpg", "cupPrice": "$4.38 / 1l", "unit": "each", "packageSize": "2l", "barcode": ["9350376003886"], "isAvailable": true, "locations": ["vic", "nsw", "qld", "wa", "sa", "tas", "nt", "act"]}, {"id": "w88522-9350376004524", "store": "woolworths", "name": "Cold Power Advanced Clean Front & Top Loader Laundry Powder", "brand": "Cold Power", "price": 8.75, "orgPrice": 17.5, "categoryIds": ["household"], "imagePath": "https://cdn0.woolworths.media/content/wowproductimages/large/088522.jpg", "cupPrice": "$4.38 / 1kg", "unit": "each", "packageSize": "2kg", "barcode": ["9350376004524"], "isAvailable": true, "locations": ["vic", "nsw", "qld", "wa", "sa", "tas", "nt", "act"]}, {"id": "w88593-9350376003947", "store": "woolworths", "name": "Cold Power Clean & Fresh Odour Fighter Fresh Guard Laundry Liquid", "brand": "Cold Power", "price": 8.75, "orgPrice": 17.5, "categoryIds": ["household"], "imagePath": "https://cdn0.woolworths.media/content/wowproductimages/large/088593.jpg", "cupPrice": "$4.86 / 1l", "unit": "each", "packageSize": "1.8l", "barcode": ["9350376003947"], "isAvailable": true, "locations": ["vic", "nsw", "qld", "wa", "sa", "tas", "nt", "act"]}, {"id": "w86339-9350376004425", "store": "woolworths", "name": "Cold Power Clean & Fresh Odour Fighter Laundry Powder", "brand": "Cold Power", "price": 8.75, "orgPrice": 17.5, "categoryIds": ["household"], "imagePath": "https://cdn0.woolworths.media/content/wowproductimages/large/086339.jpg", "cupPrice": "$4.86 / 1kg", "unit": "each", "packageSize": "1.8kg", "barcode": ["9350376004425"], "isAvailable": true, "locations": ["vic", "nsw", "qld", "wa", "sa", "tas", "nt", "act"]}, {"id": "w88384-9350376003978", "store": "woolworths", "name": "Cold Power Clean & Smooth Easy Ironing Laundry Liquid", "brand": "Cold Power", "price": 8.75, "orgPrice": 17.5, "categoryIds": ["household"], "imagePath": "https://cdn0.woolworths.media/content/wowproductimages/large/088384.jpg", "cupPrice": "$4.86 / 1l", "unit": "each", "packageSize": "1.8l", "barcode": ["9350376003978"], "isAvailable": true, "locations": ["vic", "nsw", "qld", "wa", "sa", "tas", "nt", "act"]}, {"id": "w88334-9350376003923", "store": "woolworths", "name": "Cold Power Sensitive Pure Clean ", "brand": "Cold Power", "price": 8.75, "orgPrice": 17.5, "categoryIds": ["household"], "imagePath": "https://cdn0.woolworths.media/content/wowproductimages/large/088334.jpg", "cupPrice": "$4.38 / 1l", "unit": "each", "packageSize": "2l", "barcode": ["9350376003923"], "isAvailable": true, "locations": ["vic", "nsw", "qld", "wa", "sa", "tas", "nt", "act"]}, {"id": "w86941-9350376004579", "store": "woolworths", "name": "Cold Power Sensitive Pure Clewan Laundry Powder", "brand": "Cold Power", "price": 8.75, "orgPrice": 17.5, "categoryIds": ["household"], "imagePath": "https://cdn0.woolworths.media/content/wowproductimages/large/086941.jpg", "cupPrice": "$4.38 / 1kg", "unit": "each", "packageSize": "2kg", "barcode": ["9350376004579"], "isAvailable": true, "locations": ["vic", "nsw", "qld", "wa", "sa", "tas", "nt", "act"]}, {"id": "w648078-71662003890", "store": "woolworths", "name": "Crayola Jumbo Crayons 8pk ", "brand": "Crayola", "price": 3, "orgPrice": 6, "categoryIds": ["household"], "imagePath": "https://cdn0.woolworths.media/content/wowproductimages/large/648078.jpg", "cupPrice": null, "unit": "each", "packageSize": "8 pack", "barcode": ["71662003890"], "isAvailable": true, "locations": ["vic", "nsw", "qld", "wa", "sa", "tas", "nt", "act"]}, {"id": "w673581-71662612160", "store": "woolworths", "name": "Crayola Side Walk Chalk ", "brand": "Crayola", "price": 2.5, "orgPrice": 5, "categoryIds": ["household"], "imagePath": "https://cdn0.woolworths.media/content/wowproductimages/large/673581.jpg", "cupPrice": null, "unit": "each", "packageSize": "16 pack", "barcode": ["71662612160"], "isAvailable": true, "locations": ["vic", "nsw", "qld", "wa", "sa", "tas", "nt", "act"]}, {"id": "w702538-71662252960", "store": "woolworths", "name": "Crayola Silly Scents Twistable Crayons", "brand": "Crayola", "price": 3, "orgPrice": 6, "categoryIds": ["household"], "imagePath": "https://cdn0.woolworths.media/content/wowproductimages/large/702538.jpg", "cupPrice": null, "unit": "each", "packageSize": "10 pack", "barcode": ["71662252960"], "isAvailable": true, "locations": ["vic", "nsw", "qld", "wa", "sa", "tas", "nt", "act"]}, {"id": "w653230-71662350123", "store": "woolworths", "name": "Crayola Super Tips Washable Markers", "brand": "Crayola", "price": 3, "orgPrice": 6, "categoryIds": ["household"], "imagePath": "https://cdn0.woolworths.media/content/wowproductimages/large/653230.jpg", "cupPrice": null, "unit": "each", "packageSize": "12 pack", "barcode": ["71662350123"], "isAvailable": true, "locations": ["vic", "nsw", "qld", "wa", "sa", "tas", "nt", "act"]}, {"id": "w648165-71662687458", "store": "woolworths", "name": "Crayola Twistables Colored Pencils", "brand": "Crayola", "price": 3, "orgPrice": 6, "categoryIds": ["household"], "imagePath": "https://cdn0.woolworths.media/content/wowproductimages/large/648165.jpg", "cupPrice": null, "unit": "each", "packageSize": "10 pack", "barcode": ["71662687458"], "isAvailable": true, "locations": ["vic", "nsw", "qld", "wa", "sa", "tas", "nt", "act"]}, {"id": "w86297-8850006935187", "store": "woolworths", "name": "Cuddly Aroma-intense Fragrance Booster Exotic Jasmie", "brand": "Cuddly", "price": 4.49, "orgPrice": 9, "categoryIds": ["household"], "imagePath": "https://cdn0.woolworths.media/content/wowproductimages/large/086297.jpg", "cupPrice": "$5.28 / 1l", "unit": "each", "packageSize": "850ml", "barcode": ["8850006935187"], "isAvailable": true, "locations": ["vic", "nsw", "qld", "wa", "sa", "tas", "nt", "act"]}, {"id": "w679254-9300632089376", "store": "woolworths", "name": "Cuddly Concentrate Fabric Softener Aroma Intense Wild Rose", "brand": "Cuddly", "price": 4.49, "orgPrice": 9, "categoryIds": ["household"], "imagePath": "https://cdn0.woolworths.media/content/wowproductimages/large/679254.jpg", "cupPrice": "$5.28 / 1l", "unit": "each", "packageSize": "850ml", "barcode": ["9300632089376"], "isAvailable": true, "locations": ["vic", "nsw", "qld", "wa", "sa", "tas", "nt", "act"]}, {"id": "w336493-9300632072750", "store": "woolworths", "name": "Cuddly Concentrate Fabric Softener Conditioner Soft & Sensitive", "brand": "Cuddly", "price": 4.49, "orgPrice": 8.99, "categoryIds": ["household"], "imagePath": "https://cdn0.woolworths.media/content/wowproductimages/large/336493.jpg", "cupPrice": "$4.49 / 1l", "unit": "each", "packageSize": "1l", "barcode": ["9300632072750"], "isAvailable": true, "locations": ["vic", "nsw", "qld", "wa", "sa", "tas", "nt", "act"]}, {"id": "w336491-9300632072736", "store": "woolworths", "name": "Cuddly Concentrate Fabric Softener Conditioner Sunshine Fresh", "brand": "Cuddly", "price": 4.49, "orgPrice": 8.99, "categoryIds": ["household"], "imagePath": "https://cdn0.woolworths.media/content/wowproductimages/large/336491.jpg", "cupPrice": "$4.49 / 1l", "unit": "each", "packageSize": "1l", "barcode": ["9300632072736"], "isAvailable": true, "locations": ["vic", "nsw", "qld", "wa", "sa", "tas", "nt", "act"]}, {"id": "w512329-9300621026627", "store": "woolworths", "name": "Decor Glass Measuring Jug With Lid", "brand": "Decor", "price": 7.5, "orgPrice": 15, "categoryIds": ["household"], "imagePath": "https://cdn0.woolworths.media/content/wowproductimages/large/512329.jpg", "cupPrice": null, "unit": "each", "packageSize": "650ml", "barcode": ["9300621026627"], "isAvailable": true, "locations": ["vic", "nsw", "qld", "wa", "sa", "tas", "nt", "act"]}, {"id": "w588754-9300621028027", "store": "woolworths", "name": "Decor Microsafe 5 Piece Pack", "brand": "Decor", "price": 8.5, "orgPrice": 17, "categoryIds": ["household"], "imagePath": "https://cdn0.woolworths.media/content/wowproductimages/large/588754.jpg", "cupPrice": null, "unit": "each", "packageSize": "each", "barcode": ["9300621028027"], "isAvailable": true, "locations": ["vic", "nsw", "qld", "wa", "sa", "tas", "nt", "act"]}, {"id": "w922933-9300621020533", "store": "woolworths", "name": "Decor Microsafe Container Noodle Bowl", "brand": "Decor", "price": 4, "orgPrice": 8, "categoryIds": ["household"], "imagePath": "https://cdn0.woolworths.media/content/wowproductimages/large/922933.jpg", "cupPrice": null, "unit": "each", "packageSize": "each", "barcode": ["9300621020533"], "isAvailable": true, "locations": ["vic", "nsw", "qld", "wa", "sa", "tas", "nt", "act"]}, {"id": "w224230-9300621006155", "store": "woolworths", "name": "Decor Microsafe Container Oblong", "brand": "Decor", "price": 4, "orgPrice": 8, "categoryIds": ["household"], "imagePath": "https://cdn0.woolworths.media/content/wowproductimages/large/224230.jpg", "cupPrice": null, "unit": "each", "packageSize": "1.6l", "barcode": ["9300621006155"], "isAvailable": true, "locations": ["vic", "nsw", "qld", "wa", "sa", "tas", "nt", "act"]}, {"id": "w224231-9300621006162", "store": "woolworths", "name": "Decor Microsafe Container Oblong", "brand": "Decor", "price": 3, "orgPrice": 6, "categoryIds": ["household"], "imagePath": "https://cdn0.woolworths.media/content/wowproductimages/large/224231.jpg", "cupPrice": null, "unit": "each", "packageSize": "900ml", "barcode": ["9300621006162"], "isAvailable": true, "locations": ["vic", "nsw", "qld", "wa", "sa", "tas", "nt", "act"]}, {"id": "w224213-9300621006117", "store": "woolworths", "name": "Decor Microsafe Container Round", "brand": "Decor", "price": 4, "orgPrice": 8, "categoryIds": ["household"], "imagePath": "https://cdn0.woolworths.media/content/wowproductimages/large/224213.jpg", "cupPrice": null, "unit": "each", "packageSize": "1.5l", "barcode": ["9300621006117"], "isAvailable": true, "locations": ["vic", "nsw", "qld", "wa", "sa", "tas", "nt", "act"]}, {"id": "w224227-9300621006124", "store": "woolworths", "name": "Decor Microsafe Container Round", "brand": "Decor", "price": 3, "orgPrice": 6, "categoryIds": ["household"], "imagePath": "https://cdn0.woolworths.media/content/wowproductimages/large/224227.jpg", "cupPrice": null, "unit": "each", "packageSize": "750ml", "barcode": ["9300621006124"], "isAvailable": true, "locations": ["vic", "nsw", "qld", "wa", "sa", "tas", "nt", "act"]}, {"id": "w491645-9300621025248", "store": "woolworths", "name": "Decor Microsafe Easy Steam Egg Poacher", "brand": "Decor", "price": 7.5, "orgPrice": 15, "categoryIds": ["household"], "imagePath": "https://cdn0.woolworths.media/content/wowproductimages/large/491645.jpg", "cupPrice": "$7.50 / 1ea", "unit": "each", "packageSize": "each", "barcode": ["9300621025248"], "isAvailable": true, "locations": ["vic", "nsw", "qld", "wa", "sa", "tas", "nt", "act"]}, {"id": "w676819-9300621028065", "store": "woolworths", "name": "Decor Microsafe Jewel Oblong", "brand": "Decor", "price": 7, "orgPrice": 14, "categoryIds": ["household"], "imagePath": "https://cdn0.woolworths.media/content/wowproductimages/large/676819.jpg", "cupPrice": null, "unit": "each", "packageSize": "3x900ml", "barcode": ["9300621028065"], "isAvailable": true, "locations": ["vic", "nsw", "qld", "wa", "sa", "tas", "nt", "act"]}, {"id": "w27950-9300621033694", "store": "woolworths", "name": "Decor Microsafe Jewel Value Pack", "brand": "Decor", "price": 6, "orgPrice": 12, "categoryIds": ["household"], "imagePath": "https://cdn0.woolworths.media/content/wowproductimages/large/027950.jpg", "cupPrice": null, "unit": "each", "packageSize": "3 pack", "barcode": ["9300621033694"], "isAvailable": true, "locations": ["vic", "nsw", "qld", "wa", "sa", "tas", "nt", "act"]}, {"id": "w28004-9300621033687", "store": "woolworths", "name": "Decor Microsafe Oblong 375ml ", "brand": "Decor", "price": 5.5, "orgPrice": 11, "categoryIds": ["household"], "imagePath": "https://cdn0.woolworths.media/content/wowproductimages/large/028004.jpg", "cupPrice": null, "unit": "each", "packageSize": "3 pack", "barcode": ["9300621033687"], "isAvailable": true, "locations": ["vic", "nsw", "qld", "wa", "sa", "tas", "nt", "act"]}, {"id": "w309391-9300621010459", "store": "woolworths", "name": "Decor Microsafe Rice Cooker & Veg Steamer", "brand": "Decor", "price": 5, "orgPrice": 10, "categoryIds": ["household"], "imagePath": "https://cdn0.woolworths.media/content/wowproductimages/large/309391.jpg", "cupPrice": null, "unit": "each", "packageSize": "2.75l", "barcode": ["9300621010459"], "isAvailable": true, "locations": ["vic", "nsw", "qld", "wa", "sa", "tas", "nt", "act"]}, {"id": "w252151-9300621008401", "store": "woolworths", "name": "Decor Microsafe Soup Mug ", "brand": "Decor", "price": 2.5, "orgPrice": 5, "categoryIds": ["household"], "imagePath": "https://cdn0.woolworths.media/content/wowproductimages/large/252151.jpg", "cupPrice": null, "unit": "each", "packageSize": "each", "barcode": ["9300621008401"], "isAvailable": true, "locations": ["vic", "nsw", "qld", "wa", "sa", "tas", "nt", "act"]}, {"id": "w45745-9300621018004", "store": "woolworths", "name": "Decor Tellfresh Cake Storer With Lifter", "brand": "Decor", "price": 6.5, "orgPrice": 13, "categoryIds": ["household"], "imagePath": "https://cdn0.woolworths.media/content/wowproductimages/large/045745.jpg", "cupPrice": null, "unit": "each", "packageSize": "each", "barcode": ["9300621018004"], "isAvailable": true, "locations": ["vic", "nsw", "qld", "wa", "sa", "tas", "nt", "act"]}, {"id": "w240726-9300621720716", "store": "woolworths", "name": "Decor Tellfresh Cereal Server ", "brand": "Decor", "price": 5, "orgPrice": 10, "categoryIds": ["household"], "imagePath": "https://cdn0.woolworths.media/content/wowproductimages/large/240726.jpg", "cupPrice": null, "unit": "each", "packageSize": "5l", "barcode": ["9300621720716"], "isAvailable": true, "locations": ["vic", "nsw", "qld", "wa", "sa", "tas", "nt", "act"]}, {"id": "w379159-9300621014976", "store": "woolworths", "name": "Decor Tellfresh Cupcake Storer Oblong", "brand": "Decor", "price": 5, "orgPrice": 10, "categoryIds": ["household"], "imagePath": "https://cdn0.woolworths.media/content/wowproductimages/large/379159.jpg", "cupPrice": null, "unit": "each", "packageSize": "each", "barcode": ["9300621014976"], "isAvailable": true, "locations": ["vic", "nsw", "qld", "wa", "sa", "tas", "nt", "act"]}, {"id": "w764872-9300621024579", "store": "woolworths", "name": "Decor Tellfresh Oblong 1l ", "brand": "Decor", "price": 6.5, "orgPrice": 13, "categoryIds": ["household"], "imagePath": "https://cdn0.woolworths.media/content/wowproductimages/large/764872.jpg", "cupPrice": null, "unit": "each", "packageSize": "3 pack", "barcode": ["9300621024579"], "isAvailable": true, "locations": ["vic", "nsw", "qld", "wa", "sa", "tas", "nt", "act"]}, {"id": "w379155-9300621015157", "store": "woolworths", "name": "Decor Tellfresh Storer Clear Oblong", "brand": "Decor", "price": 3, "orgPrice": 6, "categoryIds": ["household"], "imagePath": "https://cdn0.woolworths.media/content/wowproductimages/large/379155.jpg", "cupPrice": null, "unit": "each", "packageSize": "2l", "barcode": ["9300621015157"], "isAvailable": true, "locations": ["vic", "nsw", "qld", "wa", "sa", "tas", "nt", "act"]}, {"id": "w4801-9300621025606", "store": "woolworths", "name": "Decor Tellfresh Storer Oblong", "brand": "Decor", "price": 2.5, "orgPrice": 5, "categoryIds": ["household"], "imagePath": "https://cdn0.woolworths.media/content/wowproductimages/large/004801.jpg", "cupPrice": null, "unit": "each", "packageSize": "900ml", "barcode": ["9300621025606"], "isAvailable": true, "locations": ["vic", "nsw", "qld", "wa", "sa", "tas", "nt", "act"]}, {"id": "w4792-9300621022605", "store": "woolworths", "name": "Decor Tellfresh Storer Oblong", "brand": "Decor", "price": 3, "orgPrice": 6, "categoryIds": ["household"], "imagePath": "https://cdn0.woolworths.media/content/wowproductimages/large/004792.jpg", "cupPrice": null, "unit": "each", "packageSize": "1.8l", "barcode": ["9300621022605"], "isAvailable": true, "locations": ["vic", "nsw", "qld", "wa", "sa", "tas", "nt", "act"]}, {"id": "w4803-9300621024609", "store": "woolworths", "name": "Decor Tellfresh Storer Oblong", "brand": "Decor", "price": 2.5, "orgPrice": 5, "categoryIds": ["household"], "imagePath": "https://cdn0.woolworths.media/content/wowproductimages/large/004803.jpg", "cupPrice": null, "unit": "each", "packageSize": "1l", "barcode": ["9300621024609"], "isAvailable": true, "locations": ["vic", "nsw", "qld", "wa", "sa", "tas", "nt", "act"]}, {"id": "w229811-9300621006568", "store": "woolworths", "name": "Decor Tellfresh Storer Oblong 250ml", "brand": "Decor", "price": 4, "orgPrice": 8, "categoryIds": ["household"], "imagePath": "https://cdn0.woolworths.media/content/wowproductimages/large/229811.jpg", "cupPrice": "$1.33 / 1ea", "unit": "each", "packageSize": "3 pack", "barcode": ["9300621006568"], "isAvailable": true, "locations": ["vic", "nsw", "qld", "wa", "sa", "tas", "nt", "act"]}, {"id": "w229812-9300621006544", "store": "woolworths", "name": "Decor Tellfresh Storer Oblong 500ml", "brand": "Decor", "price": 5, "orgPrice": 10, "categoryIds": ["household"], "imagePath": "https://cdn0.woolworths.media/content/wowproductimages/large/229812.jpg", "cupPrice": "$1.67 / 1ea", "unit": "each", "packageSize": "3 pack", "barcode": ["9300621006544"], "isAvailable": true, "locations": ["vic", "nsw", "qld", "wa", "sa", "tas", "nt", "act"]}, {"id": "w68403-9300621026603", "store": "woolworths", "name": "Decor Tellfresh Storer Oblong Tall", "brand": "Decor", "price": 2.5, "orgPrice": 5, "categoryIds": ["household"], "imagePath": "https://cdn0.woolworths.media/content/wowproductimages/large/068403.jpg", "cupPrice": null, "unit": "each", "packageSize": "800ml", "barcode": ["9300621026603"], "isAvailable": true, "locations": ["vic", "nsw", "qld", "wa", "sa", "tas", "nt", "act"]}, {"id": "w55883-9300621037609", "store": "woolworths", "name": "Decor Tellfresh Storer Oblong Tall", "brand": "Decor", "price": 4.5, "orgPrice": 9, "categoryIds": ["household"], "imagePath": "https://cdn0.woolworths.media/content/wowproductimages/large/055883.jpg", "cupPrice": null, "unit": "each", "packageSize": "3l", "barcode": ["9300621037609"], "isAvailable": true, "locations": ["vic", "nsw", "qld", "wa", "sa", "tas", "nt", "act"]}, {"id": "w94205-9300621040609", "store": "woolworths", "name": "Decor Tellfresh Storer Oblong Tall", "brand": "Decor", "price": 3.5, "orgPrice": 7, "categoryIds": ["household"], "imagePath": "https://cdn0.woolworths.media/content/wowproductimages/large/094205.jpg", "cupPrice": null, "unit": "each", "packageSize": "1.75l", "barcode": ["9300621040609"], "isAvailable": true, "locations": ["vic", "nsw", "qld", "wa", "sa", "tas", "nt", "act"]}, {"id": "w379107-9300621015188", "store": "woolworths", "name": "Decor Tellfresh Storer Set", "brand": "Decor", "price": 8, "orgPrice": 16, "categoryIds": ["household"], "imagePath": "https://cdn0.woolworths.media/content/wowproductimages/large/379107.jpg", "cupPrice": "$1.33 / 1ea", "unit": "each", "packageSize": "6 pack", "barcode": ["9300621015188"], "isAvailable": true, "locations": ["vic", "nsw", "qld", "wa", "sa", "tas", "nt", "act"]}, {"id": "w196118-9300621003109", "store": "woolworths", "name": "Decor Tellfresh Super Storer ", "brand": "Decor", "price": 8, "orgPrice": 16, "categoryIds": ["household"], "imagePath": "https://cdn0.woolworths.media/content/wowproductimages/large/196118.jpg", "cupPrice": null, "unit": "each", "packageSize": "8.5l", "barcode": ["9300621003109"], "isAvailable": true, "locations": ["vic", "nsw", "qld", "wa", "sa", "tas", "nt", "act"]}, {"id": "w492628-9300621009521", "store": "woolworths", "name": "Decor Tellfresh Super Storer Clear Super Storer 5.5l", "brand": "Decor", "price": 6, "orgPrice": 12, "categoryIds": ["household"], "imagePath": "https://cdn0.woolworths.media/content/wowproductimages/large/492628.jpg", "cupPrice": null, "unit": "each", "packageSize": "5.5l", "barcode": ["9300621009521"], "isAvailable": true, "locations": ["vic", "nsw", "qld", "wa", "sa", "tas", "nt", "act"]}, {"id": "w21633-9300622003221", "store": "woolworths", "name": "Duck Extra Power Toilet Shield Ocean Burst", "brand": "Duck", "price": 2.5, "orgPrice": 5, "categoryIds": ["household"], "imagePath": "https://cdn0.woolworths.media/content/wowproductimages/large/021633.jpg", "cupPrice": "$0.50 / 100ml", "unit": "each", "packageSize": "500ml", "barcode": ["9300622003221"], "isAvailable": true, "locations": ["vic", "nsw", "qld", "wa", "sa", "tas", "nt", "act"]}, {"id": "w21635-9300622003177", "store": "woolworths", "name": "Duck Extra Power Toilet Shield Spring Flowers", "brand": "Duck", "price": 2.5, "orgPrice": 5, "categoryIds": ["household"], "imagePath": "https://cdn0.woolworths.media/content/wowproductimages/large/021635.jpg", "cupPrice": "$0.50 / 100ml", "unit": "each", "packageSize": "500ml", "barcode": ["9300622003177"], "isAvailable": true, "locations": ["vic", "nsw", "qld", "wa", "sa", "tas", "nt", "act"]}, {"id": "w87803-9350376003695", "store": "woolworths", "name": "Dynamo Professional 7 Actions In 1 Wash Laundry Liquid", "brand": "Dynamo", "price": 6, "orgPrice": 12, "categoryIds": ["household"], "imagePath": "https://cdn0.woolworths.media/content/wowproductimages/large/087803.jpg", "cupPrice": "$6.67 / 1l", "unit": "each", "packageSize": "900ml", "barcode": ["9350376003695"], "isAvailable": true, "locations": ["vic", "nsw", "qld", "wa", "sa", "tas", "nt", "act"]}, {"id": "w88431-9350376003718", "store": "woolworths", "name": "Dynamo Professional 7 In 1 ", "brand": "Dynamo", "price": 17, "orgPrice": 34, "categoryIds": ["household"], "imagePath": "https://cdn0.woolworths.media/content/wowproductimages/large/088431.jpg", "cupPrice": "$4.72 / 1l", "unit": "each", "packageSize": "3.6l", "barcode": ["9350376003718"], "isAvailable": true, "locations": ["vic", "nsw", "qld", "wa", "sa", "tas", "nt", "act"]}, {"id": "w88387-9350376003763", "store": "woolworths", "name": "Dynamo Professional Odour Eliminating", "brand": "Dynamo", "price": 17, "orgPrice": 34, "categoryIds": ["household"], "imagePath": "https://cdn0.woolworths.media/content/wowproductimages/large/088387.jpg", "cupPrice": "$4.72 / 1l", "unit": "each", "packageSize": "3.6l", "barcode": ["9350376003763"], "isAvailable": true, "locations": ["vic", "nsw", "qld", "wa", "sa", "tas", "nt", "act"]}, {"id": "w87733-9350376003749", "store": "woolworths", "name": "Dynamo Professional Odour Elminating Laundry Liquid", "brand": "Dynamo", "price": 6, "orgPrice": 12, "categoryIds": ["household"], "imagePath": "https://cdn0.woolworths.media/content/wowproductimages/large/087733.jpg", "cupPrice": "$6.67 / 1l", "unit": "each", "packageSize": "900ml", "barcode": ["9350376003749"], "isAvailable": true, "locations": ["vic", "nsw", "qld", "wa", "sa", "tas", "nt", "act"]}, {"id": "w87742-9350376003619", "store": "woolworths", "name": "Dynamo Professional Oxi Plus Stain Remover Laundry Liquid", "brand": "Dynamo", "price": 6, "orgPrice": 12, "categoryIds": ["household"], "imagePath": "https://cdn0.woolworths.media/content/wowproductimages/large/087742.jpg", "cupPrice": "$6.67 / 1l", "unit": "each", "packageSize": "900ml", "barcode": ["9350376003619"], "isAvailable": true, "locations": ["vic", "nsw", "qld", "wa", "sa", "tas", "nt", "act"]}, {"id": "w762410-3492548225507", "store": "woolworths", "name": "Energizer Anti Shock 1.2m S8 Transparent Case", "brand": "Energizer", "price": 10, "orgPrice": 20, "categoryIds": ["household"], "imagePath": "https://cdn0.woolworths.media/content/wowproductimages/large/762410.jpg", "cupPrice": null, "unit": "each", "packageSize": "each", "barcode": ["3492548225507"], "isAvailable": true, "locations": ["vic", "nsw", "qld", "wa", "sa", "tas", "nt", "act"]}, {"id": "w355567-9300633170882", "store": "woolworths", "name": "Essentials Kids Socks Sport Low Cut Size 13-3", "brand": "Essentials", "price": 4, "orgPrice": 8, "categoryIds": ["household"], "imagePath": "https://cdn0.woolworths.media/content/wowproductimages/large/355567.jpg", "cupPrice": "$1.00 / 1ea", "unit": "each", "packageSize": "4 pack", "barcode": ["9300633170882"], "isAvailable": true, "locations": ["vic", "nsw", "qld", "wa", "sa", "tas", "nt", "act"]}, {"id": "w355591-9300633171094", "store": "woolworths", "name": "Essentials Womens Socks Low Cut Plain White Size 8-11", "brand": "Essentials", "price": 3.5, "orgPrice": 7, "categoryIds": ["household"], "imagePath": "https://cdn0.woolworths.media/content/wowproductimages/large/355591.jpg", "cupPrice": "$1.17 / 1ea", "unit": "each", "packageSize": "3 pack", "barcode": ["9300633171094"], "isAvailable": true, "locations": ["vic", "nsw", "qld", "wa", "sa", "tas", "nt", "act"]}, {"id": "w356187-9310115004413", "store": "woolworths", "name": "Explorer Explorer Socks Mens Navy Size 6-10", "brand": "Explorer", "price": 7, "orgPrice": 14, "categoryIds": ["household"], "imagePath": "https://cdn0.woolworths.media/content/wowproductimages/large/356187.jpg", "cupPrice": "$7.00 / 1ea", "unit": "each", "packageSize": "each", "barcode": ["9310115004413"], "isAvailable": true, "locations": ["vic", "nsw", "qld", "wa", "sa", "tas", "nt", "act"]}, {"id": "w659827-9351257989411", "store": "woolworths", "name": "Explorer Tough Work Mens Socks Size 11-14", "brand": "Explorer", "price": 5, "orgPrice": 10, "categoryIds": ["household"], "imagePath": "https://cdn0.woolworths.media/content/wowproductimages/large/659827.jpg", "cupPrice": null, "unit": "each", "packageSize": "each", "barcode": ["9351257989411"], "isAvailable": true, "locations": ["vic", "nsw", "qld", "wa", "sa", "tas", "nt", "act"]}, {"id": "w659884-9351257989428", "store": "woolworths", "name": "Explorer Tough Work Socks 1pk", "brand": "Explorer", "price": 5, "orgPrice": 10, "categoryIds": ["household"], "imagePath": "https://cdn0.woolworths.media/content/wowproductimages/large/659884.jpg", "cupPrice": null, "unit": "each", "packageSize": "each", "barcode": ["9351257989428"], "isAvailable": true, "locations": ["vic", "nsw", "qld", "wa", "sa", "tas", "nt", "act"]}, {"id": "w64003-71641160132", "store": "woolworths", "name": "Expo Bullet Dry Erase Markers 4 Colours", "brand": "Expo", "price": 5.75, "orgPrice": 11.5, "categoryIds": ["household"], "imagePath": "https://cdn0.woolworths.media/content/wowproductimages/large/064003.jpg", "cupPrice": null, "unit": "each", "packageSize": "4 pack", "barcode": ["71641160132"], "isAvailable": true, "locations": ["vic", "nsw", "qld", "wa", "sa", "tas", "nt", "act"]}, {"id": "w521512-71641801523", "store": "woolworths", "name": "Expo Chisel Dry Erase Whiteboard Markers Black", "brand": "Expo", "price": 3, "orgPrice": 6, "categoryIds": ["household"], "imagePath": "https://cdn0.woolworths.media/content/wowproductimages/large/521512.jpg", "cupPrice": "$1.50 / 1ea", "unit": "each", "packageSize": "2 pack", "barcode": ["71641801523"], "isAvailable": true, "locations": ["vic", "nsw", "qld", "wa", "sa", "tas", "nt", "act"]}, {"id": "w521510-71641866010", "store": "woolworths", "name": "Expo Fine Whiteboard Markers Assorted", "brand": "Expo", "price": 8, "orgPrice": 16, "categoryIds": ["household"], "imagePath": "https://cdn0.woolworths.media/content/wowproductimages/large/521510.jpg", "cupPrice": "$1.00 / 1ea", "unit": "each", "packageSize": "8 pack", "barcode": ["71641866010"], "isAvailable": true, "locations": ["vic", "nsw", "qld", "wa", "sa", "tas", "nt", "act"]}, {"id": "w933690-4005401158554", "store": "woolworths", "name": "Faber-castell Coloured Pencils ", "brand": "Faber-castell", "price": 4, "orgPrice": 8, "categoryIds": ["household"], "imagePath": "https://cdn0.woolworths.media/content/wowproductimages/large/933690.jpg", "cupPrice": null, "unit": "each", "packageSize": "24 pack", "barcode": ["4005401158554"], "isAvailable": true, "locations": ["vic", "nsw", "qld", "wa", "sa", "tas", "nt", "act"]}, {"id": "w96750-9311279191209", "store": "woolworths", "name": "Faber-castell Connector Markers", "brand": "Faber-castell", "price": 3.75, "orgPrice": 7.5, "categoryIds": ["household"], "imagePath": "https://cdn0.woolworths.media/content/wowproductimages/large/096750.jpg", "cupPrice": null, "unit": "each", "packageSize": "20 pack", "barcode": ["9311279191209"], "isAvailable": true, "locations": ["vic", "nsw", "qld", "wa", "sa", "tas", "nt", "act"]}, {"id": "w37181-9300701820848", "store": "woolworths", "name": "Finish Dishwasher Cleaner Tabs ", "brand": "Finish", "price": 5, "orgPrice": 10, "categoryIds": ["household"], "imagePath": "https://cdn0.woolworths.media/content/wowproductimages/large/037181.jpg", "cupPrice": "$1.67 / 1ea", "unit": "each", "packageSize": "3 pack", "barcode": ["9300701820848"], "isAvailable": true, "locations": ["vic", "nsw", "qld", "wa", "sa", "tas", "nt", "act"]}, {"id": "w863045-8850006931691", "store": "woolworths", "name": "Fluffy Fabric Softener Divine Blends Vanilla & Coconut", "brand": "Fluffy", "price": 6.5, "orgPrice": 13, "categoryIds": ["household"], "imagePath": "https://cdn0.woolworths.media/content/wowproductimages/large/863045.jpg", "cupPrice": "$3.42 / 1l", "unit": "each", "packageSize": "1.9l", "barcode": ["8850006931691"], "isAvailable": true, "locations": ["vic", "nsw", "qld", "wa", "sa", "tas", "nt", "act"]}, {"id": "w679255-9300632089451", "store": "woolworths", "name": "Fluffy Fragrance Temptations Fabric Softener Spice Allure", "brand": "Fluffy", "price": 6.5, "orgPrice": 13, "categoryIds": ["household"], "imagePath": "https://cdn0.woolworths.media/content/wowproductimages/large/679255.jpg", "cupPrice": "$3.25 / 1l", "unit": "each", "packageSize": "2l", "barcode": ["9300632089451"], "isAvailable": true, "locations": ["vic", "nsw", "qld", "wa", "sa", "tas", "nt", "act"]}, {"id": "w86379-8850006935170", "store": "woolworths", "name": "Fluffy Summer Breeze Concentrated Fabric Conditioner", "brand": "Fluffy", "price": 6.5, "orgPrice": 13, "categoryIds": ["household"], "imagePath": "https://cdn0.woolworths.media/content/wowproductimages/large/086379.jpg", "cupPrice": "$3.25 / 1l", "unit": "each", "packageSize": "2l", "barcode": ["8850006935170"], "isAvailable": true, "locations": ["vic", "nsw", "qld", "wa", "sa", "tas", "nt", "act"]}, {"id": "w827332-9300633794422", "store": "woolworths", "name": "For Her Sheer Slimming Tight Black A 90mm(w) X 250mm(h) X 15mm(d)", "brand": "For Her", "price": 2.5, "orgPrice": 5, "categoryIds": ["household"], "imagePath": "https://cdn0.woolworths.media/content/wowproductimages/large/827332.jpg", "cupPrice": null, "unit": "each", "packageSize": "each", "barcode": ["9300633794422"], "isAvailable": true, "locations": ["vic", "nsw", "qld", "wa", "sa", "tas", "nt", "act"]}, {"id": "w196731-9300633004613", "store": "woolworths", "name": "For Her Womens Socks Low Cut White Size 2 - 8", "brand": "For Her", "price": 3.5, "orgPrice": 7, "categoryIds": ["household"], "imagePath": "https://cdn0.woolworths.media/content/wowproductimages/large/196731.jpg", "cupPrice": "$1.17 / 1ea", "unit": "each", "packageSize": "3 pack", "barcode": ["9300633004613"], "isAvailable": true, "locations": ["vic", "nsw", "qld", "wa", "sa", "tas", "nt", "act"]}, {"id": "w40686-9339687096442", "store": "woolworths", "name": "For Kids Boys Briefs Size 12-14", "brand": "For Kids", "price": 3.2, "orgPrice": 8, "categoryIds": ["household"], "imagePath": "https://cdn0.woolworths.media/content/wowproductimages/large/040686.jpg", "cupPrice": null, "unit": "each", "packageSize": "5 pack", "barcode": ["9339687096442"], "isAvailable": true, "locations": ["vic", "nsw", "qld", "wa", "sa", "tas", "nt", "act"]}, {"id": "w40691-9339687096435", "store": "woolworths", "name": "For Kids Boys Briefs Sizes 10-12 ", "brand": "For Kids", "price": 4, "orgPrice": 8, "categoryIds": ["household"], "imagePath": "https://cdn0.woolworths.media/content/wowproductimages/large/040691.jpg", "cupPrice": null, "unit": "each", "packageSize": "5 pack", "barcode": ["9339687096435"], "isAvailable": true, "locations": ["vic", "nsw", "qld", "wa", "sa", "tas", "nt", "act"]}, {"id": "w40679-9339687096466", "store": "woolworths", "name": "For Kids Boys Briefs Sizes 8-10 ", "brand": "For Kids", "price": 4, "orgPrice": 8, "categoryIds": ["household"], "imagePath": "https://cdn0.woolworths.media/content/wowproductimages/large/040679.jpg", "cupPrice": null, "unit": "each", "packageSize": "5 pack", "barcode": ["9339687096466"], "isAvailable": true, "locations": ["vic", "nsw", "qld", "wa", "sa", "tas", "nt", "act"]}, {"id": "w40681-9339687096459", "store": "woolworths", "name": "For Kids Boys Cotton Trunk Size 10-12", "brand": "For Kids", "price": 4, "orgPrice": 8, "categoryIds": ["household"], "imagePath": "https://cdn0.woolworths.media/content/wowproductimages/large/040681.jpg", "cupPrice": null, "unit": "each", "packageSize": "3 pack", "barcode": ["9339687096459"], "isAvailable": true, "locations": ["vic", "nsw", "qld", "wa", "sa", "tas", "nt", "act"]}, {"id": "w40693-9339687096411", "store": "woolworths", "name": "For Kids Girls Briefs Size 8-10", "brand": "For Kids", "price": 4, "orgPrice": 8, "categoryIds": ["household"], "imagePath": "https://cdn0.woolworths.media/content/wowproductimages/large/040693.jpg", "cupPrice": null, "unit": "each", "packageSize": "5 pack", "barcode": ["9339687096411"], "isAvailable": true, "locations": ["vic", "nsw", "qld", "wa", "sa", "tas", "nt", "act"]}, {"id": "w39710-9339687096404", "store": "woolworths", "name": "For Kids Girls Briefs Sizes 10-12 ", "brand": "For Kids", "price": 4, "orgPrice": 8, "categoryIds": ["household"], "imagePath": "https://cdn0.woolworths.media/content/wowproductimages/large/039710.jpg", "cupPrice": null, "unit": "each", "packageSize": "5 pack", "barcode": ["9339687096404"], "isAvailable": true, "locations": ["vic", "nsw", "qld", "wa", "sa", "tas", "nt", "act"]}, {"id": "w39708-9339687096381", "store": "woolworths", "name": "For Kids Girls Briefs Sizes 12-14 ", "brand": "For Kids", "price": 3.2, "orgPrice": 8, "categoryIds": ["household"], "imagePath": "https://cdn0.woolworths.media/content/wowproductimages/large/039708.jpg", "cupPrice": null, "unit": "each", "packageSize": "5 pack", "barcode": ["9339687096381"], "isAvailable": true, "locations": ["vic", "nsw", "qld", "wa", "sa", "tas", "nt", "act"]}, {"id": "w19787-9310004181256", "store": "woolworths", "name": "Handee Ultra Paper Towel White", "brand": "Handee", "price": 1.75, "orgPrice": 3.5, "categoryIds": ["household"], "imagePath": "https://cdn0.woolworths.media/content/wowproductimages/large/019787.jpg", "cupPrice": "$1.46 / 100ss", "unit": "each", "packageSize": "2 pack", "barcode": ["9310004181256"], "isAvailable": true, "locations": ["vic", "nsw", "qld", "wa", "sa", "tas", "nt", "act"]}, {"id": "w264716-9332822355794", "store": "woolworths", "name": "Holeproof Explorer Socks Light For Women Size 3-8", "brand": "Holeproof", "price": 7, "orgPrice": 14, "categoryIds": ["household"], "imagePath": "https://cdn0.woolworths.media/content/wowproductimages/large/264716.jpg", "cupPrice": null, "unit": "each", "packageSize": "each", "barcode": ["9332822355794"], "isAvailable": true, "locations": ["vic", "nsw", "qld", "wa", "sa", "tas", "nt", "act"]}, {"id": "w677149-8718033158125", "store": "woolworths", "name": "Jamie Oliver Large Baking Dish ", "brand": "Jamie Oliver", "price": 10, "orgPrice": 20, "categoryIds": ["household"], "imagePath": "https://cdn0.woolworths.media/content/wowproductimages/large/677149.jpg", "cupPrice": null, "unit": "each", "packageSize": "each", "barcode": ["8718033158125"], "isAvailable": true, "locations": ["vic", "nsw", "qld", "wa", "sa", "tas", "nt", "act"]}, {"id": "w677294-8718033158064", "store": "woolworths", "name": "Jamie Oliver Ramekins ", "brand": "Jamie Oliver", "price": 6, "orgPrice": 12, "categoryIds": ["household"], "imagePath": "https://cdn0.woolworths.media/content/wowproductimages/large/677294.jpg", "cupPrice": null, "unit": "each", "packageSize": "4 pack", "barcode": ["8718033158064"], "isAvailable": true, "locations": ["vic", "nsw", "qld", "wa", "sa", "tas", "nt", "act"]}, {"id": "w677295-8718033158088", "store": "woolworths", "name": "Jamie Oliver Small Baking Dish ", "brand": "Jamie Oliver", "price": 6, "orgPrice": 12, "categoryIds": ["household"], "imagePath": "https://cdn0.woolworths.media/content/wowproductimages/large/677295.jpg", "cupPrice": null, "unit": "each", "packageSize": "each", "barcode": ["8718033158088"], "isAvailable": true, "locations": ["vic", "nsw", "qld", "wa", "sa", "tas", "nt", "act"]}, {"id": "w711737-9400033171950", "store": "woolworths", "name": "Lovable Bikini Size 8", "brand": "Lovable", "price": 9, "orgPrice": 18, "categoryIds": ["household"], "imagePath": "https://cdn0.woolworths.media/content/wowproductimages/large/711737.jpg", "cupPrice": "$4.50 / 1ea", "unit": "each", "packageSize": "2 pack", "barcode": ["9400033171950"], "isAvailable": true, "locations": ["vic", "nsw", "qld", "wa", "sa", "tas", "nt", "act"]}, {"id": "w724748-9400033172032", "store": "woolworths", "name": "Lovable Hipster Size 8", "brand": "Lovable", "price": 9, "orgPrice": 18, "categoryIds": ["household"], "imagePath": "https://cdn0.woolworths.media/content/wowproductimages/large/724748.jpg", "cupPrice": "$4.50 / 1ea", "unit": "each", "packageSize": "2 pack", "barcode": ["9400033172032"], "isAvailable": true, "locations": ["vic", "nsw", "qld", "wa", "sa", "tas", "nt", "act"]}, {"id": "w523191-9400033119433", "store": "woolworths", "name": "Lovable Ladies Bikini Underwear Size 10", "brand": "Lovable", "price": 9, "orgPrice": 18, "categoryIds": ["household"], "imagePath": "https://cdn0.woolworths.media/content/wowproductimages/large/523191.jpg", "cupPrice": null, "unit": "each", "packageSize": "2 pack", "barcode": ["9400033119433"], "isAvailable": true, "locations": ["vic", "nsw", "qld", "wa", "sa", "tas", "nt", "act"]}, {"id": "w523192-9400033119440", "store": "woolworths", "name": "Lovable Ladies Bikini Underwear Size 12", "brand": "Lovable", "price": 9, "orgPrice": 18, "categoryIds": ["household"], "imagePath": "https://cdn0.woolworths.media/content/wowproductimages/large/523192.jpg", "cupPrice": null, "unit": "each", "packageSize": "2 pack", "barcode": ["9400033119440"], "isAvailable": true, "locations": ["vic", "nsw", "qld", "wa", "sa", "tas", "nt", "act"]}, {"id": "w523007-9400033119457", "store": "woolworths", "name": "Lovable Ladies Bikini Underwear Size 14", "brand": "Lovable", "price": 9, "orgPrice": 18, "categoryIds": ["household"], "imagePath": "https://cdn0.woolworths.media/content/wowproductimages/large/523007.jpg", "cupPrice": null, "unit": "each", "packageSize": "2 pack", "barcode": ["9400033119457"], "isAvailable": true, "locations": ["vic", "nsw", "qld", "wa", "sa", "tas", "nt", "act"]}, {"id": "w523196-9400033119518", "store": "woolworths", "name": "Lovable Ladies Hipster Underwear Size 10", "brand": "Lovable", "price": 9, "orgPrice": 18, "categoryIds": ["household"], "imagePath": "https://cdn0.woolworths.media/content/wowproductimages/large/523196.jpg", "cupPrice": null, "unit": "each", "packageSize": "2 pack", "barcode": ["9400033119518"], "isAvailable": true, "locations": ["vic", "nsw", "qld", "wa", "sa", "tas", "nt", "act"]}, {"id": "w523197-9400033119525", "store": "woolworths", "name": "Lovable Ladies Hipster Underwear Size 12", "brand": "Lovable", "price": 9, "orgPrice": 18, "categoryIds": ["household"], "imagePath": "https://cdn0.woolworths.media/content/wowproductimages/large/523197.jpg", "cupPrice": null, "unit": "each", "packageSize": "2 pack", "barcode": ["9400033119525"], "isAvailable": true, "locations": ["vic", "nsw", "qld", "wa", "sa", "tas", "nt", "act"]}, {"id": "w523198-9400033119532", "store": "woolworths", "name": "Lovable Ladies Hipster Underwear Size 14", "brand": "Lovable", "price": 9, "orgPrice": 18, "categoryIds": ["household"], "imagePath": "https://cdn0.woolworths.media/content/wowproductimages/large/523198.jpg", "cupPrice": null, "unit": "each", "packageSize": "2 pack", "barcode": ["9400033119532"], "isAvailable": true, "locations": ["vic", "nsw", "qld", "wa", "sa", "tas", "nt", "act"]}, {"id": "w807787-9348641008179", "store": "woolworths", "name": "Mirabella Genio Led Bc Cw 800lm", "brand": "Mirabella", "price": 10, "orgPrice": 20, "categoryIds": ["household"], "imagePath": "https://cdn0.woolworths.media/content/wowproductimages/large/807787.jpg", "cupPrice": "$10.00 / 1ea", "unit": "each", "packageSize": "each", "barcode": ["9348641008179"], "isAvailable": true, "locations": ["vic", "nsw", "qld", "wa", "sa", "tas", "nt", "act"]}, {"id": "w807851-9348641008193", "store": "woolworths", "name": "Mirabella Genio Led Bc Rgbw 800lm", "brand": "Mirabella", "price": 15, "orgPrice": 30, "categoryIds": ["household"], "imagePath": "https://cdn0.woolworths.media/content/wowproductimages/large/807851.jpg", "cupPrice": "$15.00 / 1ea", "unit": "each", "packageSize": "each", "barcode": ["9348641008193"], "isAvailable": true, "locations": ["vic", "nsw", "qld", "wa", "sa", "tas", "nt", "act"]}, {"id": "w807850-9348641008186", "store": "woolworths", "name": "Mirabella Genio Led Es Rgbw 800lm", "brand": "Mirabella", "price": 15, "orgPrice": 30, "categoryIds": ["household"], "imagePath": "https://cdn0.woolworths.media/content/wowproductimages/large/807850.jpg", "cupPrice": "$15.00 / 1ea", "unit": "each", "packageSize": "each", "barcode": ["9348641008186"], "isAvailable": true, "locations": ["vic", "nsw", "qld", "wa", "sa", "tas", "nt", "act"]}, {"id": "w208111-9300615054247", "store": "woolworths", "name": "Morning Fresh Dishwashing Liquid Lemon Super Strength", "brand": "Morning Fresh", "price": 3.75, "orgPrice": 7.5, "categoryIds": ["household"], "imagePath": "https://cdn0.woolworths.media/content/wowproductimages/large/208111.jpg", "cupPrice": "$0.42 / 100ml", "unit": "each", "packageSize": "900ml", "barcode": ["9300615054247"], "isAvailable": true, "locations": ["vic", "nsw", "qld", "wa", "sa", "tas", "nt", "act"]}, {"id": "w280546-9300615055695", "store": "woolworths", "name": "Morning Fresh Dishwashing Liquid Lime", "brand": "Morning Fresh", "price": 3.75, "orgPrice": 7.5, "categoryIds": ["household"], "imagePath": "https://cdn0.woolworths.media/content/wowproductimages/large/280546.jpg", "cupPrice": "$0.42 / 100ml", "unit": "each", "packageSize": "900ml", "barcode": ["9300615055695"], "isAvailable": true, "locations": ["vic", "nsw", "qld", "wa", "sa", "tas", "nt", "act"]}, {"id": "w208112-9300615054292", "store": "woolworths", "name": "Morning Fresh Dishwashing Liquid Original Super Strength", "brand": "Morning Fresh", "price": 3.75, "orgPrice": 7.5, "categoryIds": ["household"], "imagePath": "https://cdn0.woolworths.media/content/wowproductimages/large/208112.jpg", "cupPrice": "$0.42 / 100ml", "unit": "each", "packageSize": "900ml", "barcode": ["9300615054292"], "isAvailable": true, "locations": ["vic", "nsw", "qld", "wa", "sa", "tas", "nt", "act"]}, {"id": "w588994-9300615582306", "store": "woolworths", "name": "Morning Fresh Dishwashing Liquid Raspberry & Crisp Apple", "brand": "Morning Fresh", "price": 3.75, "orgPrice": 7.5, "categoryIds": ["household"], "imagePath": "https://cdn0.woolworths.media/content/wowproductimages/large/588994.jpg", "cupPrice": "$0.42 / 100ml", "unit": "each", "packageSize": "900ml", "barcode": ["9300615582306"], "isAvailable": true, "locations": ["vic", "nsw", "qld", "wa", "sa", "tas", "nt", "act"]}, {"id": "w26240-9310124715119", "store": "woolworths", "name": "Oates All Purpose Cloth ", "brand": "Oates", "price": 1.5, "orgPrice": 3, "categoryIds": ["household"], "imagePath": "https://cdn0.woolworths.media/content/wowproductimages/large/026240.jpg", "cupPrice": "$0.75 / 1ea", "unit": "each", "packageSize": "2 pack", "barcode": ["9310124715119"], "isAvailable": true, "locations": ["vic", "nsw", "qld", "wa", "sa", "tas", "nt", "act"]}, {"id": "w91418-803678000873", "store": "woolworths", "name": "Ozkleen Disinfectant Power ", "brand": "Ozkleen", "price": 2, "orgPrice": 4, "categoryIds": ["household"], "imagePath": "https://cdn0.woolworths.media/content/wowproductimages/large/091418.jpg", "cupPrice": "$0.27 / 100ml", "unit": "each", "packageSize": "750ml", "barcode": ["803678000873"], "isAvailable": true, "locations": ["vic", "nsw", "qld", "wa", "sa", "tas", "nt", "act"]}, {"id": "w91147-803678002266", "store": "woolworths", "name": "Ozkleen Multipurpose Power ", "brand": "Ozkleen", "price": 2, "orgPrice": 4, "categoryIds": ["household"], "imagePath": "https://cdn0.woolworths.media/content/wowproductimages/large/091147.JPG", "cupPrice": "$0.40 / 100ml", "unit": "each", "packageSize": "500ml", "barcode": ["803678002266"], "isAvailable": true, "locations": ["vic", "nsw", "qld", "wa", "sa", "tas", "nt", "act"]}, {"id": "w614392-9339687010868", "store": "woolworths", "name": "Paperclick Expanding File ", "brand": "Paperclick", "price": 3, "orgPrice": 6, "categoryIds": ["household"], "imagePath": "https://cdn0.woolworths.media/content/wowproductimages/large/614392.jpg", "cupPrice": null, "unit": "each", "packageSize": "each", "barcode": ["9339687010868"], "isAvailable": true, "locations": ["vic", "nsw", "qld", "wa", "sa", "tas", "nt", "act"]}, {"id": "w330476-41540066040", "store": "woolworths", "name": "Papermate Correction Tape Grip", "brand": "Papermate", "price": 2.75, "orgPrice": 5.5, "categoryIds": ["household"], "imagePath": "https://cdn0.woolworths.media/content/wowproductimages/large/330476.jpg", "cupPrice": null, "unit": "each", "packageSize": "each", "barcode": ["41540066040"], "isAvailable": true, "locations": ["vic", "nsw", "qld", "wa", "sa", "tas", "nt", "act"]}, {"id": "w716165-4895151401860", "store": "woolworths", "name": "Papermate Inkjoy 100 Pen Assorted", "brand": "Papermate", "price": 2.5, "orgPrice": 5, "categoryIds": ["household"], "imagePath": "https://cdn0.woolworths.media/content/wowproductimages/large/716165.jpg", "cupPrice": null, "unit": "each", "packageSize": "10 pack", "barcode": ["4895151401860"], "isAvailable": true, "locations": ["vic", "nsw", "qld", "wa", "sa", "tas", "nt", "act"]}, {"id": "w753882-4895151401853", "store": "woolworths", "name": "Papermate Inkjoy 100 Pen Fashion", "brand": "Papermate", "price": 2.5, "orgPrice": 5, "categoryIds": ["household"], "imagePath": "https://cdn0.woolworths.media/content/wowproductimages/large/753882.jpg", "cupPrice": null, "unit": "each", "packageSize": "10 pack", "barcode": ["4895151401853"], "isAvailable": true, "locations": ["vic", "nsw", "qld", "wa", "sa", "tas", "nt", "act"]}, {"id": "w767571-4895151401846", "store": "woolworths", "name": "Papermate Inkjoy Pen 100 Black", "brand": "Papermate", "price": 2.5, "orgPrice": 5, "categoryIds": ["household"], "imagePath": "https://cdn0.woolworths.media/content/wowproductimages/large/767571.jpg", "cupPrice": null, "unit": "each", "packageSize": "10 pack", "barcode": ["4895151401846"], "isAvailable": true, "locations": ["vic", "nsw", "qld", "wa", "sa", "tas", "nt", "act"]}, {"id": "w333435-41540894681", "store": "woolworths", "name": "Papermate Profile Pen Black", "brand": "Papermate", "price": 2.6, "orgPrice": 5.2, "categoryIds": ["household"], "imagePath": "https://cdn0.woolworths.media/content/wowproductimages/large/333435.jpg", "cupPrice": "$1.30 / 1ea", "unit": "each", "packageSize": "2 pack", "barcode": ["41540894681"], "isAvailable": true, "locations": ["vic", "nsw", "qld", "wa", "sa", "tas", "nt", "act"]}, {"id": "w283098-41540894698", "store": "woolworths", "name": "Papermate Profile Pen Blue", "brand": "Papermate", "price": 2.6, "orgPrice": 5.2, "categoryIds": ["household"], "imagePath": "https://cdn0.woolworths.media/content/wowproductimages/large/283098.jpg", "cupPrice": "$1.30 / 1ea", "unit": "each", "packageSize": "2 pack", "barcode": ["41540894698"], "isAvailable": true, "locations": ["vic", "nsw", "qld", "wa", "sa", "tas", "nt", "act"]}, {"id": "w871608-8718699670115", "store": "woolworths", "name": "Philips Led 1055lm Cool Bc ", "brand": "Philips", "price": 6.5, "orgPrice": 13, "categoryIds": ["household"], "imagePath": "https://cdn0.woolworths.media/content/wowproductimages/large/871608.jpg", "cupPrice": "$3.25 / 1ea", "unit": "each", "packageSize": "2 pack", "barcode": ["8718699670115"], "isAvailable": true, "locations": ["vic", "nsw", "qld", "wa", "sa", "tas", "nt", "act"]}, {"id": "w871594-8718699670153", "store": "woolworths", "name": "Philips Led 1055lm Cool Es ", "brand": "Philips", "price": 6.5, "orgPrice": 13, "categoryIds": ["household"], "imagePath": "https://cdn0.woolworths.media/content/wowproductimages/large/871594.jpg", "cupPrice": "$3.25 / 1ea", "unit": "each", "packageSize": "2 pack", "barcode": ["8718699670153"], "isAvailable": true, "locations": ["vic", "nsw", "qld", "wa", "sa", "tas", "nt", "act"]}, {"id": "w871601-8718699670092", "store": "woolworths", "name": "Philips Led 1055lm Warm Bc ", "brand": "Philips", "price": 6.5, "orgPrice": 13, "categoryIds": ["household"], "imagePath": "https://cdn0.woolworths.media/content/wowproductimages/large/871601.jpg", "cupPrice": "$3.25 / 1ea", "unit": "each", "packageSize": "2 pack", "barcode": ["8718699670092"], "isAvailable": true, "locations": ["vic", "nsw", "qld", "wa", "sa", "tas", "nt", "act"]}, {"id": "w871600-8718699670139", "store": "woolworths", "name": "Philips Led 1055lm Warm Es ", "brand": "Philips", "price": 6.5, "orgPrice": 13, "categoryIds": ["household"], "imagePath": "https://cdn0.woolworths.media/content/wowproductimages/large/871600.jpg", "cupPrice": "$3.25 / 1ea", "unit": "each", "packageSize": "2 pack", "barcode": ["8718699670139"], "isAvailable": true, "locations": ["vic", "nsw", "qld", "wa", "sa", "tas", "nt", "act"]}, {"id": "w871596-8718699670191", "store": "woolworths", "name": "Philips Led 1400lm Cool Bc ", "brand": "Philips", "price": 7.5, "orgPrice": 15, "categoryIds": ["household"], "imagePath": "https://cdn0.woolworths.media/content/wowproductimages/large/871596.jpg", "cupPrice": "$3.75 / 1ea", "unit": "each", "packageSize": "2 pack", "barcode": ["8718699670191"], "isAvailable": true, "locations": ["vic", "nsw", "qld", "wa", "sa", "tas", "nt", "act"]}, {"id": "w871612-8718699670238", "store": "woolworths", "name": "Philips Led 1400lm Cool Es ", "brand": "Philips", "price": 7.5, "orgPrice": 15, "categoryIds": ["household"], "imagePath": "https://cdn0.woolworths.media/content/wowproductimages/large/871612.jpg", "cupPrice": "$3.75 / 1ea", "unit": "each", "packageSize": "2 pack", "barcode": ["8718699670238"], "isAvailable": true, "locations": ["vic", "nsw", "qld", "wa", "sa", "tas", "nt", "act"]}, {"id": "w871611-8718699670177", "store": "woolworths", "name": "Philips Led 1400lm Warm Bc ", "brand": "Philips", "price": 7.5, "orgPrice": 15, "categoryIds": ["household"], "imagePath": "https://cdn0.woolworths.media/content/wowproductimages/large/871611.jpg", "cupPrice": "$3.75 / 1ea", "unit": "each", "packageSize": "2 pack", "barcode": ["8718699670177"], "isAvailable": true, "locations": ["vic", "nsw", "qld", "wa", "sa", "tas", "nt", "act"]}, {"id": "w871609-8718699670214", "store": "woolworths", "name": "Philips Led 1400lm Warm Es ", "brand": "Philips", "price": 7.5, "orgPrice": 15, "categoryIds": ["household"], "imagePath": "https://cdn0.woolworths.media/content/wowproductimages/large/871609.jpg", "cupPrice": "$3.75 / 1ea", "unit": "each", "packageSize": "2 pack", "barcode": ["8718699670214"], "isAvailable": true, "locations": ["vic", "nsw", "qld", "wa", "sa", "tas", "nt", "act"]}, {"id": "w871582-8718699669959", "store": "woolworths", "name": "Philips Led 470lm Cool Bc ", "brand": "Philips", "price": 6.5, "orgPrice": 13, "categoryIds": ["household"], "imagePath": "https://cdn0.woolworths.media/content/wowproductimages/large/871582.jpg", "cupPrice": "$3.25 / 1ea", "unit": "each", "packageSize": "2 pack", "barcode": ["8718699669959"], "isAvailable": true, "locations": ["vic", "nsw", "qld", "wa", "sa", "tas", "nt", "act"]}, {"id": "w871590-8718699669997", "store": "woolworths", "name": "Philips Led 470lm Cool Es ", "brand": "Philips", "price": 6.5, "orgPrice": 13, "categoryIds": ["household"], "imagePath": "https://cdn0.woolworths.media/content/wowproductimages/large/871590.jpg", "cupPrice": "$3.25 / 1ea", "unit": "each", "packageSize": "2 pack", "barcode": ["8718699669997"], "isAvailable": true, "locations": ["vic", "nsw", "qld", "wa", "sa", "tas", "nt", "act"]}, {"id": "w871580-8718699669935", "store": "woolworths", "name": "Philips Led 470lm Warm Bc ", "brand": "Philips", "price": 6.5, "orgPrice": 13, "categoryIds": ["household"], "imagePath": "https://cdn0.woolworths.media/content/wowproductimages/large/871580.jpg", "cupPrice": "$3.25 / 1ea", "unit": "each", "packageSize": "2 pack", "barcode": ["8718699669935"], "isAvailable": true, "locations": ["vic", "nsw", "qld", "wa", "sa", "tas", "nt", "act"]}, {"id": "w871331-8718699669973", "store": "woolworths", "name": "Philips Led 470lm Warm Es ", "brand": "Philips", "price": 6.5, "orgPrice": 13, "categoryIds": ["household"], "imagePath": "https://cdn0.woolworths.media/content/wowproductimages/large/871331.jpg", "cupPrice": "$3.25 / 1ea", "unit": "each", "packageSize": "2 pack", "barcode": ["8718699669973"], "isAvailable": true, "locations": ["vic", "nsw", "qld", "wa", "sa", "tas", "nt", "act"]}, {"id": "w871588-8718699670030", "store": "woolworths", "name": "Philips Led 806lm Cool Bc ", "brand": "Philips", "price": 6.5, "orgPrice": 13, "categoryIds": ["household"], "imagePath": "https://cdn0.woolworths.media/content/wowproductimages/large/871588.jpg", "cupPrice": "$3.25 / 1ea", "unit": "each", "packageSize": "2 pack", "barcode": ["8718699670030"], "isAvailable": true, "locations": ["vic", "nsw", "qld", "wa", "sa", "tas", "nt", "act"]}, {"id": "w871593-8718699670078", "store": "woolworths", "name": "Philips Led 806lm Cool Es ", "brand": "Philips", "price": 6.5, "orgPrice": 13, "categoryIds": ["household"], "imagePath": "https://cdn0.woolworths.media/content/wowproductimages/large/871593.jpg", "cupPrice": "$3.25 / 1ea", "unit": "each", "packageSize": "2 pack", "barcode": ["8718699670078"], "isAvailable": true, "locations": ["vic", "nsw", "qld", "wa", "sa", "tas", "nt", "act"]}, {"id": "w871592-8718699670016", "store": "woolworths", "name": "Philips Led 806lm Warm Bc ", "brand": "Philips", "price": 6.5, "orgPrice": 13, "categoryIds": ["household"], "imagePath": "https://cdn0.woolworths.media/content/wowproductimages/large/871592.jpg", "cupPrice": "$3.25 / 1ea", "unit": "each", "packageSize": "2 pack", "barcode": ["8718699670016"], "isAvailable": true, "locations": ["vic", "nsw", "qld", "wa", "sa", "tas", "nt", "act"]}, {"id": "w871591-8718699670054", "store": "woolworths", "name": "Philips Led 806lm Warm Es ", "brand": "Philips", "price": 6.5, "orgPrice": 13, "categoryIds": ["household"], "imagePath": "https://cdn0.woolworths.media/content/wowproductimages/large/871591.jpg", "cupPrice": "$3.25 / 1ea", "unit": "each", "packageSize": "2 pack", "barcode": ["8718699670054"], "isAvailable": true, "locations": ["vic", "nsw", "qld", "wa", "sa", "tas", "nt", "act"]}, {"id": "w572055-8718696681756", "store": "woolworths", "name": "Philips Led Gu10 Cool", "brand": "Philips", "price": 16, "orgPrice": 32, "categoryIds": ["household"], "imagePath": "https://cdn0.woolworths.media/content/wowproductimages/large/572055.jpg", "cupPrice": "$4.00 / 1ea", "unit": "each", "packageSize": "4 pack", "barcode": ["8718696681756"], "isAvailable": true, "locations": ["vic", "nsw", "qld", "wa", "sa", "tas", "nt", "act"]}, {"id": "w572065-8718696681732", "store": "woolworths", "name": "Philips Led Gu10 Warm", "brand": "Philips", "price": 16, "orgPrice": 32, "categoryIds": ["household"], "imagePath": "https://cdn0.woolworths.media/content/wowproductimages/large/572065.jpg", "cupPrice": "$4.00 / 1ea", "unit": "each", "packageSize": "4 pack", "barcode": ["8718696681732"], "isAvailable": true, "locations": ["vic", "nsw", "qld", "wa", "sa", "tas", "nt", "act"]}, {"id": "w572066-8718696674765", "store": "woolworths", "name": "Philips Led Mr16 Cool", "brand": "Philips", "price": 16, "orgPrice": 32, "categoryIds": ["household"], "imagePath": "https://cdn0.woolworths.media/content/wowproductimages/large/572066.jpg", "cupPrice": "$4.00 / 1ea", "unit": "each", "packageSize": "4 pack", "barcode": ["8718696674765"], "isAvailable": true, "locations": ["vic", "nsw", "qld", "wa", "sa", "tas", "nt", "act"]}, {"id": "w572067-8718696674741", "store": "woolworths", "name": "Philips Led Mr16 Warm", "brand": "Philips", "price": 16, "orgPrice": 32, "categoryIds": ["household"], "imagePath": "https://cdn0.woolworths.media/content/wowproductimages/large/572067.jpg", "cupPrice": "$4.00 / 1ea", "unit": "each", "packageSize": "4 pack", "barcode": ["8718696674741"], "isAvailable": true, "locations": ["vic", "nsw", "qld", "wa", "sa", "tas", "nt", "act"]}, {"id": "w644240-9311505810041", "store": "woolworths", "name": "Quilton Gold 4 Ply Tissues Aloe Vera", "brand": "Quilton", "price": 1, "orgPrice": 2, "categoryIds": ["household"], "imagePath": "https://cdn0.woolworths.media/content/wowproductimages/large/644240.jpg", "cupPrice": "$1.00 / 100ss", "unit": "each", "packageSize": "100 pack", "barcode": ["9311505810041"], "isAvailable": true, "locations": ["vic", "nsw", "qld", "wa", "sa", "tas", "nt", "act"]}, {"id": "w574519-9351257083218", "store": "woolworths", "name": "Razzamatazz 15d Ladder Resist Natural Average", "brand": "Razzamatazz", "price": 3, "orgPrice": 6, "categoryIds": ["household"], "imagePath": "https://cdn0.woolworths.media/content/wowproductimages/large/574519.jpg", "cupPrice": null, "unit": "each", "packageSize": "each", "barcode": ["9351257083218"], "isAvailable": true, "locations": ["vic", "nsw", "qld", "wa", "sa", "tas", "nt", "act"]}, {"id": "w318975-9313022893712", "store": "woolworths", "name": "Razzamatazz Body Contour Pantyhose Opaque Tights 70 Denier", "brand": "Razzamatazz", "price": 6, "orgPrice": 12, "categoryIds": ["household"], "imagePath": "https://cdn0.woolworths.media/content/wowproductimages/large/318975.jpg", "cupPrice": null, "unit": "each", "packageSize": "each", "barcode": ["9313022893712"], "isAvailable": true, "locations": ["vic", "nsw", "qld", "wa", "sa", "tas", "nt", "act"]}, {"id": "w6617-9313022893026", "store": "woolworths", "name": "Razzamatazz Body Magic Pantyhose Control Soft Tan Medium", "brand": "Razzamatazz", "price": 4, "orgPrice": 8, "categoryIds": ["household"], "imagePath": "https://cdn0.woolworths.media/content/wowproductimages/large/006617.jpg", "cupPrice": null, "unit": "each", "packageSize": "each", "barcode": ["9313022893026"], "isAvailable": true, "locations": ["vic", "nsw", "qld", "wa", "sa", "tas", "nt", "act"]}, {"id": "w6618-9313022893033", "store": "woolworths", "name": "Razzamatazz Body Magic Pantyhose Control Soft Tan Tall", "brand": "Razzamatazz", "price": 4, "orgPrice": 8, "categoryIds": ["household"], "imagePath": "https://cdn0.woolworths.media/content/wowproductimages/large/006618.jpg", "cupPrice": null, "unit": "each", "packageSize": "each", "barcode": ["9313022893033"], "isAvailable": true, "locations": ["vic", "nsw", "qld", "wa", "sa", "tas", "nt", "act"]}, {"id": "w6638-9313022893040", "store": "woolworths", "name": "Razzamatazz Body Magic Pantyhose Control Soft Tan X-tall", "brand": "Razzamatazz", "price": 4, "orgPrice": 8, "categoryIds": ["household"], "imagePath": "https://cdn0.woolworths.media/content/wowproductimages/large/006638.jpg", "cupPrice": null, "unit": "each", "packageSize": "each", "barcode": ["9313022893040"], "isAvailable": true, "locations": ["vic", "nsw", "qld", "wa", "sa", "tas", "nt", "act"]}, {"id": "w16889-9354009195924", "store": "woolworths", "name": "Razzamatazz Body Sheers Natural Size 1", "brand": "Razzamatazz", "price": 3, "orgPrice": 6, "categoryIds": ["household"], "imagePath": "https://cdn0.woolworths.media/content/wowproductimages/large/016889.jpg", "cupPrice": null, "unit": "each", "packageSize": "each", "barcode": ["9354009195924"], "isAvailable": true, "locations": ["vic", "nsw", "qld", "wa", "sa", "tas", "nt", "act"]}, {"id": "w16902-9354009195931", "store": "woolworths", "name": "Razzamatazz Body Sheers Natural Size 2", "brand": "Razzamatazz", "price": 3, "orgPrice": 6, "categoryIds": ["household"], "imagePath": "https://cdn0.woolworths.media/content/wowproductimages/large/016902.jpg", "cupPrice": null, "unit": "each", "packageSize": "each", "barcode": ["9354009195931"], "isAvailable": true, "locations": ["vic", "nsw", "qld", "wa", "sa", "tas", "nt", "act"]}, {"id": "w56049-9354009784470", "store": "woolworths", "name": "Razzamatazz Footlet Assorted 3 To 8", "brand": "Razzamatazz", "price": 4, "orgPrice": 8, "categoryIds": ["household"], "imagePath": "https://cdn0.woolworths.media/content/wowproductimages/large/056049.jpg", "cupPrice": null, "unit": "each", "packageSize": "3 pack", "barcode": ["9354009784470"], "isAvailable": true, "locations": ["vic", "nsw", "qld", "wa", "sa", "tas", "nt", "act"]}, {"id": "w56036-9354009784487", "store": "woolworths", "name": "Razzamatazz Footlet Ast 3pk 8 To 11", "brand": "Razzamatazz", "price": 4, "orgPrice": 8, "categoryIds": ["household"], "imagePath": "https://cdn0.woolworths.media/content/wowproductimages/large/056036.jpg", "cupPrice": null, "unit": "each", "packageSize": "3 pack", "barcode": ["9354009784487"], "isAvailable": true, "locations": ["vic", "nsw", "qld", "wa", "sa", "tas", "nt", "act"]}, {"id": "w32443-9352762554620", "store": "woolworths", "name": "Razzamatazz Knee Hi Black One Size", "brand": "Razzamatazz", "price": 2, "orgPrice": 4, "categoryIds": ["household"], "imagePath": "https://cdn0.woolworths.media/content/wowproductimages/large/032443.jpg", "cupPrice": null, "unit": "each", "packageSize": "2 pack", "barcode": ["9352762554620"], "isAvailable": true, "locations": ["vic", "nsw", "qld", "wa", "sa", "tas", "nt", "act"]}, {"id": "w178511-9310259288441", "store": "woolworths", "name": "Razzamatazz Knee Hi Pairs And Spares Beige", "brand": "Razzamatazz", "price": 3, "orgPrice": 6, "categoryIds": ["household"], "imagePath": "https://cdn0.woolworths.media/content/wowproductimages/large/178511.jpg", "cupPrice": null, "unit": "each", "packageSize": "4pk", "barcode": ["9310259288441"], "isAvailable": true, "locations": ["vic", "nsw", "qld", "wa", "sa", "tas", "nt", "act"]}, {"id": "w2577-9313022892227", "store": "woolworths", "name": "Razzamatazz Knee Hi Sheer Soft Tan", "brand": "Razzamatazz", "price": 3, "orgPrice": 6, "categoryIds": ["household"], "imagePath": "https://cdn0.woolworths.media/content/wowproductimages/large/002577.jpg", "cupPrice": null, "unit": "each", "packageSize": "2 pack", "barcode": ["9313022892227"], "isAvailable": true, "locations": ["vic", "nsw", "qld", "wa", "sa", "tas", "nt", "act"]}, {"id": "w32354-9352762554637", "store": "woolworths", "name": "Razzamatazz Knee Hi Pantyhose Natural One Size", "brand": "Razzamatazz", "price": 2, "orgPrice": 4, "categoryIds": ["household"], "imagePath": "https://cdn0.woolworths.media/content/wowproductimages/large/032354.jpg", "cupPrice": null, "unit": "each", "packageSize": "2 pack", "barcode": ["9352762554637"], "isAvailable": true, "locations": ["vic", "nsw", "qld", "wa", "sa", "tas", "nt", "act"]}, {"id": "w32350-9313022892081", "store": "woolworths", "name": "Razzamatazz Knee Hi Pantyhose Tan One Size", "brand": "Razzamatazz", "price": 2, "orgPrice": 4, "categoryIds": ["household"], "imagePath": "https://cdn0.woolworths.media/content/wowproductimages/large/032350.jpg", "cupPrice": null, "unit": "each", "packageSize": "2 pack", "barcode": ["9313022892081"], "isAvailable": true, "locations": ["vic", "nsw", "qld", "wa", "sa", "tas", "nt", "act"]}, {"id": "w574517-9351257083195", "store": "woolworths", "name": "Razzamatazz Ladder Resist Black Size Tall", "brand": "Razzamatazz", "price": 3, "orgPrice": 6, "categoryIds": ["household"], "imagePath": "https://cdn0.woolworths.media/content/wowproductimages/large/574517.jpg", "cupPrice": null, "unit": "each", "packageSize": "each", "barcode": ["9351257083195"], "isAvailable": true, "locations": ["vic", "nsw", "qld", "wa", "sa", "tas", "nt", "act"]}, {"id": "w574520-9351257083225", "store": "woolworths", "name": "Razzamatazz Ladder Resist Natural Size Tall", "brand": "Razzamatazz", "price": 3, "orgPrice": 6, "categoryIds": ["household"], "imagePath": "https://cdn0.woolworths.media/content/wowproductimages/large/574520.jpg", "cupPrice": null, "unit": "each", "packageSize": "each", "barcode": ["9351257083225"], "isAvailable": true, "locations": ["vic", "nsw", "qld", "wa", "sa", "tas", "nt", "act"]}, {"id": "w574521-9351257083232", "store": "woolworths", "name": "Razzamatazz Ladder Resist Natural Size Xtall", "brand": "Razzamatazz", "price": 3, "orgPrice": 6, "categoryIds": ["household"], "imagePath": "https://cdn0.woolworths.media/content/wowproductimages/large/574521.jpg", "cupPrice": null, "unit": "each", "packageSize": "each", "barcode": ["9351257083232"], "isAvailable": true, "locations": ["vic", "nsw", "qld", "wa", "sa", "tas", "nt", "act"]}, {"id": "w17872-9351950600972", "store": "woolworths", "name": "Razzamatazz Luxe Anklet Pxo Size 1", "brand": "Razzamatazz", "price": 2, "orgPrice": 4, "categoryIds": ["household"], "imagePath": "https://cdn0.woolworths.media/content/wowproductimages/large/017872.jpg", "cupPrice": null, "unit": "each", "packageSize": "each", "barcode": ["9351950600972"], "isAvailable": true, "locations": ["vic", "nsw", "qld", "wa", "sa", "tas", "nt", "act"]}, {"id": "w17886-9351950601009", "store": "woolworths", "name": "Razzamatazz Luxe Knee Hi One Size Soft Black", "brand": "Razzamatazz", "price": 2.5, "orgPrice": 5, "categoryIds": ["household"], "imagePath": "https://cdn0.woolworths.media/content/wowproductimages/large/017886.jpg", "cupPrice": null, "unit": "each", "packageSize": "each", "barcode": ["9351950601009"], "isAvailable": true, "locations": ["vic", "nsw", "qld", "wa", "sa", "tas", "nt", "act"]}, {"id": "w17909-9351950601016", "store": "woolworths", "name": "Razzamatazz Luxe Knee Hi Pxo Size 1", "brand": "Razzamatazz", "price": 2.5, "orgPrice": 5, "categoryIds": ["household"], "imagePath": "https://cdn0.woolworths.media/content/wowproductimages/large/017909.jpg", "cupPrice": null, "unit": "each", "packageSize": "each", "barcode": ["9351950601016"], "isAvailable": true, "locations": ["vic", "nsw", "qld", "wa", "sa", "tas", "nt", "act"]}, {"id": "w339809-9352762554705", "store": "woolworths", "name": "Razzamatazz Pantyhose Control Brazen Medium", "brand": "Razzamatazz", "price": 3, "orgPrice": 6, "categoryIds": ["household"], "imagePath": "https://cdn0.woolworths.media/content/wowproductimages/large/339809.jpg", "cupPrice": null, "unit": "each", "packageSize": "2 pack", "barcode": ["9352762554705"], "isAvailable": true, "locations": ["vic", "nsw", "qld", "wa", "sa", "tas", "nt", "act"]}, {"id": "w339810-9352762554712", "store": "woolworths", "name": "Razzamatazz Pantyhose Control Brazen Tall", "brand": "Razzamatazz", "price": 3, "orgPrice": 6, "categoryIds": ["household"], "imagePath": "https://cdn0.woolworths.media/content/wowproductimages/large/339810.jpg", "cupPrice": null, "unit": "each", "packageSize": "2 pack", "barcode": ["9352762554712"], "isAvailable": true, "locations": ["vic", "nsw", "qld", "wa", "sa", "tas", "nt", "act"]}, {"id": "w339811-9352762554729", "store": "woolworths", "name": "Razzamatazz Pantyhose Control Brazen X-tall", "brand": "Razzamatazz", "price": 3, "orgPrice": 6, "categoryIds": ["household"], "imagePath": "https://cdn0.woolworths.media/content/wowproductimages/large/339811.jpg", "cupPrice": null, "unit": "each", "packageSize": "2 pack", "barcode": ["9352762554729"], "isAvailable": true, "locations": ["vic", "nsw", "qld", "wa", "sa", "tas", "nt", "act"]}, {"id": "w57533-9313022892098", "store": "woolworths", "name": "Razzamatazz Sheer Anklet Black One Size", "brand": "Razzamatazz", "price": 1.5, "orgPrice": 3, "categoryIds": ["household"], "imagePath": "https://cdn0.woolworths.media/content/wowproductimages/large/057533.jpg", "cupPrice": null, "unit": "each", "packageSize": "2 pack", "barcode": ["9313022892098"], "isAvailable": true, "locations": ["vic", "nsw", "qld", "wa", "sa", "tas", "nt", "act"]}, {"id": "w4649-9310259007134", "store": "woolworths", "name": "Razzamatazz Sheer Relief Pantyhose Control Support Tan Extra Tall", "brand": "Razzamatazz", "price": 4, "orgPrice": 8, "categoryIds": ["household"], "imagePath": "https://cdn0.woolworths.media/content/wowproductimages/large/004649.jpg", "cupPrice": null, "unit": "each", "packageSize": "each", "barcode": ["9310259007134"], "isAvailable": true, "locations": ["vic", "nsw", "qld", "wa", "sa", "tas", "nt", "act"]}, {"id": "w167361-9310259298488", "store": "woolworths", "name": "Razzamatazz Sheer Relief Socks Half Hi Support Navy Or Beige", "brand": "Razzamatazz", "price": 4, "orgPrice": 8, "categoryIds": ["household"], "imagePath": "https://cdn0.woolworths.media/content/wowproductimages/large/167361.jpg", "cupPrice": null, "unit": "each", "packageSize": "each", "barcode": ["9310259298488"], "isAvailable": true, "locations": ["vic", "nsw", "qld", "wa", "sa", "tas", "nt", "act"]}, {"id": "w569283-9351257083126", "store": "woolworths", "name": "Razzamatazz 40d Tight Ave/tall", "brand": "Razzamatazz", "price": 3, "orgPrice": 6, "categoryIds": ["household"], "imagePath": "https://cdn0.woolworths.media/content/wowproductimages/large/569283.jpg", "cupPrice": null, "unit": "each", "packageSize": "each", "barcode": ["9351257083126"], "isAvailable": true, "locations": ["vic", "nsw", "qld", "wa", "sa", "tas", "nt", "act"]}, {"id": "w40259-9310537108843", "store": "woolworths", "name": "Redheads Expert Firestarters ", "brand": "Redheads", "price": 1.25, "orgPrice": 2.5, "categoryIds": ["household"], "imagePath": "https://cdn0.woolworths.media/content/wowproductimages/large/040259.jpg", "cupPrice": "$0.13 / 1ea", "unit": "each", "packageSize": "10 pack", "barcode": ["9310537108843"], "isAvailable": true, "locations": ["vic", "nsw", "qld", "wa", "sa", "tas", "nt", "act"]}, {"id": "w20069-9310345000100", "store": "woolworths", "name": "Reva Pegs Plastic", "brand": "Reva", "price": 3.25, "orgPrice": 6.5, "categoryIds": ["household"], "imagePath": "https://cdn0.woolworths.media/content/wowproductimages/large/020069.jpg", "cupPrice": "$0.07 / 1ea", "unit": "each", "packageSize": "48 pack", "barcode": ["9310345000100"], "isAvailable": true, "locations": ["vic", "nsw", "qld", "wa", "sa", "tas", "nt", "act"]}, {"id": "w774221-9420039506440", "store": "woolworths", "name": "Samba Natural Bbq Fuel ", "brand": "Samba", "price": 5, "orgPrice": 10, "categoryIds": ["household"], "imagePath": "https://cdn0.woolworths.media/content/wowproductimages/large/774221.jpg", "cupPrice": "$0.13 / 100g", "unit": "each", "packageSize": "4kg", "barcode": ["9420039506440"], "isAvailable": true, "locations": ["vic", "nsw", "qld", "wa", "sa", "tas", "nt", "act"]}, {"id": "w232383-9350376000717", "store": "woolworths", "name": "Sard Wonder Inwash & Soaker Eucalyptus Power Stain Remover", "brand": "Sard Wonder", "price": 3.49, "orgPrice": 6.99, "categoryIds": ["household"], "imagePath": "https://cdn0.woolworths.media/content/wowproductimages/large/232383.jpg", "cupPrice": "$3.49 / 1kg", "unit": "each", "packageSize": "1kg", "barcode": ["9350376000717"], "isAvailable": true, "locations": ["vic", "nsw", "qld", "wa", "sa", "tas", "nt", "act"]}, {"id": "w657182-9350376002223", "store": "woolworths", "name": "Sard Wonder Super Power Soaker", "brand": "Sard Wonder", "price": 3.49, "orgPrice": 6.99, "categoryIds": ["household"], "imagePath": "https://cdn0.woolworths.media/content/wowproductimages/large/657182.jpg", "cupPrice": "$3.88 / 1kg", "unit": "each", "packageSize": "900g", "barcode": ["9350376002223"], "isAvailable": true, "locations": ["vic", "nsw", "qld", "wa", "sa", "tas", "nt", "act"]}, {"id": "w766501-9350376000731", "store": "woolworths", "name": "Sard Wonder Ultra Whitening Stain Remover", "brand": "Sard Wonder", "price": 3.49, "orgPrice": 6.99, "categoryIds": ["household"], "imagePath": "https://cdn0.woolworths.media/content/wowproductimages/large/766501.jpg", "cupPrice": "$3.49 / 1kg", "unit": "each", "packageSize": "1kg", "barcode": ["9350376000731"], "isAvailable": true, "locations": ["vic", "nsw", "qld", "wa", "sa", "tas", "nt", "act"]}, {"id": "w10994-9310063003483", "store": "woolworths", "name": "Scotch-brite Handy Sponge", "brand": "Scotch-brite", "price": 2, "orgPrice": 4, "categoryIds": ["household"], "imagePath": "https://cdn0.woolworths.media/content/wowproductimages/large/010994.jpg", "cupPrice": "$0.50 / 1ea", "unit": "each", "packageSize": "4ea", "barcode": ["9310063003483"], "isAvailable": true, "locations": ["vic", "nsw", "qld", "wa", "sa", "tas", "nt", "act"]}, {"id": "w307480-9310063034470", "store": "woolworths", "name": "Scotch-brite Heavy Duty Foam Scourer 3x Longer", "brand": "Scotch-brite", "price": 2.25, "orgPrice": 4.5, "categoryIds": ["household"], "imagePath": "https://cdn0.woolworths.media/content/wowproductimages/large/307480.jpg", "cupPrice": "$0.56 / 1ea", "unit": "each", "packageSize": "4 pack", "barcode": ["9310063034470"], "isAvailable": true, "locations": ["vic", "nsw", "qld", "wa", "sa", "tas", "nt", "act"]}, {"id": "w177264-21200572357", "store": "woolworths", "name": "Scotch-brite Heavy Duty Scourer & Sponge", "brand": "Scotch-brite", "price": 2.25, "orgPrice": 4.5, "categoryIds": ["household"], "imagePath": "https://cdn0.woolworths.media/content/wowproductimages/large/177264.jpg", "cupPrice": "$0.75 / 1ea", "unit": "each", "packageSize": "3 pack", "barcode": ["21200572357"], "isAvailable": true, "locations": ["vic", "nsw", "qld", "wa", "sa", "tas", "nt", "act"]}, {"id": "w189817-9310063017282", "store": "woolworths", "name": "Scotch-brite Non Scratch Scrub Sponge", "brand": "Scotch-brite", "price": 2.25, "orgPrice": 4.5, "categoryIds": ["household"], "imagePath": "https://cdn0.woolworths.media/content/wowproductimages/large/189817.jpg", "cupPrice": "$0.75 / 1ea", "unit": "each", "packageSize": "3 pack", "barcode": ["9310063017282"], "isAvailable": true, "locations": ["vic", "nsw", "qld", "wa", "sa", "tas", "nt", "act"]}, {"id": "w700818-9310063042604", "store": "woolworths", "name": "Scotch-brite Non Scratch Foam Scrub Sponge ", "brand": "Scotch-brite", "price": 2.25, "orgPrice": 4.5, "categoryIds": ["household"], "imagePath": "https://cdn0.woolworths.media/content/wowproductimages/large/700818.jpg", "cupPrice": "$0.56 / 1ea", "unit": "each", "packageSize": "4 pack", "barcode": ["9310063042604"], "isAvailable": true, "locations": ["vic", "nsw", "qld", "wa", "sa", "tas", "nt", "act"]}, {"id": "w886750-71641084353", "store": "woolworths", "name": "Sharpie Cd Marker Electro Pop Fine", "brand": "Sharpie", "price": 5, "orgPrice": 10, "categoryIds": ["household"], "imagePath": "https://cdn0.woolworths.media/content/wowproductimages/large/886750.jpg", "cupPrice": null, "unit": "each", "packageSize": "5 pack", "barcode": ["71641084353"], "isAvailable": true, "locations": ["vic", "nsw", "qld", "wa", "sa", "tas", "nt", "act"]}, {"id": "w283104-71641301627", "store": "woolworths", "name": "Sharpie Cd Marker Fine Black", "brand": "Sharpie", "price": 2.5, "orgPrice": 5, "categoryIds": ["household"], "imagePath": "https://cdn0.woolworths.media/content/wowproductimages/large/283104.jpg", "cupPrice": null, "unit": "each", "packageSize": "2 pack", "barcode": ["71641301627"], "isAvailable": true, "locations": ["vic", "nsw", "qld", "wa", "sa", "tas", "nt", "act"]}, {"id": "w931401-71641084339", "store": "woolworths", "name": "Sharpie Marker Extreme", "brand": "Sharpie", "price": 3, "orgPrice": 6, "categoryIds": ["household"], "imagePath": "https://cdn0.woolworths.media/content/wowproductimages/large/931401.jpg", "cupPrice": null, "unit": "each", "packageSize": "2 pack", "barcode": ["71641084339"], "isAvailable": true, "locations": ["vic", "nsw", "qld", "wa", "sa", "tas", "nt", "act"]}, {"id": "w936522-71641302174", "store": "woolworths", "name": "Sharpie Marker Fine 8 Colour Set", "brand": "Sharpie", "price": 8, "orgPrice": 16, "categoryIds": ["household"], "imagePath": "https://cdn0.woolworths.media/content/wowproductimages/large/936522.jpg", "cupPrice": null, "unit": "each", "packageSize": "8 pack", "barcode": ["71641302174"], "isAvailable": true, "locations": ["vic", "nsw", "qld", "wa", "sa", "tas", "nt", "act"]}, {"id": "w936520-71641053649", "store": "woolworths", "name": "Sharpie Markers Metallic", "brand": "Sharpie", "price": 4.5, "orgPrice": 9, "categoryIds": ["household"], "imagePath": "https://cdn0.woolworths.media/content/wowproductimages/large/936520.jpg", "cupPrice": null, "unit": "each", "packageSize": "3 pack", "barcode": ["71641053649"], "isAvailable": true, "locations": ["vic", "nsw", "qld", "wa", "sa", "tas", "nt", "act"]}, {"id": "w431249-9312688753644", "store": "woolworths", "name": "Sheer Relief Firm Compress Tights 12d Natural Average", "brand": "Sheer Relief", "price": 4.5, "orgPrice": 9, "categoryIds": ["household"], "imagePath": "https://cdn0.woolworths.media/content/wowproductimages/large/431249.jpg", "cupPrice": null, "unit": "each", "packageSize": "each", "barcode": ["9312688753644"], "isAvailable": true, "locations": ["vic", "nsw", "qld", "wa", "sa", "tas", "nt", "act"]}, {"id": "w431259-9312688753651", "store": "woolworths", "name": "Sheer Relief Firm Compress Tights 12d Natural Tall", "brand": "Sheer Relief", "price": 4.5, "orgPrice": 9, "categoryIds": ["household"], "imagePath": "https://cdn0.woolworths.media/content/wowproductimages/large/431259.jpg", "cupPrice": null, "unit": "each", "packageSize": "each", "barcode": ["9312688753651"], "isAvailable": true, "locations": ["vic", "nsw", "qld", "wa", "sa", "tas", "nt", "act"]}, {"id": "w431270-9312688753668", "store": "woolworths", "name": "Sheer Relief Firm Compress Tights 12d Natural X-tall", "brand": "Sheer Relief", "price": 4.5, "orgPrice": 9, "categoryIds": ["household"], "imagePath": "https://cdn0.woolworths.media/content/wowproductimages/large/431270.jpg", "cupPrice": null, "unit": "each", "packageSize": "each", "barcode": ["9312688753668"], "isAvailable": true, "locations": ["vic", "nsw", "qld", "wa", "sa", "tas", "nt", "act"]}, {"id": "w35222-9350461531553", "store": "woolworths", "name": "Sheer Relief Pantyhose Control Support Black Avg", "brand": "Sheer Relief", "price": 4, "orgPrice": 8, "categoryIds": ["household"], "imagePath": "https://cdn0.woolworths.media/content/wowproductimages/large/035222.jpg", "cupPrice": null, "unit": "each", "packageSize": "each", "barcode": ["9350461531553"], "isAvailable": true, "locations": ["vic", "nsw", "qld", "wa", "sa", "tas", "nt", "act"]}, {"id": "w35372-9350461531560", "store": "woolworths", "name": "Sheer Relief Pantyhose Control Support Black Tall", "brand": "Sheer Relief", "price": 4, "orgPrice": 8, "categoryIds": ["household"], "imagePath": "https://cdn0.woolworths.media/content/wowproductimages/large/035372.jpg", "cupPrice": null, "unit": "each", "packageSize": "each", "barcode": ["9350461531560"], "isAvailable": true, "locations": ["vic", "nsw", "qld", "wa", "sa", "tas", "nt", "act"]}, {"id": "w35291-9350461531591", "store": "woolworths", "name": "Sheer Relief Pantyhose Control Support M/ Beige Tall", "brand": "Sheer Relief", "price": 4, "orgPrice": 8, "categoryIds": ["household"], "imagePath": "https://cdn0.woolworths.media/content/wowproductimages/large/035291.jpg", "cupPrice": null, "unit": "each", "packageSize": "each", "barcode": ["9350461531591"], "isAvailable": true, "locations": ["vic", "nsw", "qld", "wa", "sa", "tas", "nt", "act"]}, {"id": "w4647-9310259007110", "store": "woolworths", "name": "Sheer Relief Pantyhose Control Support Mini Tan Avg", "brand": "Sheer Relief", "price": 4, "orgPrice": 8, "categoryIds": ["household"], "imagePath": "https://cdn0.woolworths.media/content/wowproductimages/large/004647.jpg", "cupPrice": null, "unit": "each", "packageSize": "each", "barcode": ["9310259007110"], "isAvailable": true, "locations": ["vic", "nsw", "qld", "wa", "sa", "tas", "nt", "act"]}, {"id": "w71597-9310259007127", "store": "woolworths", "name": "Sheer Relief Pantyhose Control Support Mini Tan Tall", "brand": "Sheer Relief", "price": 4, "orgPrice": 8, "categoryIds": ["household"], "imagePath": "https://cdn0.woolworths.media/content/wowproductimages/large/071597.jpg", "cupPrice": null, "unit": "each", "packageSize": "each", "barcode": ["9310259007127"], "isAvailable": true, "locations": ["vic", "nsw", "qld", "wa", "sa", "tas", "nt", "act"]}, {"id": "w4644-9350461531584", "store": "woolworths", "name": "Sheer Relief Pantyhose Control Support Beige Average", "brand": "Sheer Relief", "price": 4, "orgPrice": 8, "categoryIds": ["household"], "imagePath": "https://cdn0.woolworths.media/content/wowproductimages/large/004644.jpg", "cupPrice": null, "unit": "each", "packageSize": "each", "barcode": ["9350461531584"], "isAvailable": true, "locations": ["vic", "nsw", "qld", "wa", "sa", "tas", "nt", "act"]}, {"id": "w4646-9350461531607", "store": "woolworths", "name": "Sheer Relief Pantyhose Control Support Beige Extra Tall", "brand": "Sheer Relief", "price": 4, "orgPrice": 8, "categoryIds": ["household"], "imagePath": "https://cdn0.woolworths.media/content/wowproductimages/large/004646.jpg", "cupPrice": null, "unit": "each", "packageSize": "each", "barcode": ["9350461531607"], "isAvailable": true, "locations": ["vic", "nsw", "qld", "wa", "sa", "tas", "nt", "act"]}, {"id": "w35427-9350461531577", "store": "woolworths", "name": "Sheer Relief Pantyhose Control Support Black Extra Tall", "brand": "Sheer Relief", "price": 4, "orgPrice": 8, "categoryIds": ["household"], "imagePath": "https://cdn0.woolworths.media/content/wowproductimages/large/035427.jpg", "cupPrice": null, "unit": "each", "packageSize": "each", "barcode": ["9350461531577"], "isAvailable": true, "locations": ["vic", "nsw", "qld", "wa", "sa", "tas", "nt", "act"]}, {"id": "w33366-9352762554514", "store": "woolworths", "name": "Sheer Relief Pantyhose Control Support Ink Navy Extra Tall", "brand": "Sheer Relief", "price": 4, "orgPrice": 8, "categoryIds": ["household"], "imagePath": "https://cdn0.woolworths.media/content/wowproductimages/large/033366.jpg", "cupPrice": null, "unit": "each", "packageSize": "each", "barcode": ["9352762554514"], "isAvailable": true, "locations": ["vic", "nsw", "qld", "wa", "sa", "tas", "nt", "act"]}, {"id": "w100286-9352762554750", "store": "woolworths", "name": "Sheer Relief Trouser Sock Black 1 Size", "brand": "Sheer Relief", "price": 3.5, "orgPrice": 7, "categoryIds": ["household"], "imagePath": "https://cdn0.woolworths.media/content/wowproductimages/large/100286.jpg", "cupPrice": null, "unit": "each", "packageSize": "1pk", "barcode": ["9352762554750"], "isAvailable": true, "locations": ["vic", "nsw", "qld", "wa", "sa", "tas", "nt", "act"]}, {"id": "w686151-9414202063007", "store": "woolworths", "name": "Sistema Bottle Quick Flip ", "brand": "Sistema", "price": 6, "orgPrice": 12, "categoryIds": ["household"], "imagePath": "https://cdn0.woolworths.media/content/wowproductimages/large/686151.jpg", "cupPrice": null, "unit": "each", "packageSize": "800ml", "barcode": ["9414202063007"], "isAvailable": true, "locations": ["vic", "nsw", "qld", "wa", "sa", "tas", "nt", "act"]}, {"id": "w646533-9414202512154", "store": "woolworths", "name": "Sistema Laundry Stack & Nest", "brand": "Sistema", "price": 7.5, "orgPrice": 15, "categoryIds": ["household"], "imagePath": "https://cdn0.woolworths.media/content/wowproductimages/large/646533.jpg", "cupPrice": null, "unit": "each", "packageSize": "18.5l", "barcode": ["9414202512154"], "isAvailable": true, "locations": ["vic", "nsw", "qld", "wa", "sa", "tas", "nt", "act"]}, {"id": "w646656-9414202511102", "store": "woolworths", "name": "Sistema Laundry Bucket 10l ", "brand": "Sistema", "price": 4, "orgPrice": 8, "categoryIds": ["household"], "imagePath": "https://cdn0.woolworths.media/content/wowproductimages/large/646656.jpg", "cupPrice": null, "unit": "each", "packageSize": "10l", "barcode": ["9414202511102"], "isAvailable": true, "locations": ["vic", "nsw", "qld", "wa", "sa", "tas", "nt", "act"]}, {"id": "w646653-9414202512055", "store": "woolworths", "name": "Sistema Laundry Stack & Nest Basket", "brand": "Sistema", "price": 2.5, "orgPrice": 5, "categoryIds": ["household"], "imagePath": "https://cdn0.woolworths.media/content/wowproductimages/large/646653.jpg", "cupPrice": null, "unit": "each", "packageSize": "1.2l", "barcode": ["9414202512055"], "isAvailable": true, "locations": ["vic", "nsw", "qld", "wa", "sa", "tas", "nt", "act"]}, {"id": "w646654-9414202512109", "store": "woolworths", "name": "Sistema Laundry Stack & Nest Basket", "brand": "Sistema", "price": 5, "orgPrice": 10, "categoryIds": ["household"], "imagePath": "https://cdn0.woolworths.media/content/wowproductimages/large/646654.jpg", "cupPrice": null, "unit": "each", "packageSize": "5.25l", "barcode": ["9414202512109"], "isAvailable": true, "locations": ["vic", "nsw", "qld", "wa", "sa", "tas", "nt", "act"]}, {"id": "w777289-9414202217455", "store": "woolworths", "name": "Sistema Lunch Cube Max To Go", "brand": "Sistema", "price": 5, "orgPrice": 10, "categoryIds": ["household"], "imagePath": "https://cdn0.woolworths.media/content/wowproductimages/large/777289.jpg", "cupPrice": null, "unit": "each", "packageSize": "each", "barcode": ["9414202217455"], "isAvailable": true, "locations": ["vic", "nsw", "qld", "wa", "sa", "tas", "nt", "act"]}, {"id": "w850092-9414202214676", "store": "woolworths", "name": "Sistema Mini Bites Stackable Containers Bpa Free", "brand": "Sistema", "price": 3, "orgPrice": 6, "categoryIds": ["household"], "imagePath": "https://cdn0.woolworths.media/content/wowproductimages/large/850092.jpg", "cupPrice": null, "unit": "each", "packageSize": "3x130ml", "barcode": ["9414202214676"], "isAvailable": true, "locations": ["vic", "nsw", "qld", "wa", "sa", "tas", "nt", "act"]}, {"id": "w711918-9414202216472", "store": "woolworths", "name": "Sistema Plasticware Sandwich Box To Go", "brand": "Sistema", "price": 2.5, "orgPrice": 5, "categoryIds": ["household"], "imagePath": "https://cdn0.woolworths.media/content/wowproductimages/large/711918.jpg", "cupPrice": null, "unit": "each", "packageSize": "each", "barcode": ["9414202216472"], "isAvailable": true, "locations": ["vic", "nsw", "qld", "wa", "sa", "tas", "nt", "act"]}, {"id": "w578905-9414202719799", "store": "woolworths", "name": "Sistema Storage 7.9 Litre ", "brand": "Sistema", "price": 7.5, "orgPrice": 15, "categoryIds": ["household"], "imagePath": "https://cdn0.woolworths.media/content/wowproductimages/large/578905.jpg", "cupPrice": null, "unit": "each", "packageSize": "2 pack", "barcode": ["9414202719799"], "isAvailable": true, "locations": ["vic", "nsw", "qld", "wa", "sa", "tas", "nt", "act"]}, {"id": "w32942-9414202070418", "store": "woolworths", "name": "Sistema Storage Container With Lid 14l", "brand": "Sistema", "price": 7.5, "orgPrice": 15, "categoryIds": ["household"], "imagePath": "https://cdn0.woolworths.media/content/wowproductimages/large/032942.jpg", "cupPrice": null, "unit": "each", "packageSize": "each", "barcode": ["9414202070418"], "isAvailable": true, "locations": ["vic", "nsw", "qld", "wa", "sa", "tas", "nt", "act"]}, {"id": "w32944-9414202702708", "store": "woolworths", "name": "Sistema Storage With Lid 27l", "brand": "Sistema", "price": 9.5, "orgPrice": 19, "categoryIds": ["household"], "imagePath": "https://cdn0.woolworths.media/content/wowproductimages/large/032944.jpg", "cupPrice": null, "unit": "each", "packageSize": "each", "barcode": ["9414202702708"], "isAvailable": true, "locations": ["vic", "nsw", "qld", "wa", "sa", "tas", "nt", "act"]}, {"id": "w32950-9414202704009", "store": "woolworths", "name": "Sistema Storage With Lid 40l", "brand": "Sistema", "price": 11, "orgPrice": 22, "categoryIds": ["household"], "imagePath": "https://cdn0.woolworths.media/content/wowproductimages/large/032950.jpg", "cupPrice": null, "unit": "each", "packageSize": "each", "barcode": ["9414202704009"], "isAvailable": true, "locations": ["vic", "nsw", "qld", "wa", "sa", "tas", "nt", "act"]}, {"id": "w32954-9414202706003", "store": "woolworths", "name": "Sistema Storage With Lid 60l", "brand": "Sistema", "price": 12.5, "orgPrice": 25, "categoryIds": ["household"], "imagePath": "https://cdn0.woolworths.media/content/wowproductimages/large/032954.jpg", "cupPrice": null, "unit": "each", "packageSize": "each", "barcode": ["9414202706003"], "isAvailable": true, "locations": ["vic", "nsw", "qld", "wa", "sa", "tas", "nt", "act"]}, {"id": "w32961-9414202709004", "store": "woolworths", "name": "Sistema Storage With Lid 90l", "brand": "Sistema", "price": 15, "orgPrice": 30, "categoryIds": ["household"], "imagePath": "https://cdn0.woolworths.media/content/wowproductimages/large/032961.jpg", "cupPrice": null, "unit": "each", "packageSize": "each", "barcode": ["9414202709004"], "isAvailable": true, "locations": ["vic", "nsw", "qld", "wa", "sa", "tas", "nt", "act"]}, {"id": "w43497-9414202104687", "store": "woolworths", "name": "Sistema Storage With Tray 3.58l", "brand": "Sistema", "price": 3.5, "orgPrice": 7, "categoryIds": ["household"], "imagePath": "https://cdn0.woolworths.media/content/wowproductimages/large/043497.jpg", "cupPrice": null, "unit": "each", "packageSize": "each", "barcode": ["9414202104687"], "isAvailable": true, "locations": ["vic", "nsw", "qld", "wa", "sa", "tas", "nt", "act"]}, {"id": "w43499-9414202104700", "store": "woolworths", "name": "Sistema Storage With Tray 7.9l", "brand": "Sistema", "price": 5, "orgPrice": 10, "categoryIds": ["household"], "imagePath": "https://cdn0.woolworths.media/content/wowproductimages/large/043499.jpg", "cupPrice": null, "unit": "each", "packageSize": "each", "barcode": ["9414202104700"], "isAvailable": true, "locations": ["vic", "nsw", "qld", "wa", "sa", "tas", "nt", "act"]}, {"id": "w532375-9414202065001", "store": "woolworths", "name": "Sistema Tritan Active Water Bottle ", "brand": "Sistema", "price": 6, "orgPrice": 12, "categoryIds": ["household"], "imagePath": "https://cdn0.woolworths.media/content/wowproductimages/large/532375.jpg", "cupPrice": "$6.00 / 1ea", "unit": "each", "packageSize": "each", "barcode": ["9414202065001"], "isAvailable": true, "locations": ["vic", "nsw", "qld", "wa", "sa", "tas", "nt", "act"]}, {"id": "w935630-9312828572821", "store": "woolworths", "name": "Spirax 5 Subject Book A4 Assorted Colours", "brand": "Spirax", "price": 4, "orgPrice": 8, "categoryIds": ["household"], "imagePath": "https://cdn0.woolworths.media/content/wowproductimages/large/935630.jpg", "cupPrice": null, "unit": "each", "packageSize": "250pg each", "barcode": ["9312828572821"], "isAvailable": true, "locations": ["vic", "nsw", "qld", "wa", "sa", "tas", "nt", "act"]}, {"id": "w936476-9312828572791", "store": "woolworths", "name": "Spirax Notebook A4 Assorted Colours", "brand": "Spirax", "price": 2, "orgPrice": 4, "categoryIds": ["household"], "imagePath": "https://cdn0.woolworths.media/content/wowproductimages/large/936476.jpg", "cupPrice": null, "unit": "each", "packageSize": "120pg each", "barcode": ["9312828572791"], "isAvailable": true, "locations": ["vic", "nsw", "qld", "wa", "sa", "tas", "nt", "act"]}, {"id": "w354504-4006381215695", "store": "woolworths", "name": "Stabilo Boss Highlighters ", "brand": "Stabilo", "price": 4, "orgPrice": 8, "categoryIds": ["household"], "imagePath": "https://cdn0.woolworths.media/content/wowproductimages/large/354504.jpg", "cupPrice": null, "unit": "each", "packageSize": "4 pack", "barcode": ["4006381215695"], "isAvailable": true, "locations": ["vic", "nsw", "qld", "wa", "sa", "tas", "nt", "act"]}, {"id": "w546810-4006381492867", "store": "woolworths", "name": "Stabilo Boss Pastel ", "brand": "Stabilo", "price": 4, "orgPrice": 8, "categoryIds": ["household"], "imagePath": "https://cdn0.woolworths.media/content/wowproductimages/large/546810.jpg", "cupPrice": null, "unit": "each", "packageSize": "4 pack", "barcode": ["4006381492867"], "isAvailable": true, "locations": ["vic", "nsw", "qld", "wa", "sa", "tas", "nt", "act"]}, {"id": "w60871-4006381527422", "store": "woolworths", "name": "Stabilo Swing Cool Pastels Highlighters", "brand": "Stabilo", "price": 3.25, "orgPrice": 6.5, "categoryIds": ["household"], "imagePath": "https://cdn0.woolworths.media/content/wowproductimages/large/060871.jpg", "cupPrice": null, "unit": "each", "packageSize": "4 pack", "barcode": ["4006381527422"], "isAvailable": true, "locations": ["vic", "nsw", "qld", "wa", "sa", "tas", "nt", "act"]}, {"id": "w92503-9311838643385", "store": "woolworths", "name": "Tontine Sweet Dreams Antibacterial Pillow", "brand": "Tontine", "price": 12, "orgPrice": 24, "categoryIds": ["household"], "imagePath": "https://cdn0.woolworths.media/content/wowproductimages/large/092503.jpg", "cupPrice": null, "unit": "each", "packageSize": "2 pack", "barcode": ["9311838643385"], "isAvailable": true, "locations": ["vic", "nsw", "qld", "wa", "sa", "tas", "nt", "act"]}, {"id": "w383861-4026700397109", "store": "woolworths", "name": "Uhu Glue Stick Strong & Safe 7ml", "brand": "Uhu", "price": 4.25, "orgPrice": 8.5, "categoryIds": ["household"], "imagePath": "https://cdn0.woolworths.media/content/wowproductimages/large/383861.jpg", "cupPrice": null, "unit": "each", "packageSize": "each", "barcode": ["4026700397109"], "isAvailable": true, "locations": ["vic", "nsw", "qld", "wa", "sa", "tas", "nt", "act"]}, {"id": "w941863-4026700501902", "store": "woolworths", "name": "Uhu Glue Stick ", "brand": "Uhu", "price": 1.75, "orgPrice": 3.5, "categoryIds": ["household"], "imagePath": "https://cdn0.woolworths.media/content/wowproductimages/large/941863.jpg", "cupPrice": null, "unit": "each", "packageSize": "21g each", "barcode": ["4026700501902"], "isAvailable": true, "locations": ["vic", "nsw", "qld", "wa", "sa", "tas", "nt", "act"]}, {"id": "w383862-4026700454154", "store": "woolworths", "name": "Uhu Super Glue Minis 1ml", "brand": "Uhu", "price": 3.25, "orgPrice": 6.5, "categoryIds": ["household"], "imagePath": "https://cdn0.woolworths.media/content/wowproductimages/large/383862.jpg", "cupPrice": null, "unit": "each", "packageSize": "3 pack", "barcode": ["4026700454154"], "isAvailable": true, "locations": ["vic", "nsw", "qld", "wa", "sa", "tas", "nt", "act"]}, {"id": "w99291-9310009014948", "store": "woolworths", "name": "Valvoline Oil Motor Xld 20w-50", "brand": "Valvoline", "price": 14.5, "orgPrice": 29, "categoryIds": ["household"], "imagePath": "https://cdn0.woolworths.media/content/wowproductimages/large/099291.jpg", "cupPrice": "$0.36 / 100ml", "unit": "each", "packageSize": "4l", "barcode": ["9310009014948"], "isAvailable": true, "locations": ["vic", "nsw", "qld", "wa", "sa", "tas", "nt", "act"]}, {"id": "w98054-9300622510057", "store": "woolworths", "name": "Vileda Wettex Cleaning Cloth Super Absorbent Assorted", "brand": "Vileda", "price": 2, "orgPrice": 4, "categoryIds": ["household"], "imagePath": "https://cdn0.woolworths.media/content/wowproductimages/large/098054.jpg", "cupPrice": "$0.67 / 1ea", "unit": "each", "packageSize": "3 pack", "barcode": ["9300622510057"], "isAvailable": true, "locations": ["vic", "nsw", "qld", "wa", "sa", "tas", "nt", "act"]}, {"id": "w75770-9310497004193", "store": "woolworths", "name": "Woolworths Bbq Foil Tray Medium", "brand": "Woolworths", "price": 2, "orgPrice": 4, "categoryIds": ["household"], "imagePath": "https://cdn0.woolworths.media/content/wowproductimages/large/075770.jpg", "cupPrice": "$0.67 / 1ea", "unit": "each", "packageSize": "3 pack", "barcode": ["9310497004193"], "isAvailable": true, "locations": ["vic", "nsw", "qld", "wa", "sa", "tas", "nt", "act"]}, {"id": "w714673-9300633280420", "store": "woolworths", "name": "Woolworths Bbq Foil Tray Small", "brand": "Woolworths", "price": 4.5, "orgPrice": 9, "categoryIds": ["household"], "imagePath": "https://cdn0.woolworths.media/content/wowproductimages/large/714673.jpg", "cupPrice": "$0.45 / 1ea", "unit": "each", "packageSize": "10 pack", "barcode": ["9300633280420"], "isAvailable": true, "locations": ["vic", "nsw", "qld", "wa", "sa", "tas", "nt", "act"]}, {"id": "w680991-9339687039647", "store": "woolworths", "name": "Woolworths Bbq Fork ", "brand": "Woolworths", "price": 1, "orgPrice": 4, "categoryIds": ["household"], "imagePath": "https://cdn0.woolworths.media/content/wowproductimages/large/680991.jpg", "cupPrice": "$1.00 / 1ea", "unit": "each", "packageSize": "each", "barcode": ["9339687039647"], "isAvailable": true, "locations": ["vic", "nsw", "qld", "wa", "sa", "tas", "nt", "act"]}, {"id": "w26220-9339687095513", "store": "woolworths", "name": "Woolworths Bbq Meat Claws ", "brand": "Woolworths", "price": 1, "orgPrice": 5, "categoryIds": ["household"], "imagePath": "https://cdn0.woolworths.media/content/wowproductimages/large/026220.jpg", "cupPrice": "$1.00 / 1ea", "unit": "each", "packageSize": "2 pack", "barcode": ["9339687095513"], "isAvailable": true, "locations": ["vic", "nsw", "qld", "wa", "sa", "tas", "nt", "act"]}, {"id": "w577096-9300633636357", "store": "woolworths", "name": "Woolworths Bbq Meat Thermometer ", "brand": "Woolworths", "price": 7, "orgPrice": 18, "categoryIds": ["household"], "imagePath": "https://cdn0.woolworths.media/content/wowproductimages/large/577096.jpg", "cupPrice": "$7.00 / 1ea", "unit": "each", "packageSize": "each", "barcode": ["9300633636357"], "isAvailable": true, "locations": ["vic", "nsw", "qld", "wa", "sa", "tas", "nt", "act"]}, {"id": "w747117-9300633356712", "store": "woolworths", "name": "Woolworths Essentials Boys Underwear Fly Front Trunks 6-7", "brand": "Woolworths", "price": 4, "orgPrice": 8, "categoryIds": ["household"], "imagePath": "https://cdn0.woolworths.media/content/wowproductimages/large/747117.jpg", "cupPrice": "$1.33 / 1ea", "unit": "each", "packageSize": "3 pack", "barcode": ["9300633356712"], "isAvailable": true, "locations": ["vic", "nsw", "qld", "wa", "sa", "tas", "nt", "act"]}, {"id": "w747077-9300633356705", "store": "woolworths", "name": "Woolworths Essentials Underwear Boy's Basic Briefs Size 6-7", "brand": "Woolworths", "price": 4, "orgPrice": 8, "categoryIds": ["household"], "imagePath": "https://cdn0.woolworths.media/content/wowproductimages/large/747077.jpg", "cupPrice": "$0.80 / 1ea", "unit": "each", "packageSize": "each", "barcode": ["9300633356705"], "isAvailable": true, "locations": ["vic", "nsw", "qld", "wa", "sa", "tas", "nt", "act"]}, {"id": "w747114-9300633355180", "store": "woolworths", "name": "Woolworths Essentials Underwear Girl's Basic Briefs Size 2-3", "brand": "Woolworths", "price": 4, "orgPrice": 8, "categoryIds": ["household"], "imagePath": "https://cdn0.woolworths.media/content/wowproductimages/large/747114.jpg", "cupPrice": "$0.80 / 1ea", "unit": "each", "packageSize": "each", "barcode": ["9300633355180"], "isAvailable": true, "locations": ["vic", "nsw", "qld", "wa", "sa", "tas", "nt", "act"]}, {"id": "w747116-9300633355203", "store": "woolworths", "name": "Woolworths Essentials Underwear Girl's Basic Briefs Size 6-7", "brand": "Woolworths", "price": 4, "orgPrice": 8, "categoryIds": ["household"], "imagePath": "https://cdn0.woolworths.media/content/wowproductimages/large/747116.jpg", "cupPrice": "$0.80 / 1ea", "unit": "each", "packageSize": "each", "barcode": ["9300633355203"], "isAvailable": true, "locations": ["vic", "nsw", "qld", "wa", "sa", "tas", "nt", "act"]}, {"id": "w741987-9300633353988", "store": "woolworths", "name": "Woolworths Essentials Underwear Women's Full Brief Size 18-20", "brand": "Woolworths", "price": 5, "orgPrice": 10, "categoryIds": ["household"], "imagePath": "https://cdn0.woolworths.media/content/wowproductimages/large/741987.jpg", "cupPrice": null, "unit": "each", "packageSize": "each", "barcode": ["9300633353988"], "isAvailable": true, "locations": ["vic", "nsw", "qld", "wa", "sa", "tas", "nt", "act"]}, {"id": "w747120-9300633356736", "store": "woolworths", "name": "Woolworths For Kids Boys Underwear Fly Front Trunks 12-14", "brand": "Woolworths", "price": 4, "orgPrice": 8, "categoryIds": ["household"], "imagePath": "https://cdn0.woolworths.media/content/wowproductimages/large/747120.jpg", "cupPrice": "$1.33 / 1ea", "unit": "each", "packageSize": "3 pack", "barcode": ["9300633356736"], "isAvailable": true, "locations": ["vic", "nsw", "qld", "wa", "sa", "tas", "nt", "act"]}, {"id": "w747193-9300633376239", "store": "woolworths", "name": "Woolworths For Kids Boys Underwear Fly Front Trunks 8-10", "brand": "Woolworths", "price": 4, "orgPrice": 8, "categoryIds": ["household"], "imagePath": "https://cdn0.woolworths.media/content/wowproductimages/large/747193.jpg", "cupPrice": "$1.33 / 1ea", "unit": "each", "packageSize": "3 pack", "barcode": ["9300633376239"], "isAvailable": true, "locations": ["vic", "nsw", "qld", "wa", "sa", "tas", "nt", "act"]}, {"id": "w355588-9300633171070", "store": "woolworths", "name": "Woolworths For Ladies Low Cut Socks Plain Black Size 8-11", "brand": "Woolworths", "price": 3.5, "orgPrice": 7, "categoryIds": ["household"], "imagePath": "https://cdn0.woolworths.media/content/wowproductimages/large/355588.jpg", "cupPrice": "$1.17 / 1ea", "unit": "each", "packageSize": "3 pack", "barcode": ["9300633171070"], "isAvailable": true, "locations": ["vic", "nsw", "qld", "wa", "sa", "tas", "nt", "act"]}, {"id": "w738367-9300633354930", "store": "woolworths", "name": "Woolworths For Ladies Underwear Bikini Size 16-18", "brand": "Woolworths", "price": 5, "orgPrice": 10, "categoryIds": ["household"], "imagePath": "https://cdn0.woolworths.media/content/wowproductimages/large/738367.jpg", "cupPrice": null, "unit": "each", "packageSize": "5 pack", "barcode": ["9300633354930"], "isAvailable": true, "locations": ["vic", "nsw", "qld", "wa", "sa", "tas", "nt", "act"]}, {"id": "w510428-9300650022898", "store": "woolworths", "name": "Belvita Strawberry Yoghurt Breakfast Biscuits", "brand": "Belvita", "price": 2.25, "orgPrice": 4.5, "categoryIds": ["household"], "imagePath": "https://cdn0.woolworths.media/content/wowproductimages/large/510428.jpg", "cupPrice": "$0.89 / 100g", "unit": "each", "packageSize": "5 pack", "barcode": ["9300650022898"], "isAvailable": true, "locations": ["vic", "nsw", "qld", "wa", "sa", "tas", "nt", "act"]}, {"id": "w510446-9300650022850", "store": "woolworths", "name": "Belvita Yoghurt Crunch Breakfast Biscuits", "brand": "Belvita", "price": 2.25, "orgPrice": 4.5, "categoryIds": ["household"], "imagePath": "https://cdn0.woolworths.media/content/wowproductimages/large/510446.jpg", "cupPrice": "$0.89 / 100g", "unit": "each", "packageSize": "5 pack", "barcode": ["9300650022850"], "isAvailable": true, "locations": ["vic", "nsw", "qld", "wa", "sa", "tas", "nt", "act"]}, {"id": "w687630-93553520", "store": "woolworths", "name": "Chobani Flip Cookies & Cream Crunch", "brand": "Chobani", "price": 1.5, "orgPrice": 3, "categoryIds": ["household"], "imagePath": "https://cdn0.woolworths.media/content/wowproductimages/large/687630.jpg", "cupPrice": "$1.07 / 100g", "unit": "each", "packageSize": "140g", "barcode": ["93553520"], "isAvailable": true, "locations": ["vic", "nsw", "qld", "wa", "sa", "tas", "nt", "act"]}, {"id": "w611783-93205245", "store": "woolworths", "name": "Chobani Flip Greek Yoghurt Almond Coco Loco", "brand": "Chobani", "price": 1.5, "orgPrice": 3, "categoryIds": ["household"], "imagePath": "https://cdn0.woolworths.media/content/wowproductimages/large/611783.jpg", "cupPrice": "$1.07 / 100g", "unit": "each", "packageSize": "140g", "barcode": ["93205245"], "isAvailable": true, "locations": ["vic", "nsw", "qld", "wa", "sa", "tas", "nt", "act"]}, {"id": "w611808-93355445", "store": "woolworths", "name": "Chobani Flip Greek Yoghurt Key Lime Crumble", "brand": "Chobani", "price": 1.5, "orgPrice": 3, "categoryIds": ["household"], "imagePath": "https://cdn0.woolworths.media/content/wowproductimages/large/611808.jpg", "cupPrice": "$1.07 / 100g", "unit": "each", "packageSize": "140g", "barcode": ["93355445"], "isAvailable": true, "locations": ["vic", "nsw", "qld", "wa", "sa", "tas", "nt", "act"]}, {"id": "w611904-93355421", "store": "woolworths", "name": "Chobani Flip Greek Yoghurt Mint Choc Chip", "brand": "Chobani", "price": 1.5, "orgPrice": 3, "categoryIds": ["household"], "imagePath": "https://cdn0.woolworths.media/content/wowproductimages/large/611904.jpg", "cupPrice": "$1.07 / 100g", "unit": "each", "packageSize": "140g", "barcode": ["93355421"], "isAvailable": true, "locations": ["vic", "nsw", "qld", "wa", "sa", "tas", "nt", "act"]}, {"id": "w611738-93355414", "store": "woolworths", "name": "Chobani Flip Greek Yoghurt Salted Caramel Crunch", "brand": "Chobani", "price": 1.5, "orgPrice": 3, "categoryIds": ["household"], "imagePath": "https://cdn0.woolworths.media/content/wowproductimages/large/611738.jpg", "cupPrice": "$1.07 / 100g", "unit": "each", "packageSize": "140g", "barcode": ["93355414"], "isAvailable": true, "locations": ["vic", "nsw", "qld", "wa", "sa", "tas", "nt", "act"]}, {"id": "w687632-93355490", "store": "woolworths", "name": "Chobani Flip Lemon Meringue Tang", "brand": "Chobani", "price": 1.5, "orgPrice": 3, "categoryIds": ["household"], "imagePath": "https://cdn0.woolworths.media/content/wowproductimages/large/687632.jpg", "cupPrice": "$1.07 / 100g", "unit": "each", "packageSize": "140g", "barcode": ["93355490"], "isAvailable": true, "locations": ["vic", "nsw", "qld", "wa", "sa", "tas", "nt", "act"]}, {"id": "w687605-93355384", "store": "woolworths", "name": "Chobani Flip Strawberry Shortcake", "brand": "Chobani", "price": 1.5, "orgPrice": 3, "categoryIds": ["household"], "imagePath": "https://cdn0.woolworths.media/content/wowproductimages/large/687605.jpg", "cupPrice": "$1.07 / 100g", "unit": "each", "packageSize": "140g", "barcode": ["93355384"], "isAvailable": true, "locations": ["vic", "nsw", "qld", "wa", "sa", "tas", "nt", "act"]}, {"id": "w768097-9310653102992", "store": "woolworths", "name": "Chobani No Fat Blueberry Yoghurt Pouch", "brand": "Chobani", "price": 1.12, "orgPrice": 2.25, "categoryIds": ["household"], "imagePath": "https://cdn0.woolworths.media/content/wowproductimages/large/768097.jpg", "cupPrice": "$0.80 / 100g", "unit": "each", "packageSize": "140g", "barcode": ["9310653102992"], "isAvailable": true, "locations": ["vic", "nsw", "qld", "wa", "sa", "tas", "nt", "act"]}, {"id": "w795069-9310653103203", "store": "woolworths", "name": "Chobani No Fat Raspberry Yoghurt Pouch", "brand": "Chobani", "price": 1.12, "orgPrice": 2.25, "categoryIds": ["household"], "imagePath": "https://cdn0.woolworths.media/content/wowproductimages/large/795069.jpg", "cupPrice": "$0.80 / 100g", "unit": "each", "packageSize": "140g", "barcode": ["9310653103203"], "isAvailable": true, "locations": ["vic", "nsw", "qld", "wa", "sa", "tas", "nt", "act"]}, {"id": "w768123-9310653102985", "store": "woolworths", "name": "Chobani No Fat Strawberry Greek Yoghurt Pouch", "brand": "Chobani", "price": 1.12, "orgPrice": 2.25, "categoryIds": ["household"], "imagePath": "https://cdn0.woolworths.media/content/wowproductimages/large/768123.jpg", "cupPrice": "$0.80 / 100g", "unit": "each", "packageSize": "140g", "barcode": ["9310653102985"], "isAvailable": true, "locations": ["vic", "nsw", "qld", "wa", "sa", "tas", "nt", "act"]}, {"id": "w926531-9310653103418", "store": "woolworths", "name": "Chobani Vanilla Yoghurt Pouch", "brand": "Chobani", "price": 1.12, "orgPrice": 2.25, "categoryIds": ["household"], "imagePath": "https://cdn0.woolworths.media/content/wowproductimages/large/926531.jpg", "cupPrice": "$0.80 / 100g", "unit": "each", "packageSize": "140g", "barcode": ["9310653103418"], "isAvailable": true, "locations": ["vic", "nsw", "qld", "wa", "sa", "tas", "nt", "act"]}, {"id": "w258310-8852756401608", "store": "woolworths", "name": "Kellogg's Crunchy Nut Peanut Snack Bars", "brand": "Kellogg's", "price": 2.5, "orgPrice": 5, "categoryIds": ["household"], "imagePath": "https://cdn0.woolworths.media/content/wowproductimages/large/258310.jpg", "cupPrice": "$1.39 / 100g", "unit": "each", "packageSize": "6 pack", "barcode": ["8852756401608"], "isAvailable": true, "locations": ["vic", "nsw", "qld", "wa", "sa", "tas", "nt", "act"]}, {"id": "w724085-9310055598447", "store": "woolworths", "name": "Kellogg's K-time Baked Twists Raspberry & Apple Flavour Snack Bars", "brand": "Kellogg's", "price": 2, "orgPrice": 4, "categoryIds": ["household"], "imagePath": "https://cdn0.woolworths.media/content/wowproductimages/large/724085.jpg", "cupPrice": "$1.08 / 100g", "unit": "each", "packageSize": "185g", "barcode": ["9310055598447"], "isAvailable": true, "locations": ["vic", "nsw", "qld", "wa", "sa", "tas", "nt", "act"]}, {"id": "w724087-9310055598430", "store": "woolworths", "name": "Kellogg's K-time Baked Twists Strawberry & Blueberry Flavour Snack Bars", "brand": "Kellogg's", "price": 2, "orgPrice": 4, "categoryIds": ["household"], "imagePath": "https://cdn0.woolworths.media/content/wowproductimages/large/724087.jpg", "cupPrice": "$1.08 / 100g", "unit": "each", "packageSize": "185g", "barcode": ["9310055598430"], "isAvailable": true, "locations": ["vic", "nsw", "qld", "wa", "sa", "tas", "nt", "act"]}, {"id": "w722766-9310055598454", "store": "woolworths", "name": "Kellogg's K-time Baked Twists Strawberry & Yoghurt Flavour Snack Bars", "brand": "Kellogg's", "price": 2, "orgPrice": 4, "categoryIds": ["household"], "imagePath": "https://cdn0.woolworths.media/content/wowproductimages/large/722766.jpg", "cupPrice": "$1.08 / 100g", "unit": "each", "packageSize": "185g", "barcode": ["9310055598454"], "isAvailable": true, "locations": ["vic", "nsw", "qld", "wa", "sa", "tas", "nt", "act"]}, {"id": "w324207-8852756401721", "store": "woolworths", "name": "Kellogg's Lcms Choc Chip Snack Bars", "brand": "Kellogg's", "price": 2, "orgPrice": 4, "categoryIds": ["household"], "imagePath": "https://cdn0.woolworths.media/content/wowproductimages/large/324207.jpg", "cupPrice": "$1.52 / 100g", "unit": "each", "packageSize": "6 pack", "barcode": ["8852756401721"], "isAvailable": true, "locations": ["vic", "nsw", "qld", "wa", "sa", "tas", "nt", "act"]}, {"id": "w312248-8852756401752", "store": "woolworths", "name": "Kellogg's Lcms Choco Split Stix Cereal Bars", "brand": "Kellogg's", "price": 2, "orgPrice": 4, "categoryIds": ["household"], "imagePath": "https://cdn0.woolworths.media/content/wowproductimages/large/312248.jpg", "cupPrice": "$1.45 / 100g", "unit": "each", "packageSize": "138g", "barcode": ["8852756401752"], "isAvailable": true, "locations": ["vic", "nsw", "qld", "wa", "sa", "tas", "nt", "act"]}, {"id": "w665521-8852756401578", "store": "woolworths", "name": "Kellogg's Lcms Coco Pops Cereal Snack Bars", "brand": "Kellogg's", "price": 2, "orgPrice": 4, "categoryIds": ["household"], "imagePath": "https://cdn0.woolworths.media/content/wowproductimages/large/665521.jpg", "cupPrice": "$1.52 / 100g", "unit": "each", "packageSize": "132g", "barcode": ["8852756401578"], "isAvailable": true, "locations": ["vic", "nsw", "qld", "wa", "sa", "tas", "nt", "act"]}, {"id": "w324208-8852756401738", "store": "woolworths", "name": "Kellogg's Lcms Kaleidos Snack Bars", "brand": "Kellogg's", "price": 2, "orgPrice": 4, "categoryIds": ["household"], "imagePath": "https://cdn0.woolworths.media/content/wowproductimages/large/324208.jpg", "cupPrice": "$1.52 / 100g", "unit": "each", "packageSize": "6 pack", "barcode": ["8852756401738"], "isAvailable": true, "locations": ["vic", "nsw", "qld", "wa", "sa", "tas", "nt", "act"]}, {"id": "w312255-8852756401745", "store": "woolworths", "name": "Kellogg's Lcms Yoghurty Split Stix Snack Bars", "brand": "Kellogg's", "price": 2, "orgPrice": 4, "categoryIds": ["household"], "imagePath": "https://cdn0.woolworths.media/content/wowproductimages/large/312255.jpg", "cupPrice": "$1.45 / 100g", "unit": "each", "packageSize": "138g", "barcode": ["8852756401745"], "isAvailable": true, "locations": ["vic", "nsw", "qld", "wa", "sa", "tas", "nt", "act"]}, {"id": "w797142-8852756401691", "store": "woolworths", "name": "Kellogg's Nutri-grain Original Cereal Snack Bars", "brand": "Kellogg's", "price": 2, "orgPrice": 4, "categoryIds": ["household"], "imagePath": "https://cdn0.woolworths.media/content/wowproductimages/large/797142.jpg", "cupPrice": "$1.39 / 100g", "unit": "each", "packageSize": "144g", "barcode": ["8852756401691"], "isAvailable": true, "locations": ["vic", "nsw", "qld", "wa", "sa", "tas", "nt", "act"]}, {"id": "w310714-9557062400572", "store": "woolworths", "name": "Mamee Rice Snacks Sticks Cheese Flavour", "brand": "Mamee", "price": 3, "orgPrice": 6, "categoryIds": ["household"], "imagePath": "https://cdn0.woolworths.media/content/wowproductimages/large/310714.jpg", "cupPrice": "$1.50 / 100g", "unit": "each", "packageSize": "200g", "barcode": ["9557062400572"], "isAvailable": true, "locations": ["vic", "nsw", "qld", "wa", "sa", "tas", "nt", "act"]}, {"id": "w781030-9310885115500", "store": "woolworths", "name": "Mayver's Smooth Peanut Butter", "brand": "Mayver's", "price": 2.5, "orgPrice": 5, "categoryIds": ["household"], "imagePath": "https://cdn0.woolworths.media/content/wowproductimages/large/781030.jpg", "cupPrice": "$0.67 / 100g", "unit": "each", "packageSize": "375g", "barcode": ["9310885115500"], "isAvailable": true, "locations": ["vic", "nsw", "qld", "wa", "sa", "tas", "nt", "act"]}, {"id": "w384285-9317224401676", "store": "woolworths", "name": "Mission Wraps Light", "brand": "Mission", "price": 2.5, "orgPrice": 5, "categoryIds": ["household"], "imagePath": "https://cdn0.woolworths.media/content/wowproductimages/large/384285.jpg", "cupPrice": "$0.44 / 100g", "unit": "each", "packageSize": "8pk 567g", "barcode": ["9317224401676"], "isAvailable": true, "locations": ["vic", "nsw", "qld", "wa", "sa", "tas", "nt", "act"]}, {"id": "w320194-9317224400495", "store": "woolworths", "name": "Mission Wraps Original", "brand": "Mission", "price": 2.5, "orgPrice": 5, "categoryIds": ["household"], "imagePath": "https://cdn0.woolworths.media/content/wowproductimages/large/320194.jpg", "cupPrice": "$0.44 / 100g", "unit": "each", "packageSize": "8 pack", "barcode": ["9317224400495"], "isAvailable": true, "locations": ["vic", "nsw", "qld", "wa", "sa", "tas", "nt", "act"]}, {"id": "w384286-9317224401393", "store": "woolworths", "name": "Mission Wraps Wholegrain", "brand": "Mission", "price": 2.5, "orgPrice": 5, "categoryIds": ["household"], "imagePath": "https://cdn0.woolworths.media/content/wowproductimages/large/384286.jpg", "cupPrice": "$0.44 / 100g", "unit": "each", "packageSize": "8pk 567g", "barcode": ["9317224401393"], "isAvailable": true, "locations": ["vic", "nsw", "qld", "wa", "sa", "tas", "nt", "act"]}, {"id": "w665985-8410076620262", "store": "woolworths", "name": "Nature Valley Nut Butter Peanut", "brand": "Nature Valley", "price": 2.65, "orgPrice": 5.3, "categoryIds": ["household"], "imagePath": "https://cdn0.woolworths.media/content/wowproductimages/large/665985.jpg", "cupPrice": "$1.74 / 100g", "unit": "each", "packageSize": "152g", "barcode": ["8410076620262"], "isAvailable": true, "locations": ["vic", "nsw", "qld", "wa", "sa", "tas", "nt", "act"]}, {"id": "w522701-9300695007072", "store": "woolworths", "name": "Nature Valley Peanut & Chocolate Protein Nut Bars", "brand": "Nature Valley", "price": 2.65, "orgPrice": 5.3, "categoryIds": ["household"], "imagePath": "https://cdn0.woolworths.media/content/wowproductimages/large/522701.jpg", "cupPrice": "$1.66 / 100g", "unit": "each", "packageSize": "4 pack", "barcode": ["9300695007072"], "isAvailable": true, "locations": ["vic", "nsw", "qld", "wa", "sa", "tas", "nt", "act"]}, {"id": "w522704-9300695007096", "store": "woolworths", "name": "Nature Valley Salted Caramel Protein Nut Bars", "brand": "Nature Valley", "price": 2.65, "orgPrice": 5.3, "categoryIds": ["household"], "imagePath": "https://cdn0.woolworths.media/content/wowproductimages/large/522704.jpg", "cupPrice": "$1.66 / 100g", "unit": "each", "packageSize": "4 pack", "barcode": ["9300695007096"], "isAvailable": true, "locations": ["vic", "nsw", "qld", "wa", "sa", "tas", "nt", "act"]}, {"id": "w248199-9310060406805", "store": "woolworths", "name": "Nestle Uncle Tobys Le Snak Cheddar Cheese Dip & Crackers", "brand": "Nestle", "price": 3.8, "orgPrice": 7.6, "categoryIds": ["household"], "imagePath": "https://cdn0.woolworths.media/content/wowproductimages/large/248199.jpg", "cupPrice": "$1.44 / 100g", "unit": "each", "packageSize": "12 pack", "barcode": ["9310060406805"], "isAvailable": true, "locations": ["vic", "nsw", "qld", "wa", "sa", "tas", "nt", "act"]}, {"id": "w248198-9310060406812", "store": "woolworths", "name": "Nestle Uncle Tobys Le Snak French Onion Dip & Crackers", "brand": "Nestle", "price": 3.8, "orgPrice": 7.6, "categoryIds": ["household"], "imagePath": "https://cdn0.woolworths.media/content/wowproductimages/large/248198.jpg", "cupPrice": "$1.44 / 100g", "unit": "each", "packageSize": "12 pack", "barcode": ["9310060406812"], "isAvailable": true, "locations": ["vic", "nsw", "qld", "wa", "sa", "tas", "nt", "act"]}, {"id": "w777289-9414202217455", "store": "woolworths", "name": "Sistema Lunch Cube Max To Go", "brand": "Sistema", "price": 5, "orgPrice": 10, "categoryIds": ["household"], "imagePath": "https://cdn0.woolworths.media/content/wowproductimages/large/777289.jpg", "cupPrice": null, "unit": "each", "packageSize": "each", "barcode": ["9414202217455"], "isAvailable": true, "locations": ["vic", "nsw", "qld", "wa", "sa", "tas", "nt", "act"]}, {"id": "w711918-9414202216472", "store": "woolworths", "name": "Sistema Plasticware Sandwich Box To Go", "brand": "Sistema", "price": 2.5, "orgPrice": 5, "categoryIds": ["household"], "imagePath": "https://cdn0.woolworths.media/content/wowproductimages/large/711918.jpg", "cupPrice": null, "unit": "each", "packageSize": "each", "barcode": ["9414202216472"], "isAvailable": true, "locations": ["vic", "nsw", "qld", "wa", "sa", "tas", "nt", "act"]}, {"id": "w532375-9414202065001", "store": "woolworths", "name": "Sistema Tritan Active Water Bottle ", "brand": "Sistema", "price": 6, "orgPrice": 12, "categoryIds": ["household"], "imagePath": "https://cdn0.woolworths.media/content/wowproductimages/large/532375.jpg", "cupPrice": "$6.00 / 1ea", "unit": "each", "packageSize": "each", "barcode": ["9414202065001"], "isAvailable": true, "locations": ["vic", "nsw", "qld", "wa", "sa", "tas", "nt", "act"]}, {"id": "w248197-9310060406829", "store": "woolworths", "name": "Uncle Tobys Le Snak Tasty Cheese Dip & Crackers", "brand": "Uncle Tobys", "price": 3.8, "orgPrice": 7.6, "categoryIds": ["household"], "imagePath": "https://cdn0.woolworths.media/content/wowproductimages/large/248197.jpg", "cupPrice": "$1.44 / 100g", "unit": "each", "packageSize": "12 pack", "barcode": ["9310060406829"], "isAvailable": true, "locations": ["vic", "nsw", "qld", "wa", "sa", "tas", "nt", "act"]}]