{"w666237-0271921000008": {"store": "woolworths", "name": "Chicken Sandwich Schnitzel", "price": 1.1, "oldPrice": 2.2, "category": "meat-seafood-deli", "imagePath": "https://cdn0.woolworths.media/content/wowproductimages/large/666237.jpg", "hasCupPrice": true, "cupPrice": "$1.10 / 1EA", "unit": "Each", "packageSize": "each", "barcode": "0271921000008", "brand": "Chicken"}, "w815000-5000221605133": {"store": "woolworths", "name": "Cadbury Choc Mini Rolls ", "price": 2.75, "oldPrice": 5.5, "category": "bakery", "imagePath": "https://cdn0.woolworths.media/content/wowproductimages/large/815000.jpg", "hasCupPrice": true, "cupPrice": "$0.28 / 1EA", "unit": "Each", "packageSize": "10 pack", "barcode": "5000221605133", "brand": "Cadbury"}, "w814399-5000221605331": {"store": "woolworths", "name": "Cadbury Mini Rolls Raspberry", "price": 2.75, "oldPrice": 5.5, "category": "bakery", "imagePath": "https://cdn0.woolworths.media/content/wowproductimages/large/814399.jpg", "hasCupPrice": true, "cupPrice": "$0.28 / 1EA", "unit": "Each", "packageSize": "5 pack", "barcode": "5000221605331", "brand": "Cadbury"}, "w879915-5704025030992": {"store": "woolworths", "name": "Emborg Spreadable Salted Butter ", "price": 3, "oldPrice": 6, "category": "dairy-eggs-fridge", "imagePath": "https://cdn0.woolworths.media/content/wowproductimages/large/879915.jpg", "hasCupPrice": true, "cupPrice": "$1.33 / 100G", "unit": "Each", "packageSize": "225g", "barcode": "5704025030992", "brand": "Emborg"}, "w862521-9310036065906": {"store": "woolworths", "name": "Siggi's 4% Fat Yoghurt Blueberry", "price": 1.25, "oldPrice": 2.5, "category": "dairy-eggs-fridge", "imagePath": "https://cdn0.woolworths.media/content/wowproductimages/large/862521.jpg", "hasCupPrice": true, "cupPrice": "$1.00 / 100G", "unit": "Each", "packageSize": "125g", "barcode": "9310036065906", "brand": "Siggi's"}, "w862489-9310036065883": {"store": "woolworths", "name": "Siggi's 4% Fat Yoghurt Mango", "price": 1.25, "oldPrice": 2.5, "category": "dairy-eggs-fridge", "imagePath": "https://cdn0.woolworths.media/content/wowproductimages/large/862489.jpg", "hasCupPrice": true, "cupPrice": "$1.00 / 100G", "unit": "Each", "packageSize": "125g", "barcode": "9310036065883", "brand": "Siggi's"}, "w862516-9310036065838": {"store": "woolworths", "name": "Siggi's 4% Fat Yoghurt Mixed Berry", "price": 1.25, "oldPrice": 2.5, "category": "dairy-eggs-fridge", "imagePath": "https://cdn0.woolworths.media/content/wowproductimages/large/862516.jpg", "hasCupPrice": true, "cupPrice": "$1.00 / 100G", "unit": "Each", "packageSize": "125g", "barcode": "9310036065838", "brand": "Siggi's"}, "w862495-9310036065821": {"store": "woolworths", "name": "Siggi's 4% Fat Yoghurt Raspberry", "price": 1.25, "oldPrice": 2.5, "category": "dairy-eggs-fridge", "imagePath": "https://cdn0.woolworths.media/content/wowproductimages/large/862495.jpg", "hasCupPrice": true, "cupPrice": "$1.00 / 100G", "unit": "Each", "packageSize": "125g", "barcode": "9310036065821", "brand": "Siggi's"}, "w862488-9310036065807": {"store": "woolworths", "name": "Siggi's 4% Fat Yoghurt Vanilla", "price": 1.25, "oldPrice": 2.5, "category": "dairy-eggs-fridge", "imagePath": "https://cdn0.woolworths.media/content/wowproductimages/large/862488.jpg", "hasCupPrice": true, "cupPrice": "$1.00 / 100G", "unit": "Each", "packageSize": "125g", "barcode": "9310036065807", "brand": "Siggi's"}, "w85030-9310036071563": {"store": "woolworths", "name": "Siggi's 4% Milkfat Yoghurt Passionfruit", "price": 1.25, "oldPrice": 2.5, "category": "dairy-eggs-fridge", "imagePath": "https://cdn0.woolworths.media/content/wowproductimages/large/085030.jpg", "hasCupPrice": true, "cupPrice": "$1.00 / 100G", "unit": "Each", "packageSize": "125g", "barcode": "9310036071563", "brand": "Siggi's"}, "w85000-9310036071570": {"store": "woolworths", "name": "Siggi's 4% Milkfat Yoghurt Lemon ", "price": 1.25, "oldPrice": 2.5, "category": "dairy-eggs-fridge", "imagePath": "https://cdn0.woolworths.media/content/wowproductimages/large/085000.jpg", "hasCupPrice": true, "cupPrice": "$1.00 / 100G", "unit": "Each", "packageSize": "125g", "barcode": "9310036071570", "brand": "Siggi's"}, "w85134-9310036071556": {"store": "woolworths", "name": "Siggi's 4% Milkfat Yoghurt Strawberry ", "price": 1.25, "oldPrice": 2.5, "category": "dairy-eggs-fridge", "imagePath": "https://cdn0.woolworths.media/content/wowproductimages/large/085134.jpg", "hasCupPrice": true, "cupPrice": "$1.00 / 100G", "unit": "Each", "packageSize": "125g", "barcode": "9310036071556", "brand": "Siggi's"}, "w862520-9310036065876": {"store": "woolworths", "name": "Siggi's 4% Yoghurt Limited Edition Flavour", "price": 1.25, "oldPrice": 2.5, "category": "dairy-eggs-fridge", "imagePath": "https://cdn0.woolworths.media/content/wowproductimages/large/862520.jpg", "hasCupPrice": true, "cupPrice": "$1.00 / 100G", "unit": "Each", "packageSize": "125g", "barcode": "9310036065876", "brand": "Siggi's"}, "w62145-9310036064510": {"store": "woolworths", "name": "Siggi's Skyr Yoghurt Pouch Blueberry", "price": 1.25, "oldPrice": 2.5, "category": "dairy-eggs-fridge", "imagePath": "https://cdn0.woolworths.media/content/wowproductimages/large/062145.jpg", "hasCupPrice": true, "cupPrice": "$0.83 / 100G", "unit": "Each", "packageSize": "150g", "barcode": "9310036064510", "brand": "Siggi's"}, "w59935-9310036064671": {"store": "woolworths", "name": "Siggi's Skyr Yoghurt Pouch Mango", "price": 1.25, "oldPrice": 2.5, "category": "dairy-eggs-fridge", "imagePath": "https://cdn0.woolworths.media/content/wowproductimages/large/059935.jpg", "hasCupPrice": true, "cupPrice": "$0.83 / 100G", "unit": "Each", "packageSize": "150g", "barcode": "9310036064671", "brand": "Siggi's"}, "w62450-9310036065166": {"store": "woolworths", "name": "Siggi's Skyr Yoghurt Pouch Passion Fruit", "price": 1.25, "oldPrice": 2.5, "category": "dairy-eggs-fridge", "imagePath": "https://cdn0.woolworths.media/content/wowproductimages/large/062450.jpg", "hasCupPrice": true, "cupPrice": "$0.83 / 100G", "unit": "Each", "packageSize": "150g", "barcode": "9310036065166", "brand": "Siggi's"}, "w62864-9310036064343": {"store": "woolworths", "name": "Siggi's Skyr Yoghurt Pouch Raspberry", "price": 1.25, "oldPrice": 2.5, "category": "dairy-eggs-fridge", "imagePath": "https://cdn0.woolworths.media/content/wowproductimages/large/062864.jpg", "hasCupPrice": true, "cupPrice": "$0.83 / 100G", "unit": "Each", "packageSize": "150g", "barcode": "9310036064343", "brand": "Siggi's"}, "w62883-9310036064183": {"store": "woolworths", "name": "Siggi's Skyr Yoghurt Pouch Vanilla", "price": 1.25, "oldPrice": 2.5, "category": "dairy-eggs-fridge", "imagePath": "https://cdn0.woolworths.media/content/wowproductimages/large/062883.jpg", "hasCupPrice": true, "cupPrice": "$0.83 / 100G", "unit": "Each", "packageSize": "150g", "barcode": "9310036064183", "brand": "Siggi's"}, "w26963-9300602363437": {"store": "woolworths", "name": "Always Fresh Mini Grissini Rosemary ", "price": 2, "oldPrice": 4, "category": "pantry", "imagePath": "https://cdn0.woolworths.media/content/wowproductimages/large/026963.jpg", "hasCupPrice": true, "cupPrice": "$1.52 / 100G", "unit": "Each", "packageSize": "6 pack", "barcode": "9300602363437", "brand": "Always Fresh"}, "w16988-5060074627447": {"store": "woolworths", "name": "Atkins Low Carb Bread Mix ", "price": 3.15, "oldPrice": 6.35, "category": "pantry", "imagePath": "https://cdn0.woolworths.media/content/wowproductimages/large/016988.jpg", "hasCupPrice": true, "cupPrice": "$0.79 / 100G", "unit": "Each", "packageSize": "400g", "barcode": "5060074627447", "brand": "Atkins"}, "w16962-5060074630485": {"store": "woolworths", "name": "Atkins Low Carb Crispbread ", "price": 2, "oldPrice": 4, "category": "pantry", "imagePath": "https://cdn0.woolworths.media/content/wowproductimages/large/016962.jpg", "hasCupPrice": true, "cupPrice": "$2.00 / 100G", "unit": "Each", "packageSize": "100g", "barcode": "5060074630485", "brand": "Atkins"}, "w51628-5000159523073": {"store": "woolworths", "name": "Bounty Chocolate Bar ", "price": 1, "oldPrice": 2, "category": "pantry", "imagePath": "https://cdn0.woolworths.media/content/wowproductimages/large/051628.jpg", "hasCupPrice": true, "cupPrice": "$1.79 / 100G", "unit": "Each", "packageSize": "56g", "barcode": "5000159523073", "brand": "Bounty"}, "w225067-9300617302834": {"store": "woolworths", "name": "Cadbury Boost ", "price": 1, "oldPrice": 2, "category": "pantry", "imagePath": "https://cdn0.woolworths.media/content/wowproductimages/large/225067.jpg", "hasCupPrice": true, "cupPrice": "$1.67 / 100G", "unit": "Each", "packageSize": "60g bar", "barcode": "9300617302834", "brand": "Cadbury"}, "w91588-9300617287827": {"store": "woolworths", "name": "Cadbury Caramel Chomp Sharepack ", "price": 2.5, "oldPrice": 5, "category": "pantry", "imagePath": "https://cdn0.woolworths.media/content/wowproductimages/large/091588.jpg", "hasCupPrice": true, "cupPrice": "$1.67 / 100G", "unit": "Each", "packageSize": "10 pack", "barcode": "9300617287827", "brand": "Cadbury"}, "w828973-9300617070771": {"store": "woolworths", "name": "Cadbury Caramels ", "price": 2, "oldPrice": 4, "category": "pantry", "imagePath": "https://cdn0.woolworths.media/content/wowproductimages/large/828973.jpg", "hasCupPrice": true, "cupPrice": "$1.25 / 100G", "unit": "Each", "packageSize": "160g", "barcode": "9300617070771", "brand": "Cadbury"}, "w320108-9300617408741": {"store": "woolworths", "name": "Cadbury Cherry Ripe ", "price": 1, "oldPrice": 2, "category": "pantry", "imagePath": "https://cdn0.woolworths.media/content/wowproductimages/large/320108.jpg", "hasCupPrice": true, "cupPrice": "$1.92 / 100G", "unit": "Each", "packageSize": "52g bar", "barcode": "9300617408741", "brand": "Cadbury"}, "w843820-9300617045182": {"store": "woolworths", "name": "Cadbury Cherry Ripe Double Dipped", "price": 1, "oldPrice": 2, "category": "pantry", "imagePath": "https://cdn0.woolworths.media/content/wowproductimages/large/843820.jpg", "hasCupPrice": true, "cupPrice": "$2.13 / 100G", "unit": "Each", "packageSize": "47g bar", "barcode": "9300617045182", "brand": "Cadbury"}, "w829144-9300617042556": {"store": "woolworths", "name": "Cadbury Cherry Ripe Sharepack", "price": 2.5, "oldPrice": 5, "category": "pantry", "imagePath": "https://cdn0.woolworths.media/content/wowproductimages/large/829144.jpg", "hasCupPrice": true, "cupPrice": "$1.39 / 100G", "unit": "Each", "packageSize": "12pk 180g", "barcode": "9300617042556", "brand": "Cadbury"}, "w98368-9300617322863": {"store": "woolworths", "name": "Cadbury Crunchie ", "price": 1, "oldPrice": 2, "category": "pantry", "imagePath": "https://cdn0.woolworths.media/content/wowproductimages/large/098368.jpg", "hasCupPrice": true, "cupPrice": "$2.00 / 100G", "unit": "Each", "packageSize": "50g bar", "barcode": "9300617322863", "brand": "Cadbury"}, "w829138-9300617042549": {"store": "woolworths", "name": "Cadbury Crunchie Sharepack", "price": 2.5, "oldPrice": 5, "category": "pantry", "imagePath": "https://cdn0.woolworths.media/content/wowproductimages/large/829138.jpg", "hasCupPrice": true, "cupPrice": "$1.39 / 100G", "unit": "Each", "packageSize": "12pk 180g", "barcode": "9300617042549", "brand": "Cadbury"}, "w829175-9300617042617": {"store": "woolworths", "name": "Cadbury Dairy Milk Caramello Koala Sharepack", "price": 2.5, "oldPrice": 5, "category": "pantry", "imagePath": "https://cdn0.woolworths.media/content/wowproductimages/large/829175.jpg", "hasCupPrice": true, "cupPrice": "$1.39 / 100G", "unit": "Each", "packageSize": "12 pack", "barcode": "9300617042617", "brand": "Cadbury"}, "w8877-9300617041962": {"store": "woolworths", "name": "Cadbury Dairy Milk Chocolate Caramello", "price": 1, "oldPrice": 2, "category": "pantry", "imagePath": "https://cdn0.woolworths.media/content/wowproductimages/large/008877.jpg", "hasCupPrice": true, "cupPrice": "$1.82 / 100G", "unit": "Each", "packageSize": "55g bar", "barcode": "9300617041962", "brand": "Cadbury"}, "w328896-9300617043089": {"store": "woolworths", "name": "Cadbury Dairy Milk Chocolate Fruit & Nut", "price": 1, "oldPrice": 2, "category": "pantry", "imagePath": "https://cdn0.woolworths.media/content/wowproductimages/large/328896.jpg", "hasCupPrice": true, "cupPrice": "$2.00 / 100G", "unit": "Each", "packageSize": "50g bar", "barcode": "9300617043089", "brand": "Cadbury"}, "w8874-9300617042068": {"store": "woolworths", "name": "Cadbury Dairy Milk Chocolate Hazelnut", "price": 1, "oldPrice": 2, "category": "pantry", "imagePath": "https://cdn0.woolworths.media/content/wowproductimages/large/008874.jpg", "hasCupPrice": true, "cupPrice": "$1.82 / 100G", "unit": "Each", "packageSize": "55g bar", "barcode": "9300617042068", "brand": "Cadbury"}, "w313356-9300617409144": {"store": "woolworths", "name": "Cadbury Dairy Milk Chocolate Sharepack", "price": 2.5, "oldPrice": 5, "category": "pantry", "imagePath": "https://cdn0.woolworths.media/content/wowproductimages/large/313356.jpg", "hasCupPrice": true, "cupPrice": "$1.39 / 100G", "unit": "Each", "packageSize": "15 pack", "barcode": "9300617409144", "brand": "Cadbury"}, "w3158-9300617320319": {"store": "woolworths", "name": "Cadbury Dairy Milk Chocolate ", "price": 1, "oldPrice": 2, "category": "pantry", "imagePath": "https://cdn0.woolworths.media/content/wowproductimages/large/003158.jpg", "hasCupPrice": true, "cupPrice": "$1.82 / 100G", "unit": "Each", "packageSize": "55g roll", "barcode": "9300617320319", "brand": "Cadbury"}, "w320105-9300617042310": {"store": "woolworths", "name": "Cadbury Dairy Milk Chocolate ", "price": 1, "oldPrice": 2, "category": "pantry", "imagePath": "https://cdn0.woolworths.media/content/wowproductimages/large/320105.jpg", "hasCupPrice": true, "cupPrice": "$2.00 / 100G", "unit": "Each", "packageSize": "50g bar", "barcode": "9300617042310", "brand": "Cadbury"}, "w701666-9300617070146": {"store": "woolworths", "name": "Cadbury Dairy Milk Freddo Milky Top Bar", "price": 1, "oldPrice": 2, "category": "pantry", "imagePath": "https://cdn0.woolworths.media/content/wowproductimages/large/701666.jpg", "hasCupPrice": true, "cupPrice": "$2.22 / 100G", "unit": "Each", "packageSize": "45g", "barcode": "9300617070146", "brand": "Cadbury"}, "w829164-9300617042594": {"store": "woolworths", "name": "Cadbury Dairy Milk Freddo Frog Milky Top Sharepack", "price": 2.5, "oldPrice": 5, "category": "pantry", "imagePath": "https://cdn0.woolworths.media/content/wowproductimages/large/829164.jpg", "hasCupPrice": true, "cupPrice": "$1.39 / 100G", "unit": "Each", "packageSize": "15 pack", "barcode": "9300617042594", "brand": "Cadbury"}, "w829178-9300617042648": {"store": "woolworths", "name": "Cadbury Dairy Milk Freddo Frog Sharepack", "price": 2.5, "oldPrice": 5, "category": "pantry", "imagePath": "https://cdn0.woolworths.media/content/wowproductimages/large/829178.jpg", "hasCupPrice": true, "cupPrice": "$1.39 / 100G", "unit": "Each", "packageSize": "12 pack", "barcode": "9300617042648", "brand": "Cadbury"}, "w326628-9300617411031": {"store": "woolworths", "name": "Cadbury Dairy Milk Freddo Frog ", "price": 0.5, "oldPrice": 1, "category": "pantry", "imagePath": "https://cdn0.woolworths.media/content/wowproductimages/large/326628.jpg", "hasCupPrice": true, "cupPrice": "$1.43 / 100G", "unit": "Each", "packageSize": "35g", "barcode": "9300617411031", "brand": "Cadbury"}, "w91151-9300617287902": {"store": "woolworths", "name": "Cadbury Dairy Milk Freddo Strawberry Sharepack", "price": 2.5, "oldPrice": 5, "category": "pantry", "imagePath": "https://cdn0.woolworths.media/content/wowproductimages/large/091151.jpg", "hasCupPrice": true, "cupPrice": "$1.39 / 100G", "unit": "Each", "packageSize": "12 pack", "barcode": "9300617287902", "brand": "Cadbury"}, "w142709-9300617042266": {"store": "woolworths", "name": "Cadbury Dream White Chocolate White Chocolate", "price": 1, "oldPrice": 2, "category": "pantry", "imagePath": "https://cdn0.woolworths.media/content/wowproductimages/large/142709.jpg", "hasCupPrice": true, "cupPrice": "$2.00 / 100G", "unit": "Each", "packageSize": "50g bar", "barcode": "9300617042266", "brand": "Cadbury"}, "w98372-93617406": {"store": "woolworths", "name": "Cadbury Flake ", "price": 1, "oldPrice": 2, "category": "pantry", "imagePath": "https://cdn0.woolworths.media/content/wowproductimages/large/098372.jpg", "hasCupPrice": true, "cupPrice": "$3.33 / 100G", "unit": "Each", "packageSize": "30g bar", "barcode": "93617406", "brand": "Cadbury"}, "w304748-9300617433163": {"store": "woolworths", "name": "Cadbury Flake Sharepack", "price": 2.5, "oldPrice": 5, "category": "pantry", "imagePath": "https://cdn0.woolworths.media/content/wowproductimages/large/304748.jpg", "hasCupPrice": true, "cupPrice": "$1.49 / 100G", "unit": "Each", "packageSize": "12pk 168g", "barcode": "9300617433163", "brand": "Cadbury"}, "w194882-9300617341161": {"store": "woolworths", "name": "Cadbury Fry's Turkish Delight Sharepack", "price": 2.5, "oldPrice": 5, "category": "pantry", "imagePath": "https://cdn0.woolworths.media/content/wowproductimages/large/194882.jpg", "hasCupPrice": true, "cupPrice": "$1.39 / 100G", "unit": "Each", "packageSize": "12 pack", "barcode": "9300617341161", "brand": "Cadbury"}, "w98390-9300617320289": {"store": "woolworths", "name": "Cadbury Fry's Turkish Delight ", "price": 1, "oldPrice": 2, "category": "pantry", "imagePath": "https://cdn0.woolworths.media/content/wowproductimages/large/098390.jpg", "hasCupPrice": true, "cupPrice": "$1.82 / 100G", "unit": "Each", "packageSize": "55g bar", "barcode": "9300617320289", "brand": "Cadbury"}, "w840556-9300617044901": {"store": "woolworths", "name": "Cadbury Giant Caramello Koala ", "price": 0.5, "oldPrice": 1, "category": "pantry", "imagePath": "https://cdn0.woolworths.media/content/wowproductimages/large/840556.jpg", "hasCupPrice": true, "cupPrice": "$1.43 / 100G", "unit": "Each", "packageSize": "35g", "barcode": "9300617044901", "brand": "Cadbury"}, "w813896-9300617065920": {"store": "woolworths", "name": "Cadbury Old Gold Dark Chocolate 70% Cocoa", "price": 2.5, "oldPrice": 5, "category": "pantry", "imagePath": "https://cdn0.woolworths.media/content/wowproductimages/large/813896.jpg", "hasCupPrice": true, "cupPrice": "$1.39 / 100G", "unit": "Each", "packageSize": "180g", "barcode": "9300617065920", "brand": "Cadbury"}, "w813898-9300617065975": {"store": "woolworths", "name": "Cadbury Old Gold Dark Chocolate Original", "price": 2.5, "oldPrice": 5, "category": "pantry", "imagePath": "https://cdn0.woolworths.media/content/wowproductimages/large/813898.jpg", "hasCupPrice": true, "cupPrice": "$1.39 / 100G", "unit": "Each", "packageSize": "180g", "barcode": "9300617065975", "brand": "Cadbury"}, "w817370-9300617066026": {"store": "woolworths", "name": "Cadbury Old Gold Dark Chocolate Peppermint", "price": 2.5, "oldPrice": 5, "category": "pantry", "imagePath": "https://cdn0.woolworths.media/content/wowproductimages/large/817370.jpg", "hasCupPrice": true, "cupPrice": "$1.39 / 100G", "unit": "Each", "packageSize": "180g", "barcode": "9300617066026", "brand": "Cadbury"}, "w813897-9300617066071": {"store": "woolworths", "name": "Cadbury Old Gold Dark Chocolate Roast Almond", "price": 2.5, "oldPrice": 5, "category": "pantry", "imagePath": "https://cdn0.woolworths.media/content/wowproductimages/large/813897.jpg", "hasCupPrice": true, "cupPrice": "$1.39 / 100G", "unit": "Each", "packageSize": "180g", "barcode": "9300617066071", "brand": "Cadbury"}, "w813895-9300617065876": {"store": "woolworths", "name": "Cadbury Old Gold Dark Chocolate Old Jamaica Rum 'n' Raisin", "price": 2.5, "oldPrice": 5, "category": "pantry", "imagePath": "https://cdn0.woolworths.media/content/wowproductimages/large/813895.jpg", "hasCupPrice": true, "cupPrice": "$1.39 / 100G", "unit": "Each", "packageSize": "180g", "barcode": "9300617065876", "brand": "Cadbury"}, "w65271-9300617067160": {"store": "woolworths", "name": "Cadbury Peppermint Bar ", "price": 1, "oldPrice": 2, "category": "pantry", "imagePath": "https://cdn0.woolworths.media/content/wowproductimages/large/065271.jpg", "hasCupPrice": true, "cupPrice": "$1.82 / 100G", "unit": "Each", "packageSize": "55g", "barcode": "9300617067160", "brand": "Cadbury"}, "w320106-9300617408642": {"store": "woolworths", "name": "Cadbury Picnic ", "price": 1, "oldPrice": 2, "category": "pantry", "imagePath": "https://cdn0.woolworths.media/content/wowproductimages/large/320106.jpg", "hasCupPrice": true, "cupPrice": "$2.17 / 100G", "unit": "Each", "packageSize": "46g bar", "barcode": "9300617408642", "brand": "Cadbury"}, "w829163-9300617042570": {"store": "woolworths", "name": "Cadbury Picnic Sharepack", "price": 2.5, "oldPrice": 5, "category": "pantry", "imagePath": "https://cdn0.woolworths.media/content/wowproductimages/large/829163.jpg", "hasCupPrice": true, "cupPrice": "$1.39 / 100G", "unit": "Each", "packageSize": "12pk 180g", "barcode": "9300617042570", "brand": "Cadbury"}, "w87855-9300617325079": {"store": "woolworths", "name": "Cadbury Time Out ", "price": 1, "oldPrice": 2, "category": "pantry", "imagePath": "https://cdn0.woolworths.media/content/wowproductimages/large/087855.jpg", "hasCupPrice": true, "cupPrice": "$2.50 / 100G", "unit": "Each", "packageSize": "40g bar", "barcode": "9300617325079", "brand": "Cadbury"}, "w320104-9300617408710": {"store": "woolworths", "name": "Cadbury Twirl ", "price": 1, "oldPrice": 2, "category": "pantry", "imagePath": "https://cdn0.woolworths.media/content/wowproductimages/large/320104.jpg", "hasCupPrice": true, "cupPrice": "$2.56 / 100G", "unit": "Each", "packageSize": "39g bar", "barcode": "9300617408710", "brand": "Cadbury"}, "w829166-9300617042631": {"store": "woolworths", "name": "Cadbury Twirl Sharepack", "price": 2.5, "oldPrice": 5, "category": "pantry", "imagePath": "https://cdn0.woolworths.media/content/wowproductimages/large/829166.jpg", "hasCupPrice": true, "cupPrice": "$1.49 / 100G", "unit": "Each", "packageSize": "12pk 168g", "barcode": "9300617042631", "brand": "Cadbury"}, "w65270-9300617288084": {"store": "woolworths", "name": "Cadbury Twirl Caramilk ", "price": 1, "oldPrice": 2, "category": "pantry", "imagePath": "https://cdn0.woolworths.media/content/wowproductimages/large/065270.jpg", "hasCupPrice": true, "cupPrice": "$2.56 / 100G", "unit": "Each", "packageSize": "39g", "barcode": "9300617288084", "brand": "Cadbury"}, "w83127-7622300878559": {"store": "woolworths", "name": "Captain's Table Pita Crackers Classic ", "price": 1.75, "oldPrice": 3.5, "category": "pantry", "imagePath": "https://cdn0.woolworths.media/content/wowproductimages/large/083127.jpg", "hasCupPrice": true, "cupPrice": "$1.75 / 100G", "unit": "Each", "packageSize": "100g", "barcode": "7622300878559", "brand": "Captain's Table"}, "w81691-7622300878665": {"store": "woolworths", "name": "Captain's Table Pita Crackers Grana Padano Cheese", "price": 1.75, "oldPrice": 3.5, "category": "pantry", "imagePath": "https://cdn0.woolworths.media/content/wowproductimages/large/081691.jpg", "hasCupPrice": true, "cupPrice": "$1.75 / 100G", "unit": "Each", "packageSize": "100g", "barcode": "7622300878665", "brand": "Captain's Table"}, "w83116-7622300878689": {"store": "woolworths", "name": "Captain's Table Pita Crackers Herbs De Provence", "price": 1.75, "oldPrice": 3.5, "category": "pantry", "imagePath": "https://cdn0.woolworths.media/content/wowproductimages/large/083116.jpg", "hasCupPrice": true, "cupPrice": "$1.75 / 100G", "unit": "Each", "packageSize": "100g", "barcode": "7622300878689", "brand": "Captain's Table"}, "w855545-9310015246890": {"store": "woolworths", "name": "Doritos Crackers Meat Lovers Pizza", "price": 1.75, "oldPrice": 3.5, "category": "pantry", "imagePath": "https://cdn0.woolworths.media/content/wowproductimages/large/855545.jpg", "hasCupPrice": true, "cupPrice": "$1.09 / 100G", "unit": "Each", "packageSize": "160g", "barcode": "9310015246890", "brand": "Doritos"}, "w683682-9310015243042": {"store": "woolworths", "name": "Doritos Crackers Cheese Supreme ", "price": 1.75, "oldPrice": 3.5, "category": "pantry", "imagePath": "https://cdn0.woolworths.media/content/wowproductimages/large/683682.jpg", "hasCupPrice": true, "cupPrice": "$1.09 / 100G", "unit": "Each", "packageSize": "160g", "barcode": "9310015243042", "brand": "Doritos"}, "w84342-9310015249143": {"store": "woolworths", "name": "Doritos Crackers Garlic Bread ", "price": 1.75, "oldPrice": 3.5, "category": "pantry", "imagePath": "https://cdn0.woolworths.media/content/wowproductimages/large/084342.jpg", "hasCupPrice": true, "cupPrice": "$1.09 / 100G", "unit": "Each", "packageSize": "160g", "barcode": "9310015249143", "brand": "Doritos"}, "w84297-9310015249136": {"store": "woolworths", "name": "Doritos Crackers Nacho Cheese ", "price": 1.75, "oldPrice": 3.5, "category": "pantry", "imagePath": "https://cdn0.woolworths.media/content/wowproductimages/large/084297.jpg", "hasCupPrice": true, "cupPrice": "$1.09 / 100G", "unit": "Each", "packageSize": "160g", "barcode": "9310015249136", "brand": "Doritos"}, "w320102-9300617408963": {"store": "woolworths", "name": "Europe Nougat Honey Log ", "price": 1, "oldPrice": 2, "category": "pantry", "imagePath": "https://cdn0.woolworths.media/content/wowproductimages/large/320102.jpg", "hasCupPrice": true, "cupPrice": "$2.50 / 100G", "unit": "Each", "packageSize": "40g bar", "barcode": "9300617408963", "brand": "Europe"}, "w320103-9300617408802": {"store": "woolworths", "name": "Europe Summer Roll ", "price": 1, "oldPrice": 2, "category": "pantry", "imagePath": "https://cdn0.woolworths.media/content/wowproductimages/large/320103.jpg", "hasCupPrice": true, "cupPrice": "$2.50 / 100G", "unit": "Each", "packageSize": "40g bar", "barcode": "9300617408802", "brand": "Europe"}, "w37827-80050278": {"store": "woolworths", "name": "Ferrero Rocher ", "price": 1, "oldPrice": 2, "category": "pantry", "imagePath": "https://cdn0.woolworths.media/content/wowproductimages/large/037827.jpg", "hasCupPrice": true, "cupPrice": "$2.67 / 100G", "unit": "Each", "packageSize": "3 pack", "barcode": "80050278", "brand": "Ferrero"}, "w8896-8000500003787": {"store": "woolworths", "name": "Ferrero Rocher Chocolates ", "price": 6.3, "oldPrice": 12.6, "category": "pantry", "imagePath": "https://cdn0.woolworths.media/content/wowproductimages/large/008896.jpg", "hasCupPrice": true, "cupPrice": "$3.15 / 100G", "unit": "Each", "packageSize": "16 pack", "barcode": "8000500003787", "brand": "Ferrero"}, "w74844-5060201623496": {"store": "woolworths", "name": "Fuel10k Protein Liquid Breakfast Drink Chocolate", "price": 1.75, "oldPrice": 3.5, "category": "pantry", "imagePath": "https://cdn0.woolworths.media/content/wowproductimages/large/074844.jpg", "hasCupPrice": true, "cupPrice": "$5.30 / 1L", "unit": "Each", "packageSize": "330ml", "barcode": "5060201623496", "brand": "Fuel10k"}, "w74842-5060201623571": {"store": "woolworths", "name": "Fuel10k Protein Liquid Breakfast Drink Strawberry", "price": 1.75, "oldPrice": 3.5, "category": "pantry", "imagePath": "https://cdn0.woolworths.media/content/wowproductimages/large/074842.jpg", "hasCupPrice": true, "cupPrice": "$5.30 / 1L", "unit": "Each", "packageSize": "330ml", "barcode": "5060201623571", "brand": "Fuel10k"}, "w74820-5060201623618": {"store": "woolworths", "name": "Fuel10k Protein Liquid Breakfast Drink Vanilla", "price": 1.75, "oldPrice": 3.5, "category": "pantry", "imagePath": "https://cdn0.woolworths.media/content/wowproductimages/large/074820.jpg", "hasCupPrice": true, "cupPrice": "$5.30 / 1L", "unit": "Each", "packageSize": "330ml", "barcode": "5060201623618", "brand": "Fuel10k"}, "w63504-9310846500024": {"store": "woolworths", "name": "Go Natural Probiotic Chips Bbq ", "price": 2.5, "oldPrice": 5, "category": "pantry", "imagePath": "https://cdn0.woolworths.media/content/wowproductimages/large/063504.jpg", "hasCupPrice": true, "cupPrice": "$2.50 / 100G", "unit": "Each", "packageSize": "100g", "barcode": "9310846500024", "brand": "Go Natural"}, "w63574-9310846500031": {"store": "woolworths", "name": "Go Natural Probiotic Chips Chilli Lime ", "price": 2.5, "oldPrice": 5, "category": "pantry", "imagePath": "https://cdn0.woolworths.media/content/wowproductimages/large/063574.jpg", "hasCupPrice": true, "cupPrice": "$2.50 / 100G", "unit": "Each", "packageSize": "100g", "barcode": "9310846500031", "brand": "Go Natural"}, "w63505-9310846500048": {"store": "woolworths", "name": "Go Natural Probiotic Chips Salt Vinegar ", "price": 2.5, "oldPrice": 5, "category": "pantry", "imagePath": "https://cdn0.woolworths.media/content/wowproductimages/large/063505.jpg", "hasCupPrice": true, "cupPrice": "$2.50 / 100G", "unit": "Each", "packageSize": "100g", "barcode": "9310846500048", "brand": "Go Natural"}, "w53375-9300617074755": {"store": "woolworths", "name": "Green & Black's Dark Chocolate Crisps Raisin & Hazelnuts", "price": 2.75, "oldPrice": 5.5, "category": "pantry", "imagePath": "https://cdn0.woolworths.media/content/wowproductimages/large/053375.jpg", "hasCupPrice": true, "cupPrice": "$2.29 / 100G", "unit": "Each", "packageSize": "120g", "barcode": "9300617074755", "brand": "Green & Black's"}, "w53378-9300617074731": {"store": "woolworths", "name": "Green & Black's Dark Chocolate Crisps Slated Caramel & Almonds", "price": 2.75, "oldPrice": 5.5, "category": "pantry", "imagePath": "https://cdn0.woolworths.media/content/wowproductimages/large/053378.jpg", "hasCupPrice": true, "cupPrice": "$2.29 / 100G", "unit": "Each", "packageSize": "120g", "barcode": "9300617074731", "brand": "Green & Black's"}, "w21568-9300657008369": {"store": "woolworths", "name": "Greenseas Tuna Chunk In Olive Oil", "price": 1, "oldPrice": 2, "category": "pantry", "imagePath": "https://cdn0.woolworths.media/content/wowproductimages/large/021568.jpg", "hasCupPrice": true, "cupPrice": "$10.53 / 1KG", "unit": "Each", "packageSize": "95g", "barcode": "9300657008369", "brand": "Greenseas"}, "w37250-9300657008444": {"store": "woolworths", "name": "Greenseas Tuna Chunk In Spring Water", "price": 1, "oldPrice": 2, "category": "pantry", "imagePath": "https://cdn0.woolworths.media/content/wowproductimages/large/037250.jpg", "hasCupPrice": true, "cupPrice": "$10.53 / 1KG", "unit": "Each", "packageSize": "95g", "barcode": "9300657008444", "brand": "Greenseas"}, "w32153-93657341": {"store": "woolworths", "name": "Greenseas Tuna Chunks In Brine", "price": 1, "oldPrice": 2, "category": "pantry", "imagePath": "https://cdn0.woolworths.media/content/wowproductimages/large/032153.jpg", "hasCupPrice": true, "cupPrice": "$10.53 / 1KG", "unit": "Each", "packageSize": "95g", "barcode": "93657341", "brand": "Greenseas"}, "w7733-93305143": {"store": "woolworths", "name": "Greenseas Tuna Lemon Pepper", "price": 1, "oldPrice": 2, "category": "pantry", "imagePath": "https://cdn0.woolworths.media/content/wowproductimages/large/007733.jpg", "hasCupPrice": true, "cupPrice": "$10.53 / 1KG", "unit": "Each", "packageSize": "95g", "barcode": "93305143", "brand": "Greenseas"}, "w7707-93305150": {"store": "woolworths", "name": "Greenseas Tuna Natural Smoked Flavour", "price": 1, "oldPrice": 2, "category": "pantry", "imagePath": "https://cdn0.woolworths.media/content/wowproductimages/large/007707.jpg", "hasCupPrice": true, "cupPrice": "$10.53 / 1KG", "unit": "Each", "packageSize": "95g", "barcode": "93305150", "brand": "Greenseas"}, "w21569-93657686": {"store": "woolworths", "name": "Greenseas Tuna Sandwich Flakes", "price": 1, "oldPrice": 2, "category": "pantry", "imagePath": "https://cdn0.woolworths.media/content/wowproductimages/large/021569.jpg", "hasCupPrice": true, "cupPrice": "$10.53 / 1KG", "unit": "Each", "packageSize": "95g", "barcode": "93657686", "brand": "Greenseas"}, "w185814-9300657029357": {"store": "woolworths", "name": "Greenseas Tuna Spicy Chilli", "price": 1, "oldPrice": 2, "category": "pantry", "imagePath": "https://cdn0.woolworths.media/content/wowproductimages/large/185814.jpg", "hasCupPrice": true, "cupPrice": "$10.53 / 1KG", "unit": "Each", "packageSize": "95g", "barcode": "9300657029357", "brand": "Greenseas"}, "w185815-9300657029364": {"store": "woolworths", "name": "Greenseas Tuna Sundried Tomato & Onion", "price": 1, "oldPrice": 2, "category": "pantry", "imagePath": "https://cdn0.woolworths.media/content/wowproductimages/large/185815.jpg", "hasCupPrice": true, "cupPrice": "$10.53 / 1KG", "unit": "Each", "packageSize": "95g", "barcode": "9300657029364", "brand": "Greenseas"}, "w85719-93430906": {"store": "woolworths", "name": "Greenseas Tuna Sweet Chilli", "price": 1, "oldPrice": 2, "category": "pantry", "imagePath": "https://cdn0.woolworths.media/content/wowproductimages/large/085719.jpg", "hasCupPrice": true, "cupPrice": "$10.53 / 1KG", "unit": "Each", "packageSize": "95g", "barcode": "93430906", "brand": "Greenseas"}, "w7648-93305174": {"store": "woolworths", "name": "Greenseas Tuna Tomato & Onion", "price": 1, "oldPrice": 2, "category": "pantry", "imagePath": "https://cdn0.woolworths.media/content/wowproductimages/large/007648.jpg", "hasCupPrice": true, "cupPrice": "$10.53 / 1KG", "unit": "Each", "packageSize": "95g", "barcode": "93305174", "brand": "Greenseas"}, "w55718-9310055103887": {"store": "woolworths", "name": "Kellogg's Nutri-grain Nuts & Bolts Smoky Bbq Trail Mix", "price": 2, "oldPrice": 4, "category": "pantry", "imagePath": "https://cdn0.woolworths.media/content/wowproductimages/large/055718.jpg", "hasCupPrice": true, "cupPrice": "$16.67 / 1KG", "unit": "Each", "packageSize": "120g", "barcode": "9310055103887", "brand": "Kellogg's"}, "w55679-9310055103870": {"store": "woolworths", "name": "Kellogg's Nutri-grain Nuts & Bolts Spice Trail Mix", "price": 2, "oldPrice": 4, "category": "pantry", "imagePath": "https://cdn0.woolworths.media/content/wowproductimages/large/055679.jpg", "hasCupPrice": true, "cupPrice": "$16.67 / 1KG", "unit": "Each", "packageSize": "120g", "barcode": "9310055103870", "brand": "Kellogg's"}, "w66527-80052760": {"store": "woolworths", "name": "Kinder Bueno Chocolate ", "price": 1, "oldPrice": 2, "category": "pantry", "imagePath": "https://cdn0.woolworths.media/content/wowproductimages/large/066527.jpg", "hasCupPrice": true, "cupPrice": "$2.33 / 100G", "unit": "Each", "packageSize": "43g bar", "barcode": "80052760", "brand": "Kinder"}, "w532344-93698108": {"store": "woolworths", "name": "Kinder Bueno White ", "price": 1, "oldPrice": 2, "category": "pantry", "imagePath": "https://cdn0.woolworths.media/content/wowproductimages/large/532344.jpg", "hasCupPrice": true, "cupPrice": "$2.56 / 100G", "unit": "Each", "packageSize": "39g", "barcode": "93698108", "brand": "Kinder"}, "w253845-80050094": {"store": "woolworths", "name": "Kinder Chocolate Maxi T1", "price": 0.5, "oldPrice": 1, "category": "pantry", "imagePath": "https://cdn0.woolworths.media/content/wowproductimages/large/253845.jpg", "hasCupPrice": true, "cupPrice": "$1.39 / 100G", "unit": "Each", "packageSize": "21g", "barcode": "80050094", "brand": "Kinder"}, "w98376-93600057": {"store": "woolworths", "name": "Kit Kat Original Bar", "price": 1, "oldPrice": 2, "category": "pantry", "imagePath": "https://cdn0.woolworths.media/content/wowproductimages/large/098376.jpg", "hasCupPrice": true, "cupPrice": "$2.22 / 100G", "unit": "Each", "packageSize": "45g", "barcode": "93600057", "brand": "Kit Kat"}, "w826112-9300605094697": {"store": "woolworths", "name": "Kitkat Chunky Bar", "price": 1, "oldPrice": 2, "category": "pantry", "imagePath": "https://cdn0.woolworths.media/content/wowproductimages/large/826112.jpg", "hasCupPrice": true, "cupPrice": "$2.00 / 100G", "unit": "Each", "packageSize": "50g", "barcode": "9300605094697", "brand": "Kitkat"}, "w727182-9300605122994": {"store": "woolworths", "name": "Kitkat Gold Bar ", "price": 1, "oldPrice": 2, "category": "pantry", "imagePath": "https://cdn0.woolworths.media/content/wowproductimages/large/727182.jpg", "hasCupPrice": true, "cupPrice": "$2.22 / 100G", "unit": "Each", "packageSize": "45g", "barcode": "9300605122994", "brand": "Kitkat"}, "w551867-8000070081017": {"store": "woolworths", "name": "Lavazza Deciso Coffee Capsules ", "price": 3, "oldPrice": 6, "category": "drinks", "imagePath": "https://cdn0.woolworths.media/content/wowproductimages/large/551867.jpg", "hasCupPrice": true, "cupPrice": "$0.30 / 1EA", "unit": "Each", "packageSize": "10 pack", "barcode": "8000070081017", "brand": "Lavazza"}, "w28344-8000070022836": {"store": "woolworths", "name": "Lavazza Ristretto Capsules Intensita 11", "price": 3, "oldPrice": 6, "category": "drinks", "imagePath": "https://cdn0.woolworths.media/content/wowproductimages/large/028344.jpg", "hasCupPrice": true, "cupPrice": "$0.30 / 1EA", "unit": "Each", "packageSize": "10 pack", "barcode": "8000070022836", "brand": "Lavazza"}, "w692537-8000070010680": {"store": "woolworths", "name": "Lavazza Vigoroso Coffee Capsules ", "price": 3, "oldPrice": 6, "category": "drinks", "imagePath": "https://cdn0.woolworths.media/content/wowproductimages/large/692537.jpg", "hasCupPrice": true, "cupPrice": "$0.30 / 1EA", "unit": "Each", "packageSize": "10 pack", "barcode": "8000070010680", "brand": "Lavazza"}, "w579-40000000396": {"store": "woolworths", "name": "M&m's Mini's Chocolate Tube", "price": 1, "oldPrice": 2, "category": "pantry", "imagePath": "https://cdn0.woolworths.media/content/wowproductimages/large/000579.jpg", "hasCupPrice": true, "cupPrice": "$2.86 / 100G", "unit": "Each", "packageSize": "35g", "barcode": "40000000396", "brand": "M&m's"}, "w90681-9300682057257": {"store": "woolworths", "name": "Mars Caramel Sundae Chocolate Bar ", "price": 1, "oldPrice": 2, "category": "pantry", "imagePath": "https://cdn0.woolworths.media/content/wowproductimages/large/090681.jpg", "hasCupPrice": true, "cupPrice": "$2.20 / 100G", "unit": "Each", "packageSize": "45.5g", "barcode": "9300682057257", "brand": "Mars"}, "w98378-93682459": {"store": "woolworths", "name": "Mars Chocolate Bar", "price": 1, "oldPrice": 2, "category": "pantry", "imagePath": "https://cdn0.woolworths.media/content/wowproductimages/large/098378.jpg", "hasCupPrice": true, "cupPrice": "$1.89 / 100G", "unit": "Each", "packageSize": "53g", "barcode": "93682459", "brand": "Mars"}, "w893090-9300682046480": {"store": "woolworths", "name": "Milky Way Chocolate Bar ", "price": 1, "oldPrice": 2, "category": "pantry", "imagePath": "https://cdn0.woolworths.media/content/wowproductimages/large/893090.jpg", "hasCupPrice": true, "cupPrice": "$1.89 / 100G", "unit": "Each", "packageSize": "53g", "barcode": "9300682046480", "brand": "Milky Way"}, "w330355-9300605065024": {"store": "woolworths", "name": "Nestle Aero Peppermint", "price": 1, "oldPrice": 2, "category": "pantry", "imagePath": "https://cdn0.woolworths.media/content/wowproductimages/large/330355.jpg", "hasCupPrice": true, "cupPrice": "$2.50 / 100G", "unit": "Each", "packageSize": "40g bar", "barcode": "9300605065024", "brand": "Nestle"}, "w345592-9300605054486": {"store": "woolworths", "name": "Nestle Chokito ", "price": 1, "oldPrice": 2, "category": "pantry", "imagePath": "https://cdn0.woolworths.media/content/wowproductimages/large/345592.jpg", "hasCupPrice": true, "cupPrice": "$1.82 / 100G", "unit": "Each", "packageSize": "55g bar", "barcode": "9300605054486", "brand": "Nestle"}, "w855539-9300605126244": {"store": "woolworths", "name": "Nestle Kit Kat Chunky Cookie Dough Chocolate", "price": 1, "oldPrice": 2, "category": "pantry", "imagePath": "https://cdn0.woolworths.media/content/wowproductimages/large/855539.jpg", "hasCupPrice": true, "cupPrice": "$1.92 / 100G", "unit": "Each", "packageSize": "52g", "barcode": "9300605126244", "brand": "Nestle"}, "w76623-9300605129702": {"store": "woolworths", "name": "Nestle Kit Kat Gooey Caramel ", "price": 1, "oldPrice": 2, "category": "pantry", "imagePath": "https://cdn0.woolworths.media/content/wowproductimages/large/076623.jpg", "hasCupPrice": true, "cupPrice": "$2.22 / 100G", "unit": "Each", "packageSize": "45g", "barcode": "9300605129702", "brand": "Nestle"}, "w76621-9300605129696": {"store": "woolworths", "name": "Nestle Kit Kat Mint Cookie Fudge ", "price": 1, "oldPrice": 2, "category": "pantry", "imagePath": "https://cdn0.woolworths.media/content/wowproductimages/large/076621.jpg", "hasCupPrice": true, "cupPrice": "$2.22 / 100G", "unit": "Each", "packageSize": "45g", "barcode": "9300605129696", "brand": "Nestle"}, "w76613-9300605129269": {"store": "woolworths", "name": "Nestle Kitkat Double Cookies & Cream ", "price": 1, "oldPrice": 2, "category": "pantry", "imagePath": "https://cdn0.woolworths.media/content/wowproductimages/large/076613.jpg", "hasCupPrice": true, "cupPrice": "$2.22 / 100G", "unit": "Each", "packageSize": "45g", "barcode": "9300605129269", "brand": "Nestle"}, "w93539-9300605228764": {"store": "woolworths", "name": "Nestle Milkybar ", "price": 1, "oldPrice": 2, "category": "pantry", "imagePath": "https://cdn0.woolworths.media/content/wowproductimages/large/093539.jpg", "hasCupPrice": true, "cupPrice": "$2.00 / 100G", "unit": "Each", "packageSize": "50g bar", "barcode": "9300605228764", "brand": "Nestle"}, "w98869-93600101": {"store": "woolworths", "name": "Nestle Peppermint Crisp ", "price": 1, "oldPrice": 2, "category": "pantry", "imagePath": "https://cdn0.woolworths.media/content/wowproductimages/large/098869.jpg", "hasCupPrice": true, "cupPrice": "$2.86 / 100G", "unit": "Each", "packageSize": "35g bar", "barcode": "93600101", "brand": "Nestle"}, "w98471-9300600005322": {"store": "woolworths", "name": "Nestle Smarties ", "price": 1, "oldPrice": 2, "category": "pantry", "imagePath": "https://cdn0.woolworths.media/content/wowproductimages/large/098471.jpg", "hasCupPrice": true, "cupPrice": "$2.00 / 100G", "unit": "Each", "packageSize": "50g box", "barcode": "9300600005322", "brand": "Nestle"}, "w869235-93698535": {"store": "woolworths", "name": "Nutella & Go Hazelnut Spread With Breadsticks", "price": 1, "oldPrice": 2.5, "category": "pantry", "imagePath": "https://cdn0.woolworths.media/content/wowproductimages/large/869235.jpg", "hasCupPrice": true, "cupPrice": "$2.08 / 100G", "unit": "Each", "packageSize": "48g", "barcode": "93698535", "brand": "Nutella"}, "w72998-9300650450592": {"store": "woolworths", "name": "Oreo Family Pack Chocolate ", "price": 2.25, "oldPrice": 4.5, "category": "pantry", "imagePath": "https://cdn0.woolworths.media/content/wowproductimages/large/072998.jpg", "hasCupPrice": true, "cupPrice": "$6.69 / 1100G", "unit": "Each", "packageSize": "370g", "barcode": "9300650450592", "brand": "Oreo"}, "w73032-9300650430440": {"store": "woolworths", "name": "Oreo Family Pack Original ", "price": 2.25, "oldPrice": 4.5, "category": "pantry", "imagePath": "https://cdn0.woolworths.media/content/wowproductimages/large/073032.jpg", "hasCupPrice": true, "cupPrice": "$0.61 / 100G", "unit": "Each", "packageSize": "370g", "barcode": "9300650430440", "brand": "Oreo"}, "w21454-9300617075592": {"store": "woolworths", "name": "Pascall Choc Mallows Bites Vanilla ", "price": 2, "oldPrice": 4, "category": "pantry", "imagePath": "https://cdn0.woolworths.media/content/wowproductimages/large/021454.jpg", "hasCupPrice": true, "cupPrice": "$1.25 / 100G", "unit": "Each", "packageSize": "160g", "barcode": "9300617075592", "brand": "Pascall"}, "w828997-9300617042990": {"store": "woolworths", "name": "Pascall Jubes ", "price": 2, "oldPrice": 4, "category": "pantry", "imagePath": "https://cdn0.woolworths.media/content/wowproductimages/large/828997.jpg", "hasCupPrice": true, "cupPrice": "$0.57 / 100G", "unit": "Each", "packageSize": "350g bag", "barcode": "9300617042990", "brand": "Pascall"}, "w828996-9300617042976": {"store": "woolworths", "name": "Pascall Marshmallows Vanilla Raspberry", "price": 2, "oldPrice": 4, "category": "pantry", "imagePath": "https://cdn0.woolworths.media/content/wowproductimages/large/828996.jpg", "hasCupPrice": true, "cupPrice": "$0.71 / 100G", "unit": "Each", "packageSize": "280g bag", "barcode": "9300617042976", "brand": "Pascall"}, "w828969-9400550005226": {"store": "woolworths", "name": "Pascall Pineapple Lumps ", "price": 2, "oldPrice": 4, "category": "pantry", "imagePath": "https://cdn0.woolworths.media/content/wowproductimages/large/828969.jpg", "hasCupPrice": true, "cupPrice": "$1.08 / 100G", "unit": "Each", "packageSize": "185g bag", "barcode": "9400550005226", "brand": "Pascall"}, "w56698-9312231338168": {"store": "woolworths", "name": "Pureharvest Rice Malt Syrup ", "price": 1.9, "oldPrice": 3.8, "category": "pantry", "imagePath": "https://cdn0.woolworths.media/content/wowproductimages/large/056698.jpg", "hasCupPrice": true, "cupPrice": "$0.38 / 100G", "unit": "Each", "packageSize": "500g", "barcode": "9312231338168", "brand": "Pureharvest"}, "w4779-80052487": {"store": "woolworths", "name": "Raffaello Raffaello ", "price": 1, "oldPrice": 2, "category": "pantry", "imagePath": "https://cdn0.woolworths.media/content/wowproductimages/large/004779.jpg", "hasCupPrice": true, "cupPrice": "$3.33 / 100G", "unit": "Each", "packageSize": "3 pack", "barcode": "80052487", "brand": "Raffaello"}, "w313153-9325121003770": {"store": "woolworths", "name": "Robert Timms Premium Espresso Granulated Coffee", "price": 4, "oldPrice": 8, "category": "drinks", "imagePath": "https://cdn0.woolworths.media/content/wowproductimages/large/313153.jpg", "hasCupPrice": true, "cupPrice": "$2.00 / 100G", "unit": "Each", "packageSize": "200g", "barcode": "9325121003770", "brand": "Robert Timms"}, "w248699-9325121003305": {"store": "woolworths", "name": "Robert Timms Premium Full-bodied Granulated Coffee", "price": 4, "oldPrice": 8, "category": "drinks", "imagePath": "https://cdn0.woolworths.media/content/wowproductimages/large/248699.jpg", "hasCupPrice": true, "cupPrice": "$2.00 / 100G", "unit": "Each", "packageSize": "200g", "barcode": "9325121003305", "brand": "Robert Timms"}, "w785455-9300682052825": {"store": "woolworths", "name": "Snickers Chocolate Bar", "price": 1, "oldPrice": 2, "category": "pantry", "imagePath": "https://cdn0.woolworths.media/content/wowproductimages/large/785455.jpg", "hasCupPrice": true, "cupPrice": "$2.00 / 100G", "unit": "Each", "packageSize": "50g", "barcode": "9300682052825", "brand": "Snickers"}, "w87796-4607065738624": {"store": "woolworths", "name": "Snickers Crisper Chocolate Bar ", "price": 1, "oldPrice": 2, "category": "pantry", "imagePath": "https://cdn0.woolworths.media/content/wowproductimages/large/087796.jpg", "hasCupPrice": true, "cupPrice": "$2.50 / 100G", "unit": "Each", "packageSize": "40g", "barcode": "4607065738624", "brand": "Snickers"}, "w73688-9310434005054": {"store": "woolworths", "name": "Sour Patch Kids Cola ", "price": 2, "oldPrice": 4, "category": "pantry", "imagePath": "https://cdn0.woolworths.media/content/wowproductimages/large/073688.jpg", "hasCupPrice": true, "cupPrice": "$0.91 / 100G", "unit": "Each", "packageSize": "220g", "barcode": "9310434005054", "brand": "Sour Patch"}, "w73689-9310434005016": {"store": "woolworths", "name": "Sour Patch Kids Mega Duo's ", "price": 2, "oldPrice": 4, "category": "pantry", "imagePath": "https://cdn0.woolworths.media/content/wowproductimages/large/073689.jpg", "hasCupPrice": true, "cupPrice": "$0.91 / 100G", "unit": "Each", "packageSize": "220g", "barcode": "9310434005016", "brand": "Sour Patch"}, "w855572-9310015247279": {"store": "woolworths", "name": "Sunbites Snack Crackers With Quinoa Cheddar & Chives", "price": 1.5, "oldPrice": 3, "category": "pantry", "imagePath": "https://cdn0.woolworths.media/content/wowproductimages/large/855572.jpg", "hasCupPrice": true, "cupPrice": "$1.36 / 100G", "unit": "Each", "packageSize": "110g", "barcode": "9310015247279", "brand": "Sunbites"}, "w855581-9310015247286": {"store": "woolworths", "name": "Sunbites Snack Crackers With Quinoa Onion & Balsamic Vinegar", "price": 1.5, "oldPrice": 3, "category": "pantry", "imagePath": "https://cdn0.woolworths.media/content/wowproductimages/large/855581.jpg", "hasCupPrice": true, "cupPrice": "$1.36 / 100G", "unit": "Each", "packageSize": "110g", "barcode": "9310015247286", "brand": "Sunbites"}, "w855571-9310015247262": {"store": "woolworths", "name": "Sunbites Snack Crackers With Quinoa Sea Salt", "price": 1.5, "oldPrice": 3, "category": "pantry", "imagePath": "https://cdn0.woolworths.media/content/wowproductimages/large/855571.jpg", "hasCupPrice": true, "cupPrice": "$1.43 / 100G", "unit": "Each", "packageSize": "105g", "barcode": "9310015247262", "brand": "Sunbites"}, "w828981-9310434001582": {"store": "woolworths", "name": "The Natural Confectionery Co. Berry Bliss ", "price": 2, "oldPrice": 4, "category": "pantry", "imagePath": "https://cdn0.woolworths.media/content/wowproductimages/large/828981.jpg", "hasCupPrice": true, "cupPrice": "$1.00 / 100G", "unit": "Each", "packageSize": "200g bag", "barcode": "9310434001582", "brand": "The Natural Confectionery Co."}, "w698977-9310434004330": {"store": "woolworths", "name": "The Natural Confectionery Co. Fruit Basket Reduced Sugar ", "price": 2, "oldPrice": 4, "category": "pantry", "imagePath": "https://cdn0.woolworths.media/content/wowproductimages/large/698977.jpg", "hasCupPrice": true, "cupPrice": "$0.91 / 100G", "unit": "Each", "packageSize": "220g", "barcode": "9310434004330", "brand": "The Natural Confectionery Co."}, "w828986-9310434001612": {"store": "woolworths", "name": "The Natural Confectionery Co. Fruity Chews ", "price": 2, "oldPrice": 4, "category": "pantry", "imagePath": "https://cdn0.woolworths.media/content/wowproductimages/large/828986.jpg", "hasCupPrice": true, "cupPrice": "$0.91 / 100G", "unit": "Each", "packageSize": "220g bag", "barcode": "9310434001612", "brand": "The Natural Confectionery Co."}, "w828999-9310434001742": {"store": "woolworths", "name": "The Natural Confectionery Co. Party Mix ", "price": 2, "oldPrice": 4, "category": "pantry", "imagePath": "https://cdn0.woolworths.media/content/wowproductimages/large/828999.jpg", "hasCupPrice": true, "cupPrice": "$0.83 / 100G", "unit": "Each", "packageSize": "240g bag", "barcode": "9310434001742", "brand": "The Natural Confectionery Co."}, "w828995-9310434001773": {"store": "woolworths", "name": "The Natural Confectionery Co. Snakes ", "price": 2, "oldPrice": 4, "category": "pantry", "imagePath": "https://cdn0.woolworths.media/content/wowproductimages/large/828995.jpg", "hasCupPrice": true, "cupPrice": "$0.77 / 100G", "unit": "Each", "packageSize": "260g bag", "barcode": "9310434001773", "brand": "The Natural Confectionery Co."}, "w698978-9310434004415": {"store": "woolworths", "name": "The Natural Confectionery Co. Snakes Reduced Sugar ", "price": 2, "oldPrice": 4, "category": "pantry", "imagePath": "https://cdn0.woolworths.media/content/wowproductimages/large/698978.jpg", "hasCupPrice": true, "cupPrice": "$0.77 / 100G", "unit": "Each", "packageSize": "260g", "barcode": "9310434004415", "brand": "The Natural Confectionery Co."}, "w828988-9310434001674": {"store": "woolworths", "name": "The Natural Confectionery Co. Soft Jellies Fruit Salad", "price": 2, "oldPrice": 4, "category": "pantry", "imagePath": "https://cdn0.woolworths.media/content/wowproductimages/large/828988.jpg", "hasCupPrice": true, "cupPrice": "$0.83 / 100G", "unit": "Each", "packageSize": "240g bag", "barcode": "9310434001674", "brand": "The Natural Confectionery Co."}, "w826153-9300617045106": {"store": "woolworths", "name": "The Natural Confectionery Co. Sour Patch Watermelon", "price": 2, "oldPrice": 4, "category": "pantry", "imagePath": "https://cdn0.woolworths.media/content/wowproductimages/large/826153.jpg", "hasCupPrice": true, "cupPrice": "$0.91 / 100G", "unit": "Each", "packageSize": "220g bag", "barcode": "9300617045106", "brand": "The Natural Confectionery Co."}, "w673410-9300617045144": {"store": "woolworths", "name": "The Natural Confectionery Co. Sour Patch ", "price": 2, "oldPrice": 4, "category": "pantry", "imagePath": "https://cdn0.woolworths.media/content/wowproductimages/large/673410.jpg", "hasCupPrice": true, "cupPrice": "$0.91 / 100G", "unit": "Each", "packageSize": "220g", "barcode": "9300617045144", "brand": "The Natural Confectionery Co."}, "w828979-9300617042907": {"store": "woolworths", "name": "The Natural Confectionery Co. Sour Patch Kids ", "price": 2, "oldPrice": 4, "category": "pantry", "imagePath": "https://cdn0.woolworths.media/content/wowproductimages/large/828979.jpg", "hasCupPrice": true, "cupPrice": "$0.91 / 100G", "unit": "Each", "packageSize": "220g bag", "barcode": "9300617042907", "brand": "The Natural Confectionery Co."}, "w829007-9310434001735": {"store": "woolworths", "name": "The Natural Confectionery Co. Sour Squirms ", "price": 2, "oldPrice": 4, "category": "pantry", "imagePath": "https://cdn0.woolworths.media/content/wowproductimages/large/829007.jpg", "hasCupPrice": true, "cupPrice": "$0.83 / 100G", "unit": "Each", "packageSize": "240g bag", "barcode": "9310434001735", "brand": "The Natural Confectionery Co."}, "w6385-8711000417171": {"store": "woolworths", "name": "Ti Ora Green Tea Ginger Lemongrass & Kawakawa", "price": 3, "oldPrice": 6, "category": "pantry", "imagePath": "https://cdn0.woolworths.media/content/wowproductimages/large/006385.jpg", "hasCupPrice": true, "cupPrice": "$0.20 / 1EA", "unit": "Each", "packageSize": "15 pack", "barcode": "8711000417171", "brand": "Ti Ora"}, "w6395-8711000417188": {"store": "woolworths", "name": "Ti Ora Green Tea Peach Passionfruit & Kawakawa", "price": 3, "oldPrice": 6, "category": "pantry", "imagePath": "https://cdn0.woolworths.media/content/wowproductimages/large/006395.jpg", "hasCupPrice": true, "cupPrice": "$0.20 / 1EA", "unit": "Each", "packageSize": "15 pack", "barcode": "8711000417188", "brand": "Ti Ora"}, "w6357-8711000417232": {"store": "woolworths", "name": "Ti Ora Herbal Infusion Camomile Lemon Honey & Manuka Leaf", "price": 3, "oldPrice": 6, "category": "pantry", "imagePath": "https://cdn0.woolworths.media/content/wowproductimages/large/006357.jpg", "hasCupPrice": true, "cupPrice": "$0.20 / 1EA", "unit": "Each", "packageSize": "15 pack", "barcode": "8711000417232", "brand": "Ti Ora"}, "w6394-8711000417225": {"store": "woolworths", "name": "Ti Ora Herbal Infusion Peppermint Spearmint & Kawakawa", "price": 3, "oldPrice": 6, "category": "pantry", "imagePath": "https://cdn0.woolworths.media/content/wowproductimages/large/006394.jpg", "hasCupPrice": true, "cupPrice": "$0.20 / 1EA", "unit": "Each", "packageSize": "15 pack", "barcode": "8711000417225", "brand": "Ti Ora"}, "w47011-76145513": {"store": "woolworths", "name": "Toblerone Milk Chocolate Bar ", "price": 1, "oldPrice": 2, "category": "pantry", "imagePath": "https://cdn0.woolworths.media/content/wowproductimages/large/047011.jpg", "hasCupPrice": true, "cupPrice": "$2.00 / 100G", "unit": "Each", "packageSize": "50g", "barcode": "76145513", "brand": "Toblerone"}, "w657419-9300682051385": {"store": "woolworths", "name": "Twix Chocolate Bar", "price": 1, "oldPrice": 2, "category": "pantry", "imagePath": "https://cdn0.woolworths.media/content/wowproductimages/large/657419.jpg", "hasCupPrice": true, "cupPrice": "$2.00 / 100G", "unit": "Each", "packageSize": "50g", "barcode": "9300682051385", "brand": "Twix"}, "w72612-9300605130777": {"store": "woolworths", "name": "Uncle Tobys Ancient Grains & Seeds Muesli Bar", "price": 2.5, "oldPrice": 5, "category": "pantry", "imagePath": "https://cdn0.woolworths.media/content/wowproductimages/large/072612.jpg", "hasCupPrice": true, "cupPrice": "$1.43 / 100G", "unit": "Each", "packageSize": "5 pack", "barcode": "9300605130777", "brand": "Uncle Tobys"}, "w72512-9300605130791": {"store": "woolworths", "name": "Uncle Tobys Blueberry & Ancient Grains Muesli Bar", "price": 2.5, "oldPrice": 5, "category": "pantry", "imagePath": "https://cdn0.woolworths.media/content/wowproductimages/large/072512.jpg", "hasCupPrice": true, "cupPrice": "$1.43 / 100G", "unit": "Each", "packageSize": "5 pack", "barcode": "9300605130791", "brand": "Uncle Tobys"}, "w72603-9300605130807": {"store": "woolworths", "name": "Uncle Tobys Cranberry Vanilla & Coconut Muesli Bar", "price": 2.5, "oldPrice": 5, "category": "pantry", "imagePath": "https://cdn0.woolworths.media/content/wowproductimages/large/072603.jpg", "hasCupPrice": true, "cupPrice": "$1.43 / 100G", "unit": "Each", "packageSize": "5 pack", "barcode": "9300605130807", "brand": "Uncle Tobys"}, "w72467-9300605130814": {"store": "woolworths", "name": "Uncle Tobys Mango Vanilla & Chia Muesli Bar", "price": 2.5, "oldPrice": 5, "category": "pantry", "imagePath": "https://cdn0.woolworths.media/content/wowproductimages/large/072467.jpg", "hasCupPrice": true, "cupPrice": "$1.43 / 100G", "unit": "Each", "packageSize": "5 pack", "barcode": "9300605130814", "brand": "Uncle Tobys"}, "w72592-9300605130784": {"store": "woolworths", "name": "Uncle Tobys Raspberry Goji & White Chocolate Muesli Bar", "price": 2.5, "oldPrice": 5, "category": "pantry", "imagePath": "https://cdn0.woolworths.media/content/wowproductimages/large/072592.jpg", "hasCupPrice": true, "cupPrice": "$1.43 / 100G", "unit": "Each", "packageSize": "5 pack", "barcode": "9300605130784", "brand": "Uncle Tobys"}, "w829318-9310631627813": {"store": "woolworths", "name": "Vittoria Espressotoria Espresso Coffee Capsules", "price": 4.2, "oldPrice": 8.4, "category": "drinks", "imagePath": "https://cdn0.woolworths.media/content/wowproductimages/large/829318.jpg", "hasCupPrice": true, "cupPrice": "$0.35 / 1EA", "unit": "Each", "packageSize": "12 pack", "barcode": "9310631627813", "brand": "Vittoria"}, "w829319-9310631627837": {"store": "woolworths", "name": "Vittoria Espressotoria Mountain Grown Coffee Capsules", "price": 4.2, "oldPrice": 8.4, "category": "drinks", "imagePath": "https://cdn0.woolworths.media/content/wowproductimages/large/829319.jpg", "hasCupPrice": true, "cupPrice": "$0.35 / 1EA", "unit": "Each", "packageSize": "12 pack", "barcode": "9310631627837", "brand": "Vittoria"}, "w829320-9310631627851": {"store": "woolworths", "name": "Vittoria Espressotoria Oro Coffee Capsules", "price": 4.2, "oldPrice": 8.4, "category": "drinks", "imagePath": "https://cdn0.woolworths.media/content/wowproductimages/large/829320.jpg", "hasCupPrice": true, "cupPrice": "$0.35 / 1EA", "unit": "Each", "packageSize": "12 pack", "barcode": "9310631627851", "brand": "Vittoria"}, "w284455-9310631622764": {"store": "woolworths", "name": "Vittoria Mountain Grown Coffee Beans", "price": 18, "oldPrice": 36.5, "category": "drinks", "imagePath": "https://cdn0.woolworths.media/content/wowproductimages/large/284455.jpg", "hasCupPrice": true, "cupPrice": "$1.80 / 100G", "unit": "Each", "packageSize": "1kg", "barcode": "9310631622764", "brand": "Vittoria"}, "w186602-9310631617265": {"store": "woolworths", "name": "Vittoria Mountain Grown Ground Coffee", "price": 18, "oldPrice": 36.5, "category": "drinks", "imagePath": "https://cdn0.woolworths.media/content/wowproductimages/large/186602.jpg", "hasCupPrice": true, "cupPrice": "$1.80 / 100G", "unit": "Each", "packageSize": "1kg", "barcode": "9310631617265", "brand": "Vittoria"}, "w781407-9310631627691": {"store": "woolworths", "name": "Vittoria Organic Coffee Beans Organic", "price": 18, "oldPrice": 37, "category": "drinks", "imagePath": "https://cdn0.woolworths.media/content/wowproductimages/large/781407.jpg", "hasCupPrice": true, "cupPrice": "$1.80 / 100G", "unit": "Each", "packageSize": "1kg", "barcode": "9310631627691", "brand": "Vittoria"}, "w32182-844705001241": {"store": "woolworths", "name": "Vittoria Espressotoria Maragogype Coffee Capsules", "price": 4.2, "oldPrice": 8.4, "category": "drinks", "imagePath": "https://cdn0.woolworths.media/content/wowproductimages/large/032182.jpg", "hasCupPrice": true, "cupPrice": "$0.35 / 1EA", "unit": "Each", "packageSize": "12 pack", "barcode": "844705001241", "brand": "Vittoria"}, "w575654-9310047216113": {"store": "woolworths", "name": "White Wings Cake In A Cup Double Chocolate", "price": 1, "oldPrice": 2, "category": "pantry", "imagePath": "https://cdn0.woolworths.media/content/wowproductimages/large/575654.jpg", "hasCupPrice": true, "cupPrice": "$1.82 / 100G", "unit": "Each", "packageSize": "55g", "barcode": "9310047216113", "brand": "White Wings"}, "w297415-94314243": {"store": "woolworths", "name": "Whittaker's Almond Slab Milk Chocolate", "price": 1, "oldPrice": 2, "category": "pantry", "imagePath": "https://cdn0.woolworths.media/content/wowproductimages/large/297415.jpg", "hasCupPrice": true, "cupPrice": "$2.22 / 100G", "unit": "Each", "packageSize": "45g bar", "barcode": "94314243", "brand": "Whittaker's"}, "w224461-94314205": {"store": "woolworths", "name": "Whittaker's Coconut Slab Milk Chocolate", "price": 1, "oldPrice": 2, "category": "pantry", "imagePath": "https://cdn0.woolworths.media/content/wowproductimages/large/224461.jpg", "hasCupPrice": true, "cupPrice": "$2.00 / 100G", "unit": "Each", "packageSize": "50g bar", "barcode": "94314205", "brand": "Whittaker's"}, "w71484-94314212": {"store": "woolworths", "name": "Whittaker's Peanut Slab Milk Chocolate", "price": 1, "oldPrice": 2, "category": "pantry", "imagePath": "https://cdn0.woolworths.media/content/wowproductimages/large/071484.jpg", "hasCupPrice": true, "cupPrice": "$2.00 / 100G", "unit": "Each", "packageSize": "50g bar", "barcode": "94314212", "brand": "Whittaker's"}, "w651957-7640110707654": {"store": "woolworths", "name": "Whole Earth Sweetener Sachets", "price": 2.1, "oldPrice": 4.2, "category": "pantry", "imagePath": "https://cdn0.woolworths.media/content/wowproductimages/large/651957.jpg", "hasCupPrice": true, "cupPrice": "$3.50 / 100G", "unit": "Each", "packageSize": "60g 40pk", "barcode": "7640110707654", "brand": "Whole Earth"}, "w669773-9339687022427": {"store": "woolworths", "name": "Woolworths Orange Flavoured Jelly In Pouch", "price": 0.4, "oldPrice": 0.95, "category": "pantry", "imagePath": "https://cdn0.woolworths.media/content/wowproductimages/large/669773.jpg", "hasCupPrice": true, "cupPrice": "$4.21 / 1KG", "unit": "Each", "packageSize": "95g", "barcode": "9339687022427", "brand": "Woolworths"}, "w115996-9310161003804": {"store": "woolworths", "name": "Bulla Choc Bars Malt, Peppermint & Vanilla", "price": 3.5, "oldPrice": 7, "category": "freezer", "imagePath": "https://cdn0.woolworths.media/content/wowproductimages/large/115996.jpg", "hasCupPrice": true, "cupPrice": "$0.46 / 100ML", "unit": "Each", "packageSize": "10 pack", "barcode": "9310161003804", "brand": "Bulla"}, "w41430-9310161003033": {"store": "woolworths", "name": "Bulla Choc Bars Vanilla", "price": 3.5, "oldPrice": 7, "category": "freezer", "imagePath": "https://cdn0.woolworths.media/content/wowproductimages/large/041430.jpg", "hasCupPrice": true, "cupPrice": "$0.46 / 100ML", "unit": "Each", "packageSize": "10 pack", "barcode": "9310161003033", "brand": "Bulla"}, "w698998-9310161013834": {"store": "woolworths", "name": "Bulla Cinnamon Donut Ice Cream", "price": 3.5, "oldPrice": 7, "category": "freezer", "imagePath": "https://cdn0.woolworths.media/content/wowproductimages/large/698998.jpg", "hasCupPrice": true, "cupPrice": "$0.65 / 100ML", "unit": "Each", "packageSize": "6 pack", "barcode": "9310161013834", "brand": "Bulla"}, "w9772-9310161003521": {"store": "woolworths", "name": "Bulla Crunch Double Choc", "price": 3.5, "oldPrice": 7, "category": "freezer", "imagePath": "https://cdn0.woolworths.media/content/wowproductimages/large/009772.jpg", "hasCupPrice": true, "cupPrice": "$0.55 / 100ML", "unit": "Each", "packageSize": "8 pack", "barcode": "9310161003521", "brand": "Bulla"}, "w18883-9310161013896": {"store": "woolworths", "name": "Bulla Crunch Blue Heaven ", "price": 3.5, "oldPrice": 7, "category": "freezer", "imagePath": "https://cdn0.woolworths.media/content/wowproductimages/large/018883.jpg", "hasCupPrice": true, "cupPrice": "$0.55 / 100ML", "unit": "Each", "packageSize": "8 pack", "barcode": "9310161013896", "brand": "Bulla"}, "w178946-9310161001404": {"store": "woolworths", "name": "Bulla Crunch Caramel, Strawberry & Honeycomb", "price": 3.5, "oldPrice": 7, "category": "freezer", "imagePath": "https://cdn0.woolworths.media/content/wowproductimages/large/178946.jpg", "hasCupPrice": true, "cupPrice": "$0.55 / 100ML", "unit": "Each", "packageSize": "8 pack", "barcode": "9310161001404", "brand": "Bulla"}, "w249170-9310161005433": {"store": "woolworths", "name": "Bulla Crunch Ice Cream Orange Mint Vanilla", "price": 3.5, "oldPrice": 7, "category": "freezer", "imagePath": "https://cdn0.woolworths.media/content/wowproductimages/large/249170.jpg", "hasCupPrice": true, "cupPrice": "$0.55 / 100ML", "unit": "Each", "packageSize": "8 pack", "barcode": "9310161005433", "brand": "Bulla"}, "w318641-9310161006515": {"store": "woolworths", "name": "Bulla Frozen Yoghurt Strawberry, Mango & Wildberry", "price": 3.5, "oldPrice": 7, "category": "freezer", "imagePath": "https://cdn0.woolworths.media/content/wowproductimages/large/318641.jpg", "hasCupPrice": true, "cupPrice": "$0.74 / 100G", "unit": "Each", "packageSize": "8 pack", "barcode": "9310161006515", "brand": "Bulla"}, "w279664-9310161006690": {"store": "woolworths", "name": "Bulla Mini Frozen Yoghurt Assorted Flavours", "price": 3.5, "oldPrice": 7, "category": "freezer", "imagePath": "https://cdn0.woolworths.media/content/wowproductimages/large/279664.jpg", "hasCupPrice": true, "cupPrice": "$0.69 / 100G", "unit": "Each", "packageSize": "14 pack", "barcode": "9310161006690", "brand": "Bulla"}, "w313661-9310161006911": {"store": "woolworths", "name": "Bulla Mini Splits Tropical & Raspberry", "price": 3.5, "oldPrice": 7, "category": "freezer", "imagePath": "https://cdn0.woolworths.media/content/wowproductimages/large/313661.jpg", "hasCupPrice": true, "cupPrice": "$0.63 / 100ML", "unit": "Each", "packageSize": "14 pack", "barcode": "9310161006911", "brand": "Bulla"}, "w52302-9310161014831": {"store": "woolworths", "name": "Bulla Peach, Lemon, Mango Ice Tea ", "price": 3.5, "oldPrice": 7, "category": "freezer", "imagePath": "https://cdn0.woolworths.media/content/wowproductimages/large/052302.jpg", "hasCupPrice": true, "cupPrice": "$0.50 / 100ML", "unit": "Each", "packageSize": "10 pack", "barcode": "9310161014831", "brand": "Bulla"}, "w40975-9310161003118": {"store": "woolworths", "name": "Bulla Splits Raspberry", "price": 3.5, "oldPrice": 7, "category": "freezer", "imagePath": "https://cdn0.woolworths.media/content/wowproductimages/large/040975.jpg", "hasCupPrice": true, "cupPrice": "$0.47 / 100ML", "unit": "Each", "packageSize": "10 pack", "barcode": "9310161003118", "brand": "Bulla"}, "w178943-9310161001411": {"store": "woolworths", "name": "Bulla Splits Ice Cream Wildberry Orange Tropical", "price": 3.5, "oldPrice": 7, "category": "freezer", "imagePath": "https://cdn0.woolworths.media/content/wowproductimages/large/178943.jpg", "hasCupPrice": true, "cupPrice": "$0.47 / 100ML", "unit": "Each", "packageSize": "10 pack", "barcode": "9310161001411", "brand": "Bulla"}, "w140646-9310161002579": {"store": "woolworths", "name": "Bulla Splits Multipack Raspberry, Mango & Lemon Lime", "price": 3.5, "oldPrice": 7, "category": "freezer", "imagePath": "https://cdn0.woolworths.media/content/wowproductimages/large/140646.jpg", "hasCupPrice": true, "cupPrice": "$0.47 / 100ML", "unit": "Each", "packageSize": "10 pack", "barcode": "9310161002579", "brand": "Bulla"}, "w52287-9310161014824": {"store": "woolworths", "name": "Bulla Splits Spider ", "price": 3.5, "oldPrice": 7, "category": "freezer", "imagePath": "https://cdn0.woolworths.media/content/wowproductimages/large/052287.jpg", "hasCupPrice": true, "cupPrice": "$0.47 / 100ML", "unit": "Each", "packageSize": "10 pack", "barcode": "9310161014824", "brand": "Bulla"}, "w51933-9347043001788": {"store": "woolworths", "name": "Cadbury Freddo Strawberry & Vanilla Ice Cream", "price": 3.5, "oldPrice": 7, "category": "freezer", "imagePath": "https://cdn0.woolworths.media/content/wowproductimages/large/051933.jpg", "hasCupPrice": true, "cupPrice": "$1.07 / 100ML", "unit": "Each", "packageSize": "4 pack", "barcode": "9347043001788", "brand": "Cadbury"}, "w51934-9347043001771": {"store": "woolworths", "name": "Cadbury Freddo Vanilla & Chocolate Ice Cream", "price": 3.5, "oldPrice": 7, "category": "freezer", "imagePath": "https://cdn0.woolworths.media/content/wowproductimages/large/051934.jpg", "hasCupPrice": true, "cupPrice": "$1.07 / 100ML", "unit": "Each", "packageSize": "4 pack", "barcode": "9347043001771", "brand": "Cadbury"}, "w709254-9310076669010": {"store": "woolworths", "name": "Golden Wok Diana Chan Korean Beef Dumpling", "price": 3.75, "oldPrice": 7.5, "category": "freezer", "imagePath": "https://cdn0.woolworths.media/content/wowproductimages/large/709254.jpg", "hasCupPrice": true, "cupPrice": "$1.63 / 100G", "unit": "Each", "packageSize": "230g", "barcode": "9310076669010", "brand": "Golden Wok"}, "w60794-9310076669164": {"store": "woolworths", "name": "Golden Wok Diana Chan Malaysian Vegetable Dumpling", "price": 3.75, "oldPrice": 7.5, "category": "freezer", "imagePath": "https://cdn0.woolworths.media/content/wowproductimages/large/060794.jpg", "hasCupPrice": true, "cupPrice": "$1.63 / 100G", "unit": "Each", "packageSize": "230g", "barcode": "9310076669164", "brand": "Golden Wok"}, "w763186-9310076669003": {"store": "woolworths", "name": "Golden Wok Diana Chan Szechuan Peppered Pork Dumpling", "price": 3.75, "oldPrice": 7.5, "category": "freezer", "imagePath": "https://cdn0.woolworths.media/content/wowproductimages/large/763186.jpg", "hasCupPrice": true, "cupPrice": "$1.63 / 100G", "unit": "Each", "packageSize": "230g", "barcode": "9310076669003", "brand": "Golden Wok"}, "w710591-9310076668990": {"store": "woolworths", "name": "Golden Wok Diana Chan Thai Chicken Dumpling", "price": 3.75, "oldPrice": 7.5, "category": "freezer", "imagePath": "https://cdn0.woolworths.media/content/wowproductimages/large/710591.jpg", "hasCupPrice": true, "cupPrice": "$1.63 / 100G", "unit": "Each", "packageSize": "230g", "barcode": "9310076668990", "brand": "Golden Wok"}, "w250014-9310663400668": {"store": "woolworths", "name": "Mrs Macs Crispy Microwave Pastie", "price": 1.25, "oldPrice": 2.5, "category": "freezer", "imagePath": "https://cdn0.woolworths.media/content/wowproductimages/large/250014.jpg", "hasCupPrice": true, "cupPrice": "$0.76 / 100G", "unit": "Each", "packageSize": "165g", "barcode": "9310663400668", "brand": "Mrs Macs"}, "w250012-9310663400620": {"store": "woolworths", "name": "Mrs Macs Pies Microwave Beef", "price": 1.25, "oldPrice": 2.5, "category": "freezer", "imagePath": "https://cdn0.woolworths.media/content/wowproductimages/large/250012.jpg", "hasCupPrice": true, "cupPrice": "$0.63 / 100G", "unit": "Each", "packageSize": "200g", "barcode": "9310663400620", "brand": "Mrs Macs"}, "w250013-9310663400637": {"store": "woolworths", "name": "Mrs Macs Pies Microwave Beef & Cheese", "price": 1.25, "oldPrice": 2.5, "category": "freezer", "imagePath": "https://cdn0.woolworths.media/content/wowproductimages/large/250013.jpg", "hasCupPrice": true, "cupPrice": "$0.63 / 100G", "unit": "Each", "packageSize": "200g", "barcode": "9310663400637", "brand": "Mrs Macs"}, "w250016-9310663400675": {"store": "woolworths", "name": "Mrs Macs Sausage Roll Microwave", "price": 1.25, "oldPrice": 2.5, "category": "freezer", "imagePath": "https://cdn0.woolworths.media/content/wowproductimages/large/250016.jpg", "hasCupPrice": true, "cupPrice": "$0.71 / 100G", "unit": "Each", "packageSize": "175g", "barcode": "9310663400675", "brand": "Mrs Macs"}, "w733157-9344988000319": {"store": "woolworths", "name": "Papa Giuseppi's Panini Tomato & Cheese ", "price": 2.5, "oldPrice": 5, "category": "freezer", "imagePath": "https://cdn0.woolworths.media/content/wowproductimages/large/733157.jpg", "hasCupPrice": true, "cupPrice": "$1.00 / 100G", "unit": "Each", "packageSize": "250g 2pk", "barcode": "9344988000319", "brand": "Papa Giuseppi's"}, "w803169-9339687064229": {"store": "woolworths", "name": "Woolworths Fish Parcel Tomato & Onion", "price": 3, "oldPrice": 6, "category": "freezer", "imagePath": "https://cdn0.woolworths.media/content/wowproductimages/large/803169.jpg", "hasCupPrice": true, "cupPrice": "$12.50 / 1KG", "unit": "Each", "packageSize": "2 pack", "barcode": "9339687064229", "brand": "Woolworths"}, "w826651-9310179199469": {"store": "woolworths", "name": "Golden Circle Apple Blackcurrant Fruit Drink", "price": 1.07, "oldPrice": 2.15, "category": "drinks", "imagePath": "https://cdn0.woolworths.media/content/wowproductimages/large/826651.jpg", "hasCupPrice": true, "cupPrice": "$1.07 / 1L", "unit": "Each", "packageSize": "1l", "barcode": "9310179199469", "brand": "Golden Circle"}, "w534560-9310179009300": {"store": "woolworths", "name": "Golden Circle Apple Splash Fruit Drink Fruit Drink", "price": 1.07, "oldPrice": 2.15, "category": "drinks", "imagePath": "https://cdn0.woolworths.media/content/wowproductimages/large/534560.jpg", "hasCupPrice": true, "cupPrice": "$1.07 / 1L", "unit": "Each", "packageSize": "1l", "barcode": "9310179009300", "brand": "Golden Circle"}, "w7556-9310179006767": {"store": "woolworths", "name": "Golden Circle Golden Pash Fruit Drink", "price": 1.07, "oldPrice": 2.15, "category": "drinks", "imagePath": "https://cdn0.woolworths.media/content/wowproductimages/large/007556.jpg", "hasCupPrice": true, "cupPrice": "$1.07 / 1L", "unit": "Each", "packageSize": "1l", "barcode": "9310179006767", "brand": "Golden Circle"}, "w32747-9310179006682": {"store": "woolworths", "name": "Golden Circle Orange Fruit Drink", "price": 1.07, "oldPrice": 2.15, "category": "drinks", "imagePath": "https://cdn0.woolworths.media/content/wowproductimages/large/032747.jpg", "hasCupPrice": true, "cupPrice": "$1.07 / 1L", "unit": "Each", "packageSize": "1l", "barcode": "9310179006682", "brand": "Golden Circle"}, "w32749-9310179009294": {"store": "woolworths", "name": "Golden Circle Pine Orange Fruit Drink", "price": 1.07, "oldPrice": 2.15, "category": "drinks", "imagePath": "https://cdn0.woolworths.media/content/wowproductimages/large/032749.jpg", "hasCupPrice": true, "cupPrice": "$1.07 / 1L", "unit": "Each", "packageSize": "1l", "barcode": "9310179009294", "brand": "Golden Circle"}, "w92483-9310179007825": {"store": "woolworths", "name": "Golden Circle Pineapple & Coconut Fruit Drink", "price": 1.07, "oldPrice": 2.15, "category": "drinks", "imagePath": "https://cdn0.woolworths.media/content/wowproductimages/large/092483.jpg", "hasCupPrice": true, "cupPrice": "$1.07 / 1L", "unit": "Each", "packageSize": "1l", "barcode": "9310179007825", "brand": "Golden Circle"}, "w34543-9310179006712": {"store": "woolworths", "name": "Golden Circle Pineapple & Mango Fruit Drink", "price": 1.07, "oldPrice": 2.15, "category": "drinks", "imagePath": "https://cdn0.woolworths.media/content/wowproductimages/large/034543.jpg", "hasCupPrice": true, "cupPrice": "$1.07 / 1L", "unit": "Each", "packageSize": "1l", "barcode": "9310179006712", "brand": "Golden Circle"}, "w35498-9310179009034": {"store": "woolworths", "name": "Golden Circle Sunshine Punch Fruit Drink", "price": 1.07, "oldPrice": 2.15, "category": "drinks", "imagePath": "https://cdn0.woolworths.media/content/wowproductimages/large/035498.jpg", "hasCupPrice": true, "cupPrice": "$1.07 / 1L", "unit": "Each", "packageSize": "1l", "barcode": "9310179009034", "brand": "Golden Circle"}, "w33981-9310179006699": {"store": "woolworths", "name": "Golden Circle Tropical Punch Fruit Drink", "price": 1.07, "oldPrice": 2.15, "category": "drinks", "imagePath": "https://cdn0.woolworths.media/content/wowproductimages/large/033981.jpg", "hasCupPrice": true, "cupPrice": "$1.07 / 1L", "unit": "Each", "packageSize": "1l", "barcode": "9310179006699", "brand": "Golden Circle"}, "w61962-9313820000473": {"store": "woolworths", "name": "Pepsi Max Bottles ", "price": 2.62, "oldPrice": 5.25, "category": "drinks", "imagePath": "https://cdn0.woolworths.media/content/wowproductimages/large/061962.jpg", "hasCupPrice": true, "cupPrice": "$2.18 / 1L", "unit": "Each", "packageSize": "300ml x4 pack", "barcode": "9313820000473", "brand": "Pepsi"}, "w253771-9315596000602": {"store": "woolworths", "name": "Schweppes Bitter Lemon ", "price": 2.62, "oldPrice": 5.25, "category": "drinks", "imagePath": "https://cdn0.woolworths.media/content/wowproductimages/large/253771.jpg", "hasCupPrice": true, "cupPrice": "$2.18 / 1L", "unit": "Each", "packageSize": "4x300ml", "barcode": "9315596000602", "brand": "Schweppes"}, "w253773-9315596000725": {"store": "woolworths", "name": "Schweppes Diet Dry Ginger Ale ", "price": 2.62, "oldPrice": 5.25, "category": "drinks", "imagePath": "https://cdn0.woolworths.media/content/wowproductimages/large/253773.jpg", "hasCupPrice": true, "cupPrice": "$2.18 / 1L", "unit": "Each", "packageSize": "4x300ml", "barcode": "9315596000725", "brand": "Schweppes"}, "w253760-9315596000718": {"store": "woolworths", "name": "Schweppes Diet Tonic Water ", "price": 2.62, "oldPrice": 5.25, "category": "drinks", "imagePath": "https://cdn0.woolworths.media/content/wowproductimages/large/253760.jpg", "hasCupPrice": true, "cupPrice": "$2.18 / 1L", "unit": "Each", "packageSize": "4x300ml", "barcode": "9315596000718", "brand": "Schweppes"}, "w253811-9315596000640": {"store": "woolworths", "name": "Schweppes Dry Ginger Ale ", "price": 2.62, "oldPrice": 5.25, "category": "drinks", "imagePath": "https://cdn0.woolworths.media/content/wowproductimages/large/253811.jpg", "hasCupPrice": true, "cupPrice": "$2.18 / 1L", "unit": "Each", "packageSize": "4x300ml", "barcode": "9315596000640", "brand": "Schweppes"}, "w253766-9315596000633": {"store": "woolworths", "name": "Schweppes Lemon Lime Bitters ", "price": 2.62, "oldPrice": 5.25, "category": "drinks", "imagePath": "https://cdn0.woolworths.media/content/wowproductimages/large/253766.jpg", "hasCupPrice": true, "cupPrice": "$2.18 / 1L", "unit": "Each", "packageSize": "4x300ml", "barcode": "9315596000633", "brand": "Schweppes"}, "w253828-9315596000657": {"store": "woolworths", "name": "Schweppes Lemonade ", "price": 2.62, "oldPrice": 5.25, "category": "drinks", "imagePath": "https://cdn0.woolworths.media/content/wowproductimages/large/253828.jpg", "hasCupPrice": true, "cupPrice": "$2.18 / 1L", "unit": "Each", "packageSize": "4x300ml", "barcode": "9315596000657", "brand": "Schweppes"}, "w253762-9315596000596": {"store": "woolworths", "name": "Schweppes Mineral Water", "price": 2.62, "oldPrice": 5.25, "category": "drinks", "imagePath": "https://cdn0.woolworths.media/content/wowproductimages/large/253762.jpg", "hasCupPrice": true, "cupPrice": "$2.18 / 1L", "unit": "Each", "packageSize": "4x300ml", "barcode": "9315596000596", "brand": "Schweppes"}, "w253770-9315596000572": {"store": "woolworths", "name": "Schweppes Soda Water ", "price": 2.62, "oldPrice": 5.25, "category": "drinks", "imagePath": "https://cdn0.woolworths.media/content/wowproductimages/large/253770.jpg", "hasCupPrice": true, "cupPrice": "$2.18 / 1L", "unit": "Each", "packageSize": "4x300ml", "barcode": "9315596000572", "brand": "Schweppes"}, "w253808-9315596000589": {"store": "woolworths", "name": "Schweppes Tonic Water ", "price": 2.62, "oldPrice": 5.25, "category": "drinks", "imagePath": "https://cdn0.woolworths.media/content/wowproductimages/large/253808.jpg", "hasCupPrice": true, "cupPrice": "$2.18 / 1L", "unit": "Each", "packageSize": "4x300ml", "barcode": "9315596000589", "brand": "Schweppes"}, "w344052-9334214018805": {"store": "woolworths", "name": "Pedigree Dentastix Large Dental Dog Treat", "price": 8.75, "oldPrice": 17.5, "category": "pet", "imagePath": "https://cdn0.woolworths.media/content/wowproductimages/large/344052.jpg", "hasCupPrice": true, "cupPrice": "$0.31 / 1EA", "unit": "Each", "packageSize": "28 pack", "barcode": "9334214018805", "brand": "Pedigree"}, "w313876-9334214010939": {"store": "woolworths", "name": "Pedigree Dentastix Medium Dental Dog Treat", "price": 8.75, "oldPrice": 17.5, "category": "pet", "imagePath": "https://cdn0.woolworths.media/content/wowproductimages/large/313876.jpg", "hasCupPrice": true, "cupPrice": "$0.31 / 1EA", "unit": "Each", "packageSize": "28 pack", "barcode": "9334214010939", "brand": "Pedigree"}, "w313874-9334214010922": {"store": "woolworths", "name": "Pedigree Dentastix Small Dog Dental Treat", "price": 8.75, "oldPrice": 17.5, "category": "pet", "imagePath": "https://cdn0.woolworths.media/content/wowproductimages/large/313874.jpg", "hasCupPrice": true, "cupPrice": "$0.31 / 1EA", "unit": "Each", "packageSize": "28 pack", "barcode": "9334214010922", "brand": "Pedigree"}, "w603301-9312997082992": {"store": "woolworths", "name": "Bonds 100 Crew Socks Size 6-12m & 1-2y", "price": 4, "oldPrice": 8, "category": "baby", "imagePath": "https://cdn0.woolworths.media/content/wowproductimages/large/603301.jpg", "hasCupPrice": false, "cupPrice": "$0.00 / 0", "unit": "Each", "packageSize": "each", "barcode": "9312997082992", "brand": "Bonds"}, "w693929-9312997032454": {"store": "woolworths", "name": "Bonds Baby Stretchy Legging Girl Size 000 To 2", "price": 6, "oldPrice": 12, "category": "baby", "imagePath": "https://cdn0.woolworths.media/content/wowproductimages/large/693929.jpg", "hasCupPrice": true, "cupPrice": "$6.00 / 1EA", "unit": "Each", "packageSize": "each", "barcode": "9312997032454", "brand": "Bonds"}, "w603289-9351257716932": {"store": "woolworths", "name": "Bonds Baby Zippy Romper Boys Size 000 To 2", "price": 20, "oldPrice": 20, "category": "baby", "imagePath": "https://cdn0.woolworths.media/content/wowproductimages/large/603289.jpg", "hasCupPrice": false, "cupPrice": "$0.00 / 0", "unit": "Each", "packageSize": "each", "barcode": "9351257716932", "brand": "Bonds"}, "w858930-9350461161354": {"store": "woolworths", "name": "Bonds Baby Zippy Wondersuit Grey Size 000 To 2", "price": 22, "oldPrice": 22, "category": "baby", "imagePath": "https://cdn0.woolworths.media/content/wowproductimages/large/858930.jpg", "hasCupPrice": false, "cupPrice": "$0.00 / 0", "unit": "Each", "packageSize": "each", "barcode": "9350461161354", "brand": "Bonds"}, "w15599-9339687093595": {"store": "woolworths", "name": "Little Wishes Essentials Soother 6 To18 Months", "price": 3, "oldPrice": 6, "category": "baby", "imagePath": "https://cdn0.woolworths.media/content/wowproductimages/large/015599.jpg", "hasCupPrice": true, "cupPrice": "$1.00 / 1EA", "unit": "Each", "packageSize": "3 pack", "barcode": "9339687093595", "brand": "Little Wishes"}, "w15598-9339687093601": {"store": "woolworths", "name": "Little Wishes Soother 0-6 Months ", "price": 3, "oldPrice": 6, "category": "baby", "imagePath": "https://cdn0.woolworths.media/content/wowproductimages/large/015598.jpg", "hasCupPrice": true, "cupPrice": "$1.00 / 1EA", "unit": "Each", "packageSize": "3 pack", "barcode": "9339687093601", "brand": "Little Wishes"}, "w798377-9317296340644": {"store": "woolworths", "name": "Aussie Bodies Hplc Cookies & Cream", "price": 2.5, "oldPrice": 5, "category": "health-beauty", "imagePath": "https://cdn0.woolworths.media/content/wowproductimages/large/798377.jpg", "hasCupPrice": true, "cupPrice": "$2.50 / 100G", "unit": "Each", "packageSize": "100g", "barcode": "9317296340644", "brand": "Aussie Bodies"}, "w118211-93455756": {"store": "woolworths", "name": "Aussie Bodies Hplc Bar Chocolate", "price": 2.5, "oldPrice": 5, "category": "health-beauty", "imagePath": "https://cdn0.woolworths.media/content/wowproductimages/large/118211.jpg", "hasCupPrice": true, "cupPrice": "$2.50 / 100G", "unit": "Each", "packageSize": "100g", "barcode": "93455756", "brand": "Aussie Bodies"}, "w573299-93550185": {"store": "woolworths", "name": "Blackmores B12 Rapi-melt 1000 Mcg ", "price": 5.75, "oldPrice": 11.5, "category": "health-beauty", "imagePath": "https://cdn0.woolworths.media/content/wowproductimages/large/573299.jpg", "hasCupPrice": true, "cupPrice": "$19.17 / 100EA", "unit": "Each", "packageSize": "30 pack", "barcode": "93550185", "brand": "Blackmores"}, "w192702-9300807220115": {"store": "woolworths", "name": "Blackmores Executive B Tablets", "price": 16.9, "oldPrice": 33.8, "category": "health-beauty", "imagePath": "https://cdn0.woolworths.media/content/wowproductimages/large/192702.jpg", "hasCupPrice": true, "cupPrice": "$13.52 / 100EA", "unit": "Each", "packageSize": "125 pack", "barcode": "9300807220115", "brand": "Blackmores"}, "w828148-9300807287439": {"store": "woolworths", "name": "Blackmores Fish Oil Odourless 1000mg", "price": 10, "oldPrice": 20, "category": "health-beauty", "imagePath": "https://cdn0.woolworths.media/content/wowproductimages/large/828148.jpg", "hasCupPrice": true, "cupPrice": "$5.00 / 100EA", "unit": "Each", "packageSize": "200 pack", "barcode": "9300807287439", "brand": "Blackmores"}, "w228483-93333535": {"store": "woolworths", "name": "Blackmores For Women Nails Hair & Skin Tablets", "price": 7.75, "oldPrice": 15.5, "category": "health-beauty", "imagePath": "https://cdn0.woolworths.media/content/wowproductimages/large/228483.jpg", "hasCupPrice": true, "cupPrice": "$12.92 / 100EA", "unit": "Each", "packageSize": "60 pack", "barcode": "93333535", "brand": "Blackmores"}, "w202368-93487788": {"store": "woolworths", "name": "Blackmores Mens Performance Multi", "price": 10, "oldPrice": 20, "category": "health-beauty", "imagePath": "https://cdn0.woolworths.media/content/wowproductimages/large/202368.jpg", "hasCupPrice": true, "cupPrice": "$20.00 / 100EA", "unit": "Each", "packageSize": "50 pack", "barcode": "93487788", "brand": "Blackmores"}, "w215177-93367134": {"store": "woolworths", "name": "Blackmores Multivitamin For Women ", "price": 10, "oldPrice": 20, "category": "health-beauty", "imagePath": "https://cdn0.woolworths.media/content/wowproductimages/large/215177.jpg", "hasCupPrice": true, "cupPrice": "$20.00 / 100EA", "unit": "Each", "packageSize": "50 pack", "barcode": "93367134", "brand": "Blackmores"}, "w258736-9300807236727": {"store": "woolworths", "name": "Blackmores Pregnancy & Breast Feeding Gold", "price": 20.5, "oldPrice": 41, "category": "health-beauty", "imagePath": "https://cdn0.woolworths.media/content/wowproductimages/large/258736.jpg", "hasCupPrice": true, "cupPrice": "$17.08 / 100EA", "unit": "Each", "packageSize": "120pk", "barcode": "9300807236727", "brand": "Blackmores"}, "w804279-93550710": {"store": "woolworths", "name": "Blackmores Probiotics Womens Flora Balance", "price": 16, "oldPrice": 32, "category": "health-beauty", "imagePath": "https://cdn0.woolworths.media/content/wowproductimages/large/804279.jpg", "hasCupPrice": true, "cupPrice": "$53.33 / 100EA", "unit": "Each", "packageSize": "30 capsules", "barcode": "93550710", "brand": "Blackmores"}, "w572423-93550642": {"store": "woolworths", "name": "Blackmores Probiotics+ Daily Health ", "price": 14, "oldPrice": 28, "category": "health-beauty", "imagePath": "https://cdn0.woolworths.media/content/wowproductimages/large/572423.jpg", "hasCupPrice": true, "cupPrice": "$46.67 / 100EA", "unit": "Each", "packageSize": "30 pack", "barcode": "93550642", "brand": "Blackmores"}, "w700604-9335805001626": {"store": "woolworths", "name": "Bounce Cashew Caramel Energy Ball", "price": 1.5, "oldPrice": 3, "category": "health-beauty", "imagePath": "https://cdn0.woolworths.media/content/wowproductimages/large/700604.jpg", "hasCupPrice": true, "cupPrice": "$3.75 / 100G", "unit": "Each", "packageSize": "42g", "barcode": "9335805001626", "brand": "Bounce"}, "w771791-9335805000322": {"store": "woolworths", "name": "Bounce Natural Energy Ball Cacao, Mint & Protein Ball", "price": 1.5, "oldPrice": 3, "category": "health-beauty", "imagePath": "https://cdn0.woolworths.media/content/wowproductimages/large/771791.jpg", "hasCupPrice": true, "cupPrice": "$3.57 / 100G", "unit": "Each", "packageSize": "42g", "barcode": "9335805000322", "brand": "Bounce"}, "w281271-9335805000018": {"store": "woolworths", "name": "Bounce Natural Energy Ball Peanut", "price": 1.5, "oldPrice": 3, "category": "health-beauty", "imagePath": "https://cdn0.woolworths.media/content/wowproductimages/large/281271.jpg", "hasCupPrice": true, "cupPrice": "$3.06 / 100G", "unit": "Each", "packageSize": "49g", "barcode": "9335805000018", "brand": "Bounce"}, "w802720-9335805001602": {"store": "woolworths", "name": "Bounce Plant Protein Almond Butter ", "price": 1.5, "oldPrice": 3, "category": "health-beauty", "imagePath": "https://cdn0.woolworths.media/content/wowproductimages/large/802720.jpg", "hasCupPrice": true, "cupPrice": "$3.57 / 100G", "unit": "Each", "packageSize": "42g", "barcode": "9335805001602", "brand": "Bounce"}, "w727349-9335805001640": {"store": "woolworths", "name": "Bounce Plant Protein Peanut Butter Cacao", "price": 1.5, "oldPrice": 3, "category": "health-beauty", "imagePath": "https://cdn0.woolworths.media/content/wowproductimages/large/727349.jpg", "hasCupPrice": true, "cupPrice": "$3.75 / 100G", "unit": "Each", "packageSize": "40g", "barcode": "9335805001640", "brand": "Bounce"}, "w815155-9314807065492": {"store": "woolworths", "name": "Brut Anti-perspirant Enduro Ice", "price": 3, "oldPrice": 6.3, "category": "health-beauty", "imagePath": "https://cdn0.woolworths.media/content/wowproductimages/large/815155.jpg", "hasCupPrice": true, "cupPrice": "$2.00 / 100G", "unit": "Each", "packageSize": "150g", "barcode": "9314807065492", "brand": "Brut"}, "w815156-9314807065508": {"store": "woolworths", "name": "Brut Anti-perspirant Max Defence", "price": 3, "oldPrice": 6.3, "category": "health-beauty", "imagePath": "https://cdn0.woolworths.media/content/wowproductimages/large/815156.jpg", "hasCupPrice": true, "cupPrice": "$2.00 / 100G", "unit": "Each", "packageSize": "150g", "barcode": "9314807065508", "brand": "Brut"}, "w248071-9314807015480": {"store": "woolworths", "name": "Brut Deodorant Aerosol Anti Perspirant Endurance", "price": 3, "oldPrice": 6.3, "category": "health-beauty", "imagePath": "https://cdn0.woolworths.media/content/wowproductimages/large/248071.jpg", "hasCupPrice": true, "cupPrice": "$1.22 / 100ML", "unit": "Each", "packageSize": "150g", "barcode": "9314807015480", "brand": "Brut"}, "w10830-9300666383242": {"store": "woolworths", "name": "Brut Deodorant Aerosol Anti Perspirant Ultra Dry", "price": 3, "oldPrice": 6.3, "category": "health-beauty", "imagePath": "https://cdn0.woolworths.media/content/wowproductimages/large/010830.jpg", "hasCupPrice": true, "cupPrice": "$1.22 / 100ML", "unit": "Each", "packageSize": "150g", "barcode": "9300666383242", "brand": "Brut"}, "w10829-9300666383235": {"store": "woolworths", "name": "Brut Deodorant Aerosol Original", "price": 3, "oldPrice": 6.3, "category": "health-beauty", "imagePath": "https://cdn0.woolworths.media/content/wowproductimages/large/010829.jpg", "hasCupPrice": true, "cupPrice": "$1.22 / 100ML", "unit": "Each", "packageSize": "150g", "barcode": "9300666383235", "brand": "Brut"}, "w53310-5060144644008": {"store": "woolworths", "name": "Bulldog Oil Control Face Wash", "price": 5, "oldPrice": 10, "category": "health-beauty", "imagePath": "https://cdn0.woolworths.media/content/wowproductimages/large/053310.jpg", "hasCupPrice": true, "cupPrice": "$3.33 / 100ML", "unit": "Each", "packageSize": "150ml", "barcode": "5060144644008", "brand": "Bulldog"}, "w53343-5060144643988": {"store": "woolworths", "name": "Bulldog Oil Control Moisturiser", "price": 6.25, "oldPrice": 12.5, "category": "health-beauty", "imagePath": "https://cdn0.woolworths.media/content/wowproductimages/large/053343.jpg", "hasCupPrice": true, "cupPrice": "$6.25 / 100ML", "unit": "Each", "packageSize": "100ml", "barcode": "5060144643988", "brand": "Bulldog"}, "w575970-5060144642240": {"store": "woolworths", "name": "Bulldog Original Face Wash", "price": 5, "oldPrice": 10, "category": "health-beauty", "imagePath": "https://cdn0.woolworths.media/content/wowproductimages/large/575970.jpg", "hasCupPrice": true, "cupPrice": "$3.33 / 100ML", "unit": "Each", "packageSize": "150ml", "barcode": "5060144642240", "brand": "Bulldog"}, "w578732-5060144642813": {"store": "woolworths", "name": "Bulldog Original Face Scrub", "price": 5, "oldPrice": 10, "category": "health-beauty", "imagePath": "https://cdn0.woolworths.media/content/wowproductimages/large/578732.jpg", "hasCupPrice": true, "cupPrice": "$4.00 / 100ML", "unit": "Each", "packageSize": "125ml", "barcode": "5060144642813", "brand": "Bulldog"}, "w673259-5060144643940": {"store": "woolworths", "name": "Bulldog Original Beard Balm", "price": 6, "oldPrice": 12, "category": "health-beauty", "imagePath": "https://cdn0.woolworths.media/content/wowproductimages/large/673259.jpg", "hasCupPrice": true, "cupPrice": "$8.00 / 100ML", "unit": "Each", "packageSize": "75ml", "barcode": "5060144643940", "brand": "Bulldog"}, "w673280-5060144643964": {"store": "woolworths", "name": "Bulldog Original Beard Shampoo", "price": 6, "oldPrice": 12, "category": "health-beauty", "imagePath": "https://cdn0.woolworths.media/content/wowproductimages/large/673280.jpg", "hasCupPrice": true, "cupPrice": "$3.00 / 100ML", "unit": "Each", "packageSize": "200ml", "barcode": "5060144643964", "brand": "Bulldog"}, "w765739-5060144640222": {"store": "woolworths", "name": "Bulldog Face Care Sensitive Moisturizer", "price": 6.25, "oldPrice": 12.5, "category": "health-beauty", "imagePath": "https://cdn0.woolworths.media/content/wowproductimages/large/765739.jpg", "hasCupPrice": true, "cupPrice": "$6.25 / 100ML", "unit": "Each", "packageSize": "100ml", "barcode": "5060144640222", "brand": "Bulldog"}, "w738842-9333583003900": {"store": "woolworths", "name": "Celebrity Slim Low Carb Shake Mix 7 Day Meal Replacement Assort", "price": 21.5, "oldPrice": 43, "category": "health-beauty", "imagePath": "https://cdn0.woolworths.media/content/wowproductimages/large/738842.jpg", "hasCupPrice": true, "cupPrice": "$1.54 / 1EA", "unit": "Each", "packageSize": "14pk", "barcode": "9333583003900", "brand": "Celebrity Slim"}, "w731202-9333583008776": {"store": "woolworths", "name": "Celebrity Slim Rapid Phase Shake Mix Cafe Latte", "price": 17.75, "oldPrice": 35.5, "category": "health-beauty", "imagePath": "https://cdn0.woolworths.media/content/wowproductimages/large/731202.jpg", "hasCupPrice": true, "cupPrice": "$2.11 / 100G", "unit": "Each", "packageSize": "840g", "barcode": "9333583008776", "brand": "Celebrity Slim"}, "w731194-9333583008752": {"store": "woolworths", "name": "Celebrity Slim Rapid Phase Shake Mix Chocolate", "price": 17.75, "oldPrice": 35.5, "category": "health-beauty", "imagePath": "https://cdn0.woolworths.media/content/wowproductimages/large/731194.jpg", "hasCupPrice": true, "cupPrice": "$2.11 / 100G", "unit": "Each", "packageSize": "840g", "barcode": "9333583008752", "brand": "Celebrity Slim"}, "w731213-9333583008844": {"store": "woolworths", "name": "Celebrity Slim Shake Mix Cafe Latte Sachet", "price": 1.75, "oldPrice": 3.5, "category": "health-beauty", "imagePath": "https://cdn0.woolworths.media/content/wowproductimages/large/731213.jpg", "hasCupPrice": true, "cupPrice": "$3.18 / 100G", "unit": "Each", "packageSize": "55g", "barcode": "9333583008844", "brand": "Celebrity Slim"}, "w85959-9300705605922": {"store": "woolworths", "name": "Cenovis Hello Calm Tablets ", "price": 10, "oldPrice": 20, "category": "health-beauty", "imagePath": "https://cdn0.woolworths.media/content/wowproductimages/large/085959.jpg", "hasCupPrice": true, "cupPrice": "$0.33 / 1EA", "unit": "Each", "packageSize": "30 pack", "barcode": "9300705605922", "brand": "Cenovis"}, "w85958-9300705605908": {"store": "woolworths", "name": "Cenovis Hello Detox Capsules ", "price": 10, "oldPrice": 20, "category": "health-beauty", "imagePath": "https://cdn0.woolworths.media/content/wowproductimages/large/085958.jpg", "hasCupPrice": true, "cupPrice": "$0.33 / 1EA", "unit": "Each", "packageSize": "30 pack", "barcode": "9300705605908", "brand": "Cenovis"}, "w85956-9300705605892": {"store": "woolworths", "name": "Cenovis Hello Energy Tablets ", "price": 10, "oldPrice": 20, "category": "health-beauty", "imagePath": "https://cdn0.woolworths.media/content/wowproductimages/large/085956.jpg", "hasCupPrice": true, "cupPrice": "$0.33 / 1EA", "unit": "Each", "packageSize": "30 pack", "barcode": "9300705605892", "brand": "Cenovis"}, "w85962-9300705605885": {"store": "woolworths", "name": "Cenovis Hello Focus ", "price": 10, "oldPrice": 20, "category": "health-beauty", "imagePath": "https://cdn0.woolworths.media/content/wowproductimages/large/085962.jpg", "hasCupPrice": true, "cupPrice": "$0.33 / 1EA", "unit": "Each", "packageSize": "30 pack", "barcode": "9300705605885", "brand": "Cenovis"}, "w85963-9300705605915": {"store": "woolworths", "name": "Cenovis Hello?immunity Tablets ", "price": 10, "oldPrice": 20, "category": "health-beauty", "imagePath": "https://cdn0.woolworths.media/content/wowproductimages/large/085963.jpg", "hasCupPrice": true, "cupPrice": "$0.33 / 1EA", "unit": "Each", "packageSize": "30 pack", "barcode": "9300705605915", "brand": "Cenovis"}, "w61677-9346720001561": {"store": "woolworths", "name": "Disney Frozen 2 In 1 Shampoo & Conditioner", "price": 3, "oldPrice": 6, "category": "health-beauty", "imagePath": "https://cdn0.woolworths.media/content/wowproductimages/large/061677.jpg", "hasCupPrice": true, "cupPrice": "$0.86 / 100ML", "unit": "Each", "packageSize": "350ml", "barcode": "9346720001561", "brand": "Disney"}, "w61678-9346720001578": {"store": "woolworths", "name": "Disney Frozen Detangling Sray ", "price": 3, "oldPrice": 6, "category": "health-beauty", "imagePath": "https://cdn0.woolworths.media/content/wowproductimages/large/061678.jpg", "hasCupPrice": true, "cupPrice": "$1.50 / 100ML", "unit": "Each", "packageSize": "200ml", "barcode": "9346720001578", "brand": "Disney"}, "w46670-9346720001752": {"store": "woolworths", "name": "Frozen Elsa Hair Ties ", "price": 2.5, "oldPrice": 5, "category": "health-beauty", "imagePath": "https://cdn0.woolworths.media/content/wowproductimages/large/046670.jpg", "hasCupPrice": false, "cupPrice": "$0.00 / 0", "unit": "Each", "packageSize": "4 pack", "barcode": "9346720001752", "brand": "Frozen"}, "w46817-9346720002209": {"store": "woolworths", "name": "Frozen Hair Brush ", "price": 5, "oldPrice": 10, "category": "health-beauty", "imagePath": "https://cdn0.woolworths.media/content/wowproductimages/large/046817.jpg", "hasCupPrice": false, "cupPrice": "$0.00 / 0", "unit": "Each", "packageSize": "each", "barcode": "9346720002209", "brand": "Frozen"}, "w46801-9346720001790": {"store": "woolworths", "name": "Frozen Hair Tie & Clips ", "price": 2.5, "oldPrice": 5, "category": "health-beauty", "imagePath": "https://cdn0.woolworths.media/content/wowproductimages/large/046801.jpg", "hasCupPrice": false, "cupPrice": "$0.00 / 0", "unit": "Each", "packageSize": "each", "barcode": "9346720001790", "brand": "Frozen"}, "w46803-9346720001738": {"store": "woolworths", "name": "Frozen Heart Hair Clips ", "price": 2.5, "oldPrice": 5, "category": "health-beauty", "imagePath": "https://cdn0.woolworths.media/content/wowproductimages/large/046803.jpg", "hasCupPrice": false, "cupPrice": "$0.00 / 0", "unit": "Each", "packageSize": "2 pack", "barcode": "9346720001738", "brand": "Frozen"}, "w815665-5391532120911": {"store": "woolworths", "name": "Fulfil Bar Milk Chocolate & Mint", "price": 2, "oldPrice": 4, "category": "health-beauty", "imagePath": "https://cdn0.woolworths.media/content/wowproductimages/large/815665.jpg", "hasCupPrice": true, "cupPrice": "$3.64 / 100G", "unit": "Each", "packageSize": "55g", "barcode": "5391532120911", "brand": "Fulfil"}, "w815677-5391532120973": {"store": "woolworths", "name": "Fulfil Bar White Chocolate & Cookie Dough", "price": 2, "oldPrice": 4, "category": "health-beauty", "imagePath": "https://cdn0.woolworths.media/content/wowproductimages/large/815677.jpg", "hasCupPrice": true, "cupPrice": "$3.64 / 100G", "unit": "Each", "packageSize": "55g", "barcode": "5391532120973", "brand": "Fulfil"}, "w52871-3600542221061": {"store": "woolworths", "name": "Garnier Fructis Aloe Vera Hair Food Mask", "price": 6, "oldPrice": 12, "category": "health-beauty", "imagePath": "https://cdn0.woolworths.media/content/wowproductimages/large/052871.jpg", "hasCupPrice": true, "cupPrice": "$1.54 / 100ML", "unit": "Each", "packageSize": "390ml", "barcode": "3600542221061", "brand": "Garnier"}, "w802568-8901526541263": {"store": "woolworths", "name": "Garnier Fructis Coconut No Frizz Conditioner", "price": 3.5, "oldPrice": 7, "category": "health-beauty", "imagePath": "https://cdn0.woolworths.media/content/wowproductimages/large/802568.jpg", "hasCupPrice": true, "cupPrice": "$1.11 / 100ML", "unit": "Each", "packageSize": "315ml", "barcode": "8901526541263", "brand": "Garnier"}, "w802567-8901526540761": {"store": "woolworths", "name": "Garnier Fructis Coconut No Frizz Shampoo", "price": 3.5, "oldPrice": 7, "category": "health-beauty", "imagePath": "https://cdn0.woolworths.media/content/wowproductimages/large/802567.jpg", "hasCupPrice": true, "cupPrice": "$1.11 / 100ML", "unit": "Each", "packageSize": "315ml", "barcode": "8901526540761", "brand": "Garnier"}, "w802560-8901526537068": {"store": "woolworths", "name": "Garnier Fructis Coconut Water Conditioner", "price": 3.5, "oldPrice": 7, "category": "health-beauty", "imagePath": "https://cdn0.woolworths.media/content/wowproductimages/large/802560.jpg", "hasCupPrice": true, "cupPrice": "$1.11 / 100ML", "unit": "Each", "packageSize": "315ml", "barcode": "8901526537068", "brand": "Garnier"}, "w802575-8901526538768": {"store": "woolworths", "name": "Garnier Fructis Coconut Water Conditioner", "price": 7.5, "oldPrice": 15, "category": "health-beauty", "imagePath": "https://cdn0.woolworths.media/content/wowproductimages/large/802575.jpg", "hasCupPrice": true, "cupPrice": "$0.88 / 100ML", "unit": "Each", "packageSize": "850ml", "barcode": "8901526538768", "brand": "Garnier"}, "w802539-8901526536764": {"store": "woolworths", "name": "Garnier Fructis Coconut Water Shampoo", "price": 3.5, "oldPrice": 7, "category": "health-beauty", "imagePath": "https://cdn0.woolworths.media/content/wowproductimages/large/802539.jpg", "hasCupPrice": true, "cupPrice": "$1.11 / 100ML", "unit": "Each", "packageSize": "315ml", "barcode": "8901526536764", "brand": "Garnier"}, "w802576-8901526537365": {"store": "woolworths", "name": "Garnier Fructis Coconut Water Shampoo", "price": 7.5, "oldPrice": 15, "category": "health-beauty", "imagePath": "https://cdn0.woolworths.media/content/wowproductimages/large/802576.jpg", "hasCupPrice": true, "cupPrice": "$0.88 / 100ML", "unit": "Each", "packageSize": "850ml", "barcode": "8901526537365", "brand": "Garnier"}, "w802538-8901526537112": {"store": "woolworths", "name": "Garnier Fructis Colour Last Conditioner", "price": 3.5, "oldPrice": 7, "category": "health-beauty", "imagePath": "https://cdn0.woolworths.media/content/wowproductimages/large/802538.jpg", "hasCupPrice": true, "cupPrice": "$1.11 / 100ML", "unit": "Each", "packageSize": "315ml", "barcode": "8901526537112", "brand": "Garnier"}, "w804092-8901526537662": {"store": "woolworths", "name": "Garnier Fructis Colour Last Conditioner", "price": 7.5, "oldPrice": 15, "category": "health-beauty", "imagePath": "https://cdn0.woolworths.media/content/wowproductimages/large/804092.jpg", "hasCupPrice": true, "cupPrice": "$0.88 / 100ML", "unit": "Each", "packageSize": "850ml", "barcode": "8901526537662", "brand": "Garnier"}, "w802537-8901526536818": {"store": "woolworths", "name": "Garnier Fructis Colour Last Shampoo", "price": 3.5, "oldPrice": 7, "category": "health-beauty", "imagePath": "https://cdn0.woolworths.media/content/wowproductimages/large/802537.jpg", "hasCupPrice": true, "cupPrice": "$1.11 / 100ML", "unit": "Each", "packageSize": "315ml", "barcode": "8901526536818", "brand": "Garnier"}, "w804095-8901526537419": {"store": "woolworths", "name": "Garnier Fructis Colour Last Shampoo", "price": 7.5, "oldPrice": 15, "category": "health-beauty", "imagePath": "https://cdn0.woolworths.media/content/wowproductimages/large/804095.jpg", "hasCupPrice": true, "cupPrice": "$0.88 / 100ML", "unit": "Each", "packageSize": "850ml", "barcode": "8901526537419", "brand": "Garnier"}, "w802562-8901526537167": {"store": "woolworths", "name": "Garnier Fructis Full & Luscious Conditioner", "price": 3.5, "oldPrice": 7, "category": "health-beauty", "imagePath": "https://cdn0.woolworths.media/content/wowproductimages/large/802562.jpg", "hasCupPrice": true, "cupPrice": "$1.11 / 100ML", "unit": "Each", "packageSize": "315ml", "barcode": "8901526537167", "brand": "Garnier"}, "w804089-8901526537716": {"store": "woolworths", "name": "Garnier Fructis Full & Luscious Conditioner", "price": 7.5, "oldPrice": 15, "category": "health-beauty", "imagePath": "https://cdn0.woolworths.media/content/wowproductimages/large/804089.jpg", "hasCupPrice": true, "cupPrice": "$0.88 / 100ML", "unit": "Each", "packageSize": "850ml", "barcode": "8901526537716", "brand": "Garnier"}, "w802561-8901526536863": {"store": "woolworths", "name": "Garnier Fructis Full & Luscious Shampoo", "price": 3.5, "oldPrice": 7, "category": "health-beauty", "imagePath": "https://cdn0.woolworths.media/content/wowproductimages/large/802561.jpg", "hasCupPrice": true, "cupPrice": "$1.11 / 100ML", "unit": "Each", "packageSize": "315ml", "barcode": "8901526536863", "brand": "Garnier"}, "w804101-8901526537464": {"store": "woolworths", "name": "Garnier Fructis Full & Luscious Shampoo", "price": 7.5, "oldPrice": 15, "category": "health-beauty", "imagePath": "https://cdn0.woolworths.media/content/wowproductimages/large/804101.jpg", "hasCupPrice": true, "cupPrice": "$0.88 / 100ML", "unit": "Each", "packageSize": "850ml", "barcode": "8901526537464", "brand": "Garnier"}, "w802570-8901526538812": {"store": "woolworths", "name": "Garnier Fructis Normal Strength & Shine Conditioner", "price": 7.5, "oldPrice": 15, "category": "health-beauty", "imagePath": "https://cdn0.woolworths.media/content/wowproductimages/large/802570.jpg", "hasCupPrice": true, "cupPrice": "$0.88 / 100ML", "unit": "Each", "packageSize": "850ml", "barcode": "8901526538812", "brand": "Garnier"}, "w802535-8901526537266": {"store": "woolworths", "name": "Garnier Fructis Normal Strength & Shine Conditioner", "price": 3.5, "oldPrice": 7, "category": "health-beauty", "imagePath": "https://cdn0.woolworths.media/content/wowproductimages/large/802535.jpg", "hasCupPrice": true, "cupPrice": "$1.11 / 100ML", "unit": "Each", "packageSize": "315ml", "barcode": "8901526537266", "brand": "Garnier"}, "w802536-8901526536962": {"store": "woolworths", "name": "Garnier Fructis Normal Strength & Shine Shampoo", "price": 3.5, "oldPrice": 7, "category": "health-beauty", "imagePath": "https://cdn0.woolworths.media/content/wowproductimages/large/802536.jpg", "hasCupPrice": true, "cupPrice": "$1.11 / 100ML", "unit": "Each", "packageSize": "315ml", "barcode": "8901526536962", "brand": "Garnier"}, "w802569-8901526537563": {"store": "woolworths", "name": "Garnier Fructis Normal Strength & Shine Shampoo", "price": 7.5, "oldPrice": 15, "category": "health-beauty", "imagePath": "https://cdn0.woolworths.media/content/wowproductimages/large/802569.jpg", "hasCupPrice": true, "cupPrice": "$0.88 / 100ML", "unit": "Each", "packageSize": "850ml", "barcode": "8901526537563", "brand": "Garnier"}, "w682765-3600542143585": {"store": "woolworths", "name": "Garnier Fructis Nourishing Banana Hair Food", "price": 6, "oldPrice": 12, "category": "health-beauty", "imagePath": "https://cdn0.woolworths.media/content/wowproductimages/large/682765.jpg", "hasCupPrice": true, "cupPrice": "$1.54 / 100ML", "unit": "Each", "packageSize": "390ml", "barcode": "3600542143585", "brand": "Garnier"}, "w802564-8901526537310": {"store": "woolworths", "name": "Garnier Fructis Nutri-repair 3 Conditioner", "price": 3.5, "oldPrice": 7, "category": "health-beauty", "imagePath": "https://cdn0.woolworths.media/content/wowproductimages/large/802564.jpg", "hasCupPrice": true, "cupPrice": "$1.11 / 100ML", "unit": "Each", "packageSize": "315ml", "barcode": "8901526537310", "brand": "Garnier"}, "w802572-8901526537815": {"store": "woolworths", "name": "Garnier Fructis Nutri-repair 3 Conditioner", "price": 7.5, "oldPrice": 15, "category": "health-beauty", "imagePath": "https://cdn0.woolworths.media/content/wowproductimages/large/802572.jpg", "hasCupPrice": true, "cupPrice": "$0.88 / 100ML", "unit": "Each", "packageSize": "850ml", "barcode": "8901526537815", "brand": "Garnier"}, "w802571-8901526537617": {"store": "woolworths", "name": "Garnier Fructis Nutri-repair 3 Shampoo", "price": 7.5, "oldPrice": 15, "category": "health-beauty", "imagePath": "https://cdn0.woolworths.media/content/wowproductimages/large/802571.jpg", "hasCupPrice": true, "cupPrice": "$0.88 / 100ML", "unit": "Each", "packageSize": "850ml", "barcode": "8901526537617", "brand": "Garnier"}, "w802563-8901526537013": {"store": "woolworths", "name": "Garnier Fructis Nutri-repair 3 Shampoo", "price": 3.5, "oldPrice": 7, "category": "health-beauty", "imagePath": "https://cdn0.woolworths.media/content/wowproductimages/large/802563.jpg", "hasCupPrice": true, "cupPrice": "$1.11 / 100ML", "unit": "Each", "packageSize": "315ml", "barcode": "8901526537013", "brand": "Garnier"}, "w682771-3600542143592": {"store": "woolworths", "name": "Garnier Fructis Smoothing Macadamia Hair Food", "price": 6, "oldPrice": 12, "category": "health-beauty", "imagePath": "https://cdn0.woolworths.media/content/wowproductimages/large/682771.jpg", "hasCupPrice": true, "cupPrice": "$1.54 / 100ML", "unit": "Each", "packageSize": "390ml", "barcode": "3600542143592", "brand": "Garnier"}, "w682780-3600542143608": {"store": "woolworths", "name": "Garnier Fructis Repairing Papaya Hair Food", "price": 6, "oldPrice": 12, "category": "health-beauty", "imagePath": "https://cdn0.woolworths.media/content/wowproductimages/large/682780.jpg", "hasCupPrice": true, "cupPrice": "$1.54 / 100ML", "unit": "Each", "packageSize": "390ml", "barcode": "3600542143608", "brand": "Garnier Fructis"}, "w55600-9330344009911": {"store": "woolworths", "name": "Hawaiian Tropic Duo Defence Spf50+ Sunscreen", "price": 8.75, "oldPrice": 17.5, "category": "health-beauty", "imagePath": "https://cdn0.woolworths.media/content/wowproductimages/large/055600.jpg", "hasCupPrice": true, "cupPrice": "$4.86 / 100ML", "unit": "Each", "packageSize": "180ml", "barcode": "9330344009911", "brand": "Hawaiian Tropic"}, "w61689-9346720001554": {"store": "woolworths", "name": "Marvel Boys 2 In 1 Shampo & Conditioner", "price": 3, "oldPrice": 6, "category": "health-beauty", "imagePath": "https://cdn0.woolworths.media/content/wowproductimages/large/061689.jpg", "hasCupPrice": true, "cupPrice": "$0.86 / 100ML", "unit": "Each", "packageSize": "350ml", "barcode": "9346720001554", "brand": "Marvel"}, "w818753-9344329167992": {"store": "woolworths", "name": "Maybelline Lemonade Eyeshadow Palette", "price": 13, "oldPrice": 29, "category": "health-beauty", "imagePath": "https://cdn0.woolworths.media/content/wowproductimages/large/818753.jpg", "hasCupPrice": true, "cupPrice": "$10.83 / 10G", "unit": "Each", "packageSize": "12g", "barcode": "9344329167992", "brand": "Maybelline"}, "w868506-9329370214963": {"store": "woolworths", "name": "Mud Concealer 001 Ivory", "price": 2, "oldPrice": 4.5, "category": "health-beauty", "imagePath": "https://cdn0.woolworths.media/content/wowproductimages/large/868506.jpg", "hasCupPrice": true, "cupPrice": "$9.52 / 10G", "unit": "Each", "packageSize": "2.1g", "barcode": "9329370214963", "brand": "Mud"}, "w627658-9325740029304": {"store": "woolworths", "name": "Naturopathica Fat Blaster Chocolate Shake", "price": 10, "oldPrice": 20, "category": "health-beauty", "imagePath": "https://cdn0.woolworths.media/content/wowproductimages/large/627658.jpg", "hasCupPrice": true, "cupPrice": "$2.33 / 100G", "unit": "Each", "packageSize": "430g", "barcode": "9325740029304", "brand": "Naturopathica"}, "w699823-9325740030317": {"store": "woolworths", "name": "Naturopathica Fat Blaster Keto Fit Protein Chocolate", "price": 15, "oldPrice": 30, "category": "health-beauty", "imagePath": "https://cdn0.woolworths.media/content/wowproductimages/large/699823.jpg", "hasCupPrice": true, "cupPrice": "$5.00 / 100G", "unit": "Each", "packageSize": "300g", "barcode": "9325740030317", "brand": "Naturopathica"}, "w627659-9325740029328": {"store": "woolworths", "name": "Naturopathica Fat Blaster Mocha Shake", "price": 10, "oldPrice": 20, "category": "health-beauty", "imagePath": "https://cdn0.woolworths.media/content/wowproductimages/large/627659.jpg", "hasCupPrice": true, "cupPrice": "$2.33 / 100G", "unit": "Each", "packageSize": "430g", "barcode": "9325740029328", "brand": "Naturopathica"}, "w627673-9325740029335": {"store": "woolworths", "name": "Naturopathica Fat Blaster Raspberry Shake", "price": 10, "oldPrice": 20, "category": "health-beauty", "imagePath": "https://cdn0.woolworths.media/content/wowproductimages/large/627673.jpg", "hasCupPrice": true, "cupPrice": "$2.33 / 100G", "unit": "Each", "packageSize": "430g", "barcode": "9325740029335", "brand": "Naturopathica"}, "w627674-9325740029311": {"store": "woolworths", "name": "Naturopathica Fat Blaster Vanilla Shake", "price": 10, "oldPrice": 20, "category": "health-beauty", "imagePath": "https://cdn0.woolworths.media/content/wowproductimages/large/627674.jpg", "hasCupPrice": true, "cupPrice": "$2.33 / 100G", "unit": "Each", "packageSize": "430g", "barcode": "9325740029311", "brand": "Naturopathica"}, "w676209-9300607562033": {"store": "woolworths", "name": "Neutrogena Hydro Boost Hydrating Hydrogel Mask", "price": 3, "oldPrice": 6, "category": "health-beauty", "imagePath": "https://cdn0.woolworths.media/content/wowproductimages/large/676209.jpg", "hasCupPrice": true, "cupPrice": "$10.00 / 100G", "unit": "Each", "packageSize": "30g", "barcode": "9300607562033", "brand": "Neutrogena"}, "w676257-93551779": {"store": "woolworths", "name": "Neutrogena Hydro Boost Hydrating Sleeping Mask", "price": 2.5, "oldPrice": 5, "category": "health-beauty", "imagePath": "https://cdn0.woolworths.media/content/wowproductimages/large/676257.jpg", "hasCupPrice": true, "cupPrice": "$25.00 / 100ML", "unit": "Each", "packageSize": "10ml", "barcode": "93551779", "brand": "Neutrogena"}, "w821306-9300607562507": {"store": "woolworths", "name": "Neutrogena Peel Of Mask Purifying", "price": 3, "oldPrice": 6, "category": "health-beauty", "imagePath": "https://cdn0.woolworths.media/content/wowproductimages/large/821306.jpg", "hasCupPrice": true, "cupPrice": "$30.00 / 100G", "unit": "Each", "packageSize": "10g", "barcode": "9300607562507", "brand": "Neutrogena"}, "w567594-9300607561760": {"store": "woolworths", "name": "Neutrogena Rapid Wrinkle Repair Anti-ageing Moisturiser Night", "price": 20, "oldPrice": 40, "category": "health-beauty", "imagePath": "https://cdn0.woolworths.media/content/wowproductimages/large/567594.jpg", "hasCupPrice": true, "cupPrice": "$68.97 / 100ML", "unit": "Each", "packageSize": "29ml", "barcode": "9300607561760", "brand": "Neutrogena"}, "w821705-70501110980": {"store": "woolworths", "name": "Neutrogena Rapid Wrinkle Repair Regenerating Cream", "price": 24.5, "oldPrice": 49, "category": "health-beauty", "imagePath": "https://cdn0.woolworths.media/content/wowproductimages/large/821705.jpg", "hasCupPrice": true, "cupPrice": "$5.10 / 10G", "unit": "Each", "packageSize": "48g", "barcode": "70501110980", "brand": "Neutrogena"}, "w55744-9300607562552": {"store": "woolworths", "name": "Neutrogena Rapid Wrinkle Repair Retinol Oil", "price": 21.5, "oldPrice": 43, "category": "health-beauty", "imagePath": "https://cdn0.woolworths.media/content/wowproductimages/large/055744.jpg", "hasCupPrice": true, "cupPrice": "$71.67 / 100ML", "unit": "Each", "packageSize": "30ml", "barcode": "9300607562552", "brand": "Neutrogena"}, "w567539-9300607561753": {"store": "woolworths", "name": "Neutrogena Rapid Wrinkle Repair Anti Ageing Broad Spectrum Spf 15", "price": 20, "oldPrice": 40, "category": "health-beauty", "imagePath": "https://cdn0.woolworths.media/content/wowproductimages/large/567539.jpg", "hasCupPrice": true, "cupPrice": "$68.97 / 100ML", "unit": "Each", "packageSize": "29ml", "barcode": "9300607561753", "brand": "Neutrogena"}, "w676250-9300607562019": {"store": "woolworths", "name": "Neutrogena Youthful Boost Smoothing Hydrogel Mask", "price": 3, "oldPrice": 6, "category": "health-beauty", "imagePath": "https://cdn0.woolworths.media/content/wowproductimages/large/676250.jpg", "hasCupPrice": true, "cupPrice": "$10.00 / 100G", "unit": "Each", "packageSize": "30g", "barcode": "9300607562019", "brand": "Neutrogena"}, "w76024-9314807067786": {"store": "woolworths", "name": "Norsca 0% Aluminium Antiperspirant Refreshing Vetiver Deodorant", "price": 4, "oldPrice": 8, "category": "health-beauty", "imagePath": "https://cdn0.woolworths.media/content/wowproductimages/large/076024.jpg", "hasCupPrice": true, "cupPrice": "$2.67 / 100G", "unit": "Each", "packageSize": "245ml", "barcode": "9314807067786", "brand": "Norsca"}, "w77192-9314807067779": {"store": "woolworths", "name": "Norsca 0% Aluminium Antiperspirant Rosewater & Lotus Deodorant", "price": 4, "oldPrice": 8, "category": "health-beauty", "imagePath": "https://cdn0.woolworths.media/content/wowproductimages/large/077192.jpg", "hasCupPrice": true, "cupPrice": "$2.67 / 100G", "unit": "Each", "packageSize": "245ml", "barcode": "9314807067779", "brand": "Norsca"}, "w75705-93549882": {"store": "woolworths", "name": "Norsca 0% Aluminium Antiperspirant Rosewater & Lotus Roll-on", "price": 2.5, "oldPrice": 5, "category": "health-beauty", "imagePath": "https://cdn0.woolworths.media/content/wowproductimages/large/075705.jpg", "hasCupPrice": true, "cupPrice": "$5.00 / 100ML", "unit": "Each", "packageSize": "50ml", "barcode": "93549882", "brand": "Norsca"}, "w824755-9314807042639": {"store": "woolworths", "name": "Norsca Deodorant Aerosol Baby Powder Antiperspirant", "price": 3, "oldPrice": 6, "category": "health-beauty", "imagePath": "https://cdn0.woolworths.media/content/wowproductimages/large/824755.jpg", "hasCupPrice": true, "cupPrice": "$1.22 / 100ML", "unit": "Each", "packageSize": "150g", "barcode": "9314807042639", "brand": "Norsca"}, "w370625-9314807020392": {"store": "woolworths", "name": "Norsca Deodorant Aerosol Clear Passion Flower", "price": 3, "oldPrice": 6, "category": "health-beauty", "imagePath": "https://cdn0.woolworths.media/content/wowproductimages/large/370625.jpg", "hasCupPrice": true, "cupPrice": "$1.22 / 100ML", "unit": "Each", "packageSize": "150g", "barcode": "9314807020392", "brand": "Norsca"}, "w1100-9300666335005": {"store": "woolworths", "name": "Norsca Deodorant Aerosol Forest Fresh", "price": 3, "oldPrice": 6, "category": "health-beauty", "imagePath": "https://cdn0.woolworths.media/content/wowproductimages/large/001100.jpg", "hasCupPrice": true, "cupPrice": "$1.22 / 100ML", "unit": "Each", "packageSize": "150g", "barcode": "9300666335005", "brand": "Norsca"}, "w370615-9314807024116": {"store": "woolworths", "name": "Norsca Deodorant Aerosol Instant Adrenalin", "price": 3, "oldPrice": 6, "category": "health-beauty", "imagePath": "https://cdn0.woolworths.media/content/wowproductimages/large/370615.jpg", "hasCupPrice": true, "cupPrice": "$1.22 / 100ML", "unit": "Each", "packageSize": "150g", "barcode": "9314807024116", "brand": "Norsca"}, "w336248-22796910080": {"store": "woolworths", "name": "Ogx Anti-breakage Serum Nourishing Coconut Milk", "price": 10, "oldPrice": 20, "category": "health-beauty", "imagePath": "https://cdn0.woolworths.media/content/wowproductimages/large/336248.jpg", "hasCupPrice": true, "cupPrice": "$8.47 / 100ML", "unit": "Each", "packageSize": "118ml", "barcode": "22796910080", "brand": "Ogx"}, "w85695-9300607610482": {"store": "woolworths", "name": "Ogx Argan Oil Of Morocco Dry Shampoo", "price": 10, "oldPrice": 20, "category": "health-beauty", "imagePath": "https://cdn0.woolworths.media/content/wowproductimages/large/085695.jpg", "hasCupPrice": true, "cupPrice": "$5.00 / 100ML", "unit": "Each", "packageSize": "200ml", "barcode": "9300607610482", "brand": "Ogx"}, "w699862-22796916716": {"store": "woolworths", "name": "Ogx Biotin Collagen Conditioner ", "price": 10, "oldPrice": 20, "category": "health-beauty", "imagePath": "https://cdn0.woolworths.media/content/wowproductimages/large/699862.jpg", "hasCupPrice": true, "cupPrice": "$2.60 / 100ML", "unit": "Each", "packageSize": "385ml", "barcode": "22796916716", "brand": "Ogx"}, "w699861-22796916709": {"store": "woolworths", "name": "Ogx Biotin Collagen Shampoo ", "price": 10, "oldPrice": 20, "category": "health-beauty", "imagePath": "https://cdn0.woolworths.media/content/wowproductimages/large/699861.jpg", "hasCupPrice": true, "cupPrice": "$2.60 / 100ML", "unit": "Each", "packageSize": "385ml", "barcode": "22796916709", "brand": "Ogx"}, "w376590-22796916013": {"store": "woolworths", "name": "Ogx Brazilian Keratin Therapy Shampoo", "price": 10, "oldPrice": 20, "category": "health-beauty", "imagePath": "https://cdn0.woolworths.media/content/wowproductimages/large/376590.jpg", "hasCupPrice": true, "cupPrice": "$2.60 / 100ML", "unit": "Each", "packageSize": "385ml", "barcode": "22796916013", "brand": "Ogx"}, "w892991-22796900814": {"store": "woolworths", "name": "Ogx Cherry Blossom Conditioner", "price": 10, "oldPrice": 20, "category": "health-beauty", "imagePath": "https://cdn0.woolworths.media/content/wowproductimages/large/892991.jpg", "hasCupPrice": true, "cupPrice": "$2.60 / 100ML", "unit": "Each", "packageSize": "385ml", "barcode": "22796900814", "brand": "Ogx"}, "w892988-22796900807": {"store": "woolworths", "name": "Ogx Cherry Blossom Shampoo", "price": 10, "oldPrice": 20, "category": "health-beauty", "imagePath": "https://cdn0.woolworths.media/content/wowproductimages/large/892988.jpg", "hasCupPrice": true, "cupPrice": "$2.60 / 100ML", "unit": "Each", "packageSize": "385ml", "barcode": "22796900807", "brand": "Ogx"}, "w84979-9300607610499": {"store": "woolworths", "name": "Ogx Coconut Milk Dry Shampoo ", "price": 10, "oldPrice": 20, "category": "health-beauty", "imagePath": "https://cdn0.woolworths.media/content/wowproductimages/large/084979.jpg", "hasCupPrice": true, "cupPrice": "$5.00 / 100ML", "unit": "Each", "packageSize": "200ml", "barcode": "9300607610499", "brand": "Ogx"}, "w601151-22796901224": {"store": "woolworths", "name": "Ogx Coconut Miracle Oil Penetrating Oil", "price": 10.5, "oldPrice": 21, "category": "health-beauty", "imagePath": "https://cdn0.woolworths.media/content/wowproductimages/large/601151.jpg", "hasCupPrice": true, "cupPrice": "$10.50 / 100ML", "unit": "Each", "packageSize": "100ml", "barcode": "22796901224", "brand": "Ogx"}, "w600932-22796901200": {"store": "woolworths", "name": "Ogx Coconut Miracle Oil Shampoo", "price": 10.5, "oldPrice": 21, "category": "health-beauty", "imagePath": "https://cdn0.woolworths.media/content/wowproductimages/large/600932.jpg", "hasCupPrice": true, "cupPrice": "$2.73 / 100ML", "unit": "Each", "packageSize": "385ml", "barcode": "22796901200", "brand": "Ogx"}, "w601150-22796901217": {"store": "woolworths", "name": "Ogx Coconut Miracle Oil Extra Strength Conditioner", "price": 10.5, "oldPrice": 21, "category": "health-beauty", "imagePath": "https://cdn0.woolworths.media/content/wowproductimages/large/601150.jpg", "hasCupPrice": true, "cupPrice": "$2.73 / 100ML", "unit": "Each", "packageSize": "385ml", "barcode": "22796901217", "brand": "Ogx"}, "w85060-3574661531847": {"store": "woolworths", "name": "Ogx Coconut Oil Air Dry Cream ", "price": 10.5, "oldPrice": 21, "category": "health-beauty", "imagePath": "https://cdn0.woolworths.media/content/wowproductimages/large/085060.jpg", "hasCupPrice": true, "cupPrice": "$5.93 / 100ML", "unit": "Each", "packageSize": "177ml", "barcode": "3574661531847", "brand": "Ogx"}, "w821691-22796642011": {"store": "woolworths", "name": "Ogx Conditioner Charcoal Detox", "price": 10, "oldPrice": 20, "category": "health-beauty", "imagePath": "https://cdn0.woolworths.media/content/wowproductimages/large/821691.jpg", "hasCupPrice": true, "cupPrice": "$2.60 / 100ML", "unit": "Each", "packageSize": "385ml", "barcode": "22796642011", "brand": "Ogx"}, "w821690-22796610522": {"store": "woolworths", "name": "Ogx Conditioner Green Tea Fitness", "price": 10, "oldPrice": 20, "category": "health-beauty", "imagePath": "https://cdn0.woolworths.media/content/wowproductimages/large/821690.jpg", "hasCupPrice": true, "cupPrice": "$2.60 / 100ML", "unit": "Each", "packageSize": "385ml", "barcode": "22796610522", "brand": "Ogx"}, "w376591-22796916020": {"store": "woolworths", "name": "Ogx Conditioner Ever Straight Brazilian Keratin Therapy", "price": 10, "oldPrice": 20, "category": "health-beauty", "imagePath": "https://cdn0.woolworths.media/content/wowproductimages/large/376591.jpg", "hasCupPrice": true, "cupPrice": "$2.60 / 100ML", "unit": "Each", "packageSize": "385ml", "barcode": "22796916020", "brand": "Ogx"}, "w725754-22796916129": {"store": "woolworths", "name": "Ogx Conditioner Renewing Argan Oil Of Morocco", "price": 10, "oldPrice": 20, "category": "health-beauty", "imagePath": "https://cdn0.woolworths.media/content/wowproductimages/large/725754.jpg", "hasCupPrice": true, "cupPrice": "$2.60 / 100ML", "unit": "Each", "packageSize": "385ml", "barcode": "22796916129", "brand": "Ogx"}, "w486564-22796907028": {"store": "woolworths", "name": "Ogx Conditioner Strength & Body Bamboo Fiber-full", "price": 10, "oldPrice": 20, "category": "health-beauty", "imagePath": "https://cdn0.woolworths.media/content/wowproductimages/large/486564.jpg", "hasCupPrice": true, "cupPrice": "$2.60 / 100ML", "unit": "Each", "packageSize": "385ml", "barcode": "22796907028", "brand": "Ogx"}, "w486575-22796900111": {"store": "woolworths", "name": "Ogx Extra Strength Argan Oil Of Morocco Conditioner", "price": 10.5, "oldPrice": 21, "category": "health-beauty", "imagePath": "https://cdn0.woolworths.media/content/wowproductimages/large/486575.jpg", "hasCupPrice": true, "cupPrice": "$2.73 / 100ML", "unit": "Each", "packageSize": "385ml", "barcode": "22796900111", "brand": "Ogx"}, "w486585-22796900104": {"store": "woolworths", "name": "Ogx Extra Strength Argan Oil Of Morocco Shampoo", "price": 10.5, "oldPrice": 21, "category": "health-beauty", "imagePath": "https://cdn0.woolworths.media/content/wowproductimages/large/486585.jpg", "hasCupPrice": true, "cupPrice": "$2.73 / 100ML", "unit": "Each", "packageSize": "385ml", "barcode": "22796900104", "brand": "Ogx"}, "w84912-52800674882": {"store": "woolworths", "name": "Ogx Extra Volume Biotin & Collagen Conditioner", "price": 10.5, "oldPrice": 21, "category": "health-beauty", "imagePath": "https://cdn0.woolworths.media/content/wowproductimages/large/084912.jpg", "hasCupPrice": true, "cupPrice": "$2.73 / 100ML", "unit": "Each", "packageSize": "385ml", "barcode": "52800674882", "brand": "Ogx"}, "w78350-52800674875": {"store": "woolworths", "name": "Ogx Extra Volume Biotin & Collagen Shampoo", "price": 10.5, "oldPrice": 21, "category": "health-beauty", "imagePath": "https://cdn0.woolworths.media/content/wowproductimages/large/078350.jpg", "hasCupPrice": true, "cupPrice": "$2.73 / 100ML", "unit": "Each", "packageSize": "385ml", "barcode": "52800674875", "brand": "Ogx"}, "w83980-3574661542300": {"store": "woolworths", "name": "Ogx Flexible Hold Hairspray ", "price": 10.5, "oldPrice": 21, "category": "health-beauty", "imagePath": "https://cdn0.woolworths.media/content/wowproductimages/large/083980.jpg", "hasCupPrice": true, "cupPrice": "$5.93 / 100ML", "unit": "Each", "packageSize": "177ml", "barcode": "3574661542300", "brand": "Ogx"}, "w725643-22796916136": {"store": "woolworths", "name": "Ogx Intense Moisturizing Treatment Argan Oil Of Morocco", "price": 10, "oldPrice": 20, "category": "health-beauty", "imagePath": "https://cdn0.woolworths.media/content/wowproductimages/large/725643.jpg", "hasCupPrice": true, "cupPrice": "$4.22 / 100ML", "unit": "Each", "packageSize": "237ml", "barcode": "22796916136", "brand": "Ogx"}, "w662624-22796901613": {"store": "woolworths", "name": "Ogx Lavender Luminescent Platinum Conditioner", "price": 10, "oldPrice": 20, "category": "health-beauty", "imagePath": "https://cdn0.woolworths.media/content/wowproductimages/large/662624.jpg", "hasCupPrice": true, "cupPrice": "$2.60 / 100ML", "unit": "Each", "packageSize": "385ml", "barcode": "22796901613", "brand": "Ogx"}, "w662623-22796901606": {"store": "woolworths", "name": "Ogx Lavender Luminescent Platinum Shampoo", "price": 10, "oldPrice": 20, "category": "health-beauty", "imagePath": "https://cdn0.woolworths.media/content/wowproductimages/large/662623.jpg", "hasCupPrice": true, "cupPrice": "$2.60 / 100ML", "unit": "Each", "packageSize": "385ml", "barcode": "22796901606", "brand": "Ogx"}, "w325774-22796910066": {"store": "woolworths", "name": "Ogx Nourishing Coconut Milk Conditioner", "price": 10, "oldPrice": 20, "category": "health-beauty", "imagePath": "https://cdn0.woolworths.media/content/wowproductimages/large/325774.jpg", "hasCupPrice": true, "cupPrice": "$2.60 / 100ML", "unit": "Each", "packageSize": "385ml", "barcode": "22796910066", "brand": "Ogx"}, "w325771-22796910059": {"store": "woolworths", "name": "Ogx Nourishing Coconut Milk Shampoo", "price": 10, "oldPrice": 20, "category": "health-beauty", "imagePath": "https://cdn0.woolworths.media/content/wowproductimages/large/325771.jpg", "hasCupPrice": true, "cupPrice": "$2.60 / 100ML", "unit": "Each", "packageSize": "385ml", "barcode": "22796910059", "brand": "Ogx"}, "w725607-22796916143": {"store": "woolworths", "name": "Ogx Penetrating Oil Renewing Argan Oil Of Morocco", "price": 12.5, "oldPrice": 25, "category": "health-beauty", "imagePath": "https://cdn0.woolworths.media/content/wowproductimages/large/725607.jpg", "hasCupPrice": true, "cupPrice": "$12.50 / 100ML", "unit": "Each", "packageSize": "100ml", "barcode": "22796916143", "brand": "Ogx"}, "w486571-22796900920": {"store": "woolworths", "name": "Ogx Quenching & Coconut Curls Conditioner", "price": 10, "oldPrice": 20, "category": "health-beauty", "imagePath": "https://cdn0.woolworths.media/content/wowproductimages/large/486571.jpg", "hasCupPrice": true, "cupPrice": "$2.60 / 100ML", "unit": "Each", "packageSize": "385ml", "barcode": "22796900920", "brand": "Ogx"}, "w486567-22796900906": {"store": "woolworths", "name": "Ogx Quenching & Coconut Curls Shampoo", "price": 10, "oldPrice": 20, "category": "health-beauty", "imagePath": "https://cdn0.woolworths.media/content/wowproductimages/large/486567.jpg", "hasCupPrice": true, "cupPrice": "$2.60 / 100ML", "unit": "Each", "packageSize": "385ml", "barcode": "22796900906", "brand": "Ogx"}, "w85346-22796916167": {"store": "woolworths", "name": "Ogx Renewing & Argan Oil Extra Penetrating", "price": 13.5, "oldPrice": 27, "category": "health-beauty", "imagePath": "https://cdn0.woolworths.media/content/wowproductimages/large/085346.jpg", "hasCupPrice": true, "cupPrice": "$13.50 / 100ML", "unit": "Each", "packageSize": "100ml", "barcode": "22796916167", "brand": "Ogx"}, "w821656-22796642004": {"store": "woolworths", "name": "Ogx Shampoo Charcoal Detox", "price": 10, "oldPrice": 20, "category": "health-beauty", "imagePath": "https://cdn0.woolworths.media/content/wowproductimages/large/821656.jpg", "hasCupPrice": true, "cupPrice": "$2.60 / 100ML", "unit": "Each", "packageSize": "385ml", "barcode": "22796642004", "brand": "Ogx"}, "w821655-22796610515": {"store": "woolworths", "name": "Ogx Shampoo Green Tea Fitness", "price": 10, "oldPrice": 20, "category": "health-beauty", "imagePath": "https://cdn0.woolworths.media/content/wowproductimages/large/821655.jpg", "hasCupPrice": true, "cupPrice": "$2.60 / 100ML", "unit": "Each", "packageSize": "385ml", "barcode": "22796610515", "brand": "Ogx"}, "w725753-22796916112": {"store": "woolworths", "name": "Ogx Shampoo Renewing Argan Oil Of Morocco", "price": 10, "oldPrice": 20, "category": "health-beauty", "imagePath": "https://cdn0.woolworths.media/content/wowproductimages/large/725753.jpg", "hasCupPrice": true, "cupPrice": "$2.60 / 100ML", "unit": "Each", "packageSize": "385ml", "barcode": "22796916112", "brand": "Ogx"}, "w486539-22796907011": {"store": "woolworths", "name": "Ogx Shampoo Strength & Body Bamboo Fiber-full", "price": 10, "oldPrice": 20, "category": "health-beauty", "imagePath": "https://cdn0.woolworths.media/content/wowproductimages/large/486539.jpg", "hasCupPrice": true, "cupPrice": "$2.60 / 100ML", "unit": "Each", "packageSize": "385ml", "barcode": "22796907011", "brand": "Ogx"}, "w83973-3574661547046": {"store": "woolworths", "name": "Ogx Shine & Heat Protect Spray ", "price": 10.5, "oldPrice": 21, "category": "health-beauty", "imagePath": "https://cdn0.woolworths.media/content/wowproductimages/large/083973.jpg", "hasCupPrice": true, "cupPrice": "$5.93 / 100ML", "unit": "Each", "packageSize": "177m", "barcode": "3574661547046", "brand": "Ogx"}, "w82399-52800674967": {"store": "woolworths", "name": "Ogx Strength & Length Golden Turmeric Conditioner", "price": 10, "oldPrice": 20, "category": "health-beauty", "imagePath": "https://cdn0.woolworths.media/content/wowproductimages/large/082399.jpg", "hasCupPrice": true, "cupPrice": "$2.60 / 100ML", "unit": "Each", "packageSize": "385ml", "barcode": "52800674967", "brand": "Ogx"}, "w84952-52800674950": {"store": "woolworths", "name": "Ogx Strength & Length Golden Turmeric Shampoo", "price": 10, "oldPrice": 20, "category": "health-beauty", "imagePath": "https://cdn0.woolworths.media/content/wowproductimages/large/084952.jpg", "hasCupPrice": true, "cupPrice": "$2.60 / 100ML", "unit": "Each", "packageSize": "385ml", "barcode": "52800674950", "brand": "Ogx"}, "w83469-3574661531694": {"store": "woolworths", "name": "Ogx Tame & Shine Cream ", "price": 10.5, "oldPrice": 21, "category": "health-beauty", "imagePath": "https://cdn0.woolworths.media/content/wowproductimages/large/083469.jpg", "hasCupPrice": true, "cupPrice": "$5.93 / 100ML", "unit": "Each", "packageSize": "177ml", "barcode": "3574661531694", "brand": "Ogx"}, "w21867-9324401005121": {"store": "woolworths", "name": "Optislim Life Bar Caramel Crunch ", "price": 10, "oldPrice": 20, "category": "health-beauty", "imagePath": "https://cdn0.woolworths.media/content/wowproductimages/large/021867.jpg", "hasCupPrice": true, "cupPrice": "$3.33 / 100G", "unit": "Each", "packageSize": "5 pack", "barcode": "9324401005121", "brand": "Optislim"}, "w870939-9324401005114": {"store": "woolworths", "name": "Optislim Life Bar Chocolate Berry Crunch", "price": 10, "oldPrice": 20, "category": "health-beauty", "imagePath": "https://cdn0.woolworths.media/content/wowproductimages/large/870939.jpg", "hasCupPrice": true, "cupPrice": "$3.33 / 100G", "unit": "Each", "packageSize": "5 pack", "barcode": "9324401005114", "brand": "Optislim"}, "w21869-9324401005138": {"store": "woolworths", "name": "Optislim Life Bar Chocolate Fudge ", "price": 10, "oldPrice": 20, "category": "health-beauty", "imagePath": "https://cdn0.woolworths.media/content/wowproductimages/large/021869.jpg", "hasCupPrice": true, "cupPrice": "$3.33 / 100G", "unit": "Each", "packageSize": "5 pack", "barcode": "9324401005138", "brand": "Optislim"}, "w870874-9324401005145": {"store": "woolworths", "name": "Optislim Life Bar Cookies & Cream ", "price": 10, "oldPrice": 20, "category": "health-beauty", "imagePath": "https://cdn0.woolworths.media/content/wowproductimages/large/870874.jpg", "hasCupPrice": true, "cupPrice": "$3.33 / 100G", "unit": "Each", "packageSize": "5 pack", "barcode": "9324401005145", "brand": "Optislim"}, "w679031-4902430790628": {"store": "woolworths", "name": "Pantene 3 Minute Miracle Daily Moisture Renewal Conditioner", "price": 6.75, "oldPrice": 13.5, "category": "health-beauty", "imagePath": "https://cdn0.woolworths.media/content/wowproductimages/large/679031.jpg", "hasCupPrice": true, "cupPrice": "$1.69 / 100ML", "unit": "Each", "packageSize": "400ml", "barcode": "4902430790628", "brand": "Pantene"}, "w679036-4902430790659": {"store": "woolworths", "name": "Pantene 3 Minute Miracle Repair & Protect Conditioner", "price": 6.75, "oldPrice": 13.5, "category": "health-beauty", "imagePath": "https://cdn0.woolworths.media/content/wowproductimages/large/679036.jpg", "hasCupPrice": true, "cupPrice": "$1.69 / 100ML", "unit": "Each", "packageSize": "400ml", "barcode": "4902430790659", "brand": "Pantene"}, "w679019-4902430790642": {"store": "woolworths", "name": "Pantene Colour Protect 3min Conditioner", "price": 6.75, "oldPrice": 13.5, "category": "health-beauty", "imagePath": "https://cdn0.woolworths.media/content/wowproductimages/large/679019.jpg", "hasCupPrice": true, "cupPrice": "$1.69 / 100ML", "unit": "Each", "packageSize": "400ml", "barcode": "4902430790642", "brand": "Pantene"}, "w81520-4902430931182": {"store": "woolworths", "name": "Pantene Pro-v Classic Clean Conditioner", "price": 4, "oldPrice": 8, "category": "health-beauty", "imagePath": "https://cdn0.woolworths.media/content/wowproductimages/large/081520.jpg", "hasCupPrice": false, "cupPrice": "$0.00 / 0", "unit": "Each", "packageSize": "375ml", "barcode": "4902430931182", "brand": "Pantene"}, "w81519-4902430931120": {"store": "woolworths", "name": "Pantene Pro-v Classic Clean Shampoo ", "price": 4, "oldPrice": 8, "category": "health-beauty", "imagePath": "https://cdn0.woolworths.media/content/wowproductimages/large/081519.jpg", "hasCupPrice": false, "cupPrice": "$0.00 / 0", "unit": "Each", "packageSize": "375ml", "barcode": "4902430931120", "brand": "Pantene"}, "w83229-4902430931212": {"store": "woolworths", "name": "Pantene Pro-v Colour Protection Conditioner", "price": 4, "oldPrice": 8, "category": "health-beauty", "imagePath": "https://cdn0.woolworths.media/content/wowproductimages/large/083229.jpg", "hasCupPrice": true, "cupPrice": "$1.07 / 100ML", "unit": "Each", "packageSize": "375ml", "barcode": "4902430931212", "brand": "Pantene"}, "w81518-4902430931137": {"store": "woolworths", "name": "Pantene Pro-v Colour Protection Shampoo", "price": 4, "oldPrice": 8, "category": "health-beauty", "imagePath": "https://cdn0.woolworths.media/content/wowproductimages/large/081518.jpg", "hasCupPrice": false, "cupPrice": "$0.00 / 0", "unit": "Each", "packageSize": "375ml", "barcode": "4902430931137", "brand": "Pantene"}, "w842810-4902430637336": {"store": "woolworths", "name": "Pantene Pro-v Colour Therapy Conditioner", "price": 8.5, "oldPrice": 17, "category": "health-beauty", "imagePath": "https://cdn0.woolworths.media/content/wowproductimages/large/842810.jpg", "hasCupPrice": true, "cupPrice": "$0.94 / 100ML", "unit": "Each", "packageSize": "900ml", "barcode": "4902430637336", "brand": "Pantene"}, "w842632-4902430637329": {"store": "woolworths", "name": "Pantene Pro-v Colour Therapy Shampoo", "price": 8.5, "oldPrice": 17, "category": "health-beauty", "imagePath": "https://cdn0.woolworths.media/content/wowproductimages/large/842632.jpg", "hasCupPrice": true, "cupPrice": "$0.94 / 100ML", "unit": "Each", "packageSize": "900ml", "barcode": "4902430637329", "brand": "Pantene"}, "w842807-4902430638074": {"store": "woolworths", "name": "Pantene Pro-v Daily Moisture Renewal Conditioner", "price": 8.5, "oldPrice": 17, "category": "health-beauty", "imagePath": "https://cdn0.woolworths.media/content/wowproductimages/large/842807.jpg", "hasCupPrice": true, "cupPrice": "$0.94 / 100ML", "unit": "Each", "packageSize": "900ml", "barcode": "4902430638074", "brand": "Pantene"}, "w81516-4902430929868": {"store": "woolworths", "name": "Pantene Pro-v Daily Moisture Renewal Conditioner", "price": 4, "oldPrice": 8, "category": "health-beauty", "imagePath": "https://cdn0.woolworths.media/content/wowproductimages/large/081516.jpg", "hasCupPrice": false, "cupPrice": "$0.00 / 0", "unit": "Each", "packageSize": "375ml", "barcode": "4902430929868", "brand": "Pantene"}, "w842806-4902430637299": {"store": "woolworths", "name": "Pantene Pro-v Daily Moisture Renewal Shampoo", "price": 8.5, "oldPrice": 17, "category": "health-beauty", "imagePath": "https://cdn0.woolworths.media/content/wowproductimages/large/842806.jpg", "hasCupPrice": true, "cupPrice": "$0.94 / 100ML", "unit": "Each", "packageSize": "900ml", "barcode": "4902430637299", "brand": "Pantene"}, "w81515-4902430929851": {"store": "woolworths", "name": "Pantene Pro-v Daily Moisture Renewal Shampoo", "price": 4, "oldPrice": 8, "category": "health-beauty", "imagePath": "https://cdn0.woolworths.media/content/wowproductimages/large/081515.jpg", "hasCupPrice": true, "cupPrice": "$1.07 / 100ML", "unit": "Each", "packageSize": "375ml", "barcode": "4902430929851", "brand": "Pantene"}, "w53189-80878187072": {"store": "woolworths", "name": "Pantene Pro-v Intense Rescus Shots Ampoules", "price": 4.5, "oldPrice": 9, "category": "health-beauty", "imagePath": "https://cdn0.woolworths.media/content/wowproductimages/large/053189.jpg", "hasCupPrice": true, "cupPrice": "$10.00 / 100ML", "unit": "Each", "packageSize": "15mlx 3 pack", "barcode": "80878187072", "brand": "Pantene"}, "w81517-4902430931199": {"store": "woolworths", "name": "Pantene Pro-v Long & Strong Conditioner", "price": 4, "oldPrice": 8, "category": "health-beauty", "imagePath": "https://cdn0.woolworths.media/content/wowproductimages/large/081517.jpg", "hasCupPrice": true, "cupPrice": "$1.07 / 100ML", "unit": "Each", "packageSize": "375ml", "barcode": "4902430931199", "brand": "Pantene"}, "w83253-4902430931144": {"store": "woolworths", "name": "Pantene Pro-v Long & Strong Shampoo ", "price": 4, "oldPrice": 8, "category": "health-beauty", "imagePath": "https://cdn0.woolworths.media/content/wowproductimages/large/083253.jpg", "hasCupPrice": true, "cupPrice": "$1.07 / 100ML", "unit": "Each", "packageSize": "375ml", "barcode": "4902430931144", "brand": "Pantene"}, "w55482-80878187096": {"store": "woolworths", "name": "Pantene Pro-v One Step Nourishing Hair Mask", "price": 2.5, "oldPrice": 5, "category": "health-beauty", "imagePath": "https://cdn0.woolworths.media/content/wowproductimages/large/055482.jpg", "hasCupPrice": true, "cupPrice": "$5.00 / 100ML", "unit": "Each", "packageSize": "50ml", "barcode": "80878187096", "brand": "Pantene"}, "w83242-4902430931236": {"store": "woolworths", "name": "Pantene Pro-v Sheer Volume Conditioner", "price": 4, "oldPrice": 8, "category": "health-beauty", "imagePath": "https://cdn0.woolworths.media/content/wowproductimages/large/083242.jpg", "hasCupPrice": true, "cupPrice": "$1.07 / 100ML", "unit": "Each", "packageSize": "375ml", "barcode": "4902430931236", "brand": "Pantene"}, "w84702-4902430931168": {"store": "woolworths", "name": "Pantene Pro-v Sheer Volume Shampoo ", "price": 4, "oldPrice": 8, "category": "health-beauty", "imagePath": "https://cdn0.woolworths.media/content/wowproductimages/large/084702.jpg", "hasCupPrice": true, "cupPrice": "$1.07 / 100ML", "unit": "Each", "packageSize": "375ml", "barcode": "4902430931168", "brand": "Pantene"}, "w842887-4902430637404": {"store": "woolworths", "name": "Pantene Pro-v Smooth & Sleek Conditioner", "price": 8.5, "oldPrice": 17, "category": "health-beauty", "imagePath": "https://cdn0.woolworths.media/content/wowproductimages/large/842887.jpg", "hasCupPrice": true, "cupPrice": "$0.94 / 100ML", "unit": "Each", "packageSize": "900ml", "barcode": "4902430637404", "brand": "Pantene"}, "w83228-4902430931229": {"store": "woolworths", "name": "Pantene Pro-v Smooth & Sleek Conditioner", "price": 4, "oldPrice": 8, "category": "health-beauty", "imagePath": "https://cdn0.woolworths.media/content/wowproductimages/large/083228.jpg", "hasCupPrice": true, "cupPrice": "$1.07 / 100ML", "unit": "Each", "packageSize": "375ml", "barcode": "4902430931229", "brand": "Pantene"}, "w842812-4902430637398": {"store": "woolworths", "name": "Pantene Pro-v Smooth & Sleek Shampoo", "price": 8.5, "oldPrice": 17, "category": "health-beauty", "imagePath": "https://cdn0.woolworths.media/content/wowproductimages/large/842812.jpg", "hasCupPrice": true, "cupPrice": "$0.94 / 100ML", "unit": "Each", "packageSize": "900ml", "barcode": "4902430637398", "brand": "Pantene"}, "w83254-4902430931151": {"store": "woolworths", "name": "Pantene Pro-v Smooth & Sleek Shampoo ", "price": 4, "oldPrice": 8, "category": "health-beauty", "imagePath": "https://cdn0.woolworths.media/content/wowproductimages/large/083254.jpg", "hasCupPrice": true, "cupPrice": "$1.07 / 100ML", "unit": "Each", "packageSize": "375ml", "barcode": "4902430931151", "brand": "Pantene"}, "w55483-80878187782": {"store": "woolworths", "name": "Pantene Pro-v Smooth Nourishing Serum ", "price": 8.5, "oldPrice": 17, "category": "health-beauty", "imagePath": "https://cdn0.woolworths.media/content/wowproductimages/large/055483.jpg", "hasCupPrice": true, "cupPrice": "$8.50 / 100ML", "unit": "Each", "packageSize": "100ml", "barcode": "80878187782", "brand": "Pantene"}, "w842809-4902430637381": {"store": "woolworths", "name": "Pantene Pro-v Ultimate 10 Conditioner", "price": 8.5, "oldPrice": 17, "category": "health-beauty", "imagePath": "https://cdn0.woolworths.media/content/wowproductimages/large/842809.jpg", "hasCupPrice": true, "cupPrice": "$0.94 / 100ML", "unit": "Each", "packageSize": "900ml", "barcode": "4902430637381", "brand": "Pantene"}, "w842808-4902430637428": {"store": "woolworths", "name": "Pantene Pro-v Ultimate 10 Shampoo", "price": 8.5, "oldPrice": 17, "category": "health-beauty", "imagePath": "https://cdn0.woolworths.media/content/wowproductimages/large/842808.jpg", "hasCupPrice": true, "cupPrice": "$0.94 / 100ML", "unit": "Each", "packageSize": "900ml", "barcode": "4902430637428", "brand": "Pantene"}, "w81662-4902430931243": {"store": "woolworths", "name": "Pantene Pro-v Ultimate 10 Repair & Protect Conditioner", "price": 4, "oldPrice": 8, "category": "health-beauty", "imagePath": "https://cdn0.woolworths.media/content/wowproductimages/large/081662.jpg", "hasCupPrice": false, "cupPrice": "$0.00 / 0", "unit": "Each", "packageSize": "375ml", "barcode": "4902430931243", "brand": "Pantene"}, "w81521-4902430931175": {"store": "woolworths", "name": "Pantene Pro-v Ultimate 10 Repair & Protect Shampoo", "price": 4, "oldPrice": 8, "category": "health-beauty", "imagePath": "https://cdn0.woolworths.media/content/wowproductimages/large/081521.jpg", "hasCupPrice": false, "cupPrice": "$0.00 / 0", "unit": "Each", "packageSize": "375ml", "barcode": "4902430931175", "brand": "Pantene"}, "w679034-4902430790635": {"store": "woolworths", "name": "Pantene Smooth & Sleek 3min Conditioner", "price": 6.75, "oldPrice": 13.5, "category": "health-beauty", "imagePath": "https://cdn0.woolworths.media/content/wowproductimages/large/679034.jpg", "hasCupPrice": true, "cupPrice": "$1.69 / 100ML", "unit": "Each", "packageSize": "400ml", "barcode": "4902430790635", "brand": "Pantene"}, "w68801-9300830056460": {"store": "woolworths", "name": "Rexona Men Advanced Protection Invisible Dry Black & White", "price": 3.75, "oldPrice": 7.5, "category": "health-beauty", "imagePath": "https://cdn0.woolworths.media/content/wowproductimages/large/068801.jpg", "hasCupPrice": true, "cupPrice": "$1.70 / 100ML", "unit": "Each", "packageSize": "220ml", "barcode": "9300830056460", "brand": "Rexona"}, "w68832-9300830056453": {"store": "woolworths", "name": "Rexona Men Advanced Protection Workout", "price": 3.75, "oldPrice": 7.5, "category": "health-beauty", "imagePath": "https://cdn0.woolworths.media/content/wowproductimages/large/068832.jpg", "hasCupPrice": true, "cupPrice": "$1.70 / 100ML", "unit": "Each", "packageSize": "220ml", "barcode": "9300830056453", "brand": "Rexona"}, "w68800-9300830056491": {"store": "woolworths", "name": "Rexona Men Advanced Protection Sport ", "price": 3.75, "oldPrice": 7.5, "category": "health-beauty", "imagePath": "https://cdn0.woolworths.media/content/wowproductimages/large/068800.jpg", "hasCupPrice": true, "cupPrice": "$1.70 / 100ML", "unit": "Each", "packageSize": "220ml", "barcode": "9300830056491", "brand": "Rexona"}, "w68833-9300830056422": {"store": "woolworths", "name": "Rexona Women Advanced Protection Antiperspirant Bright Bouquet", "price": 3.75, "oldPrice": 7.5, "category": "health-beauty", "imagePath": "https://cdn0.woolworths.media/content/wowproductimages/large/068833.jpg", "hasCupPrice": true, "cupPrice": "$1.70 / 100ML", "unit": "Each", "packageSize": "220ml", "barcode": "9300830056422", "brand": "Rexona"}, "w68835-9300830056415": {"store": "woolworths", "name": "Rexona Women Advanced Protection Antiperspirant Shower Fresh", "price": 3.75, "oldPrice": 7.5, "category": "health-beauty", "imagePath": "https://cdn0.woolworths.media/content/wowproductimages/large/068835.jpg", "hasCupPrice": true, "cupPrice": "$1.70 / 100ML", "unit": "Each", "packageSize": "220ml", "barcode": "9300830056415", "brand": "Rexona"}, "w68836-9300830056378": {"store": "woolworths", "name": "Rexona Women Advanced Protection Invisible Dry Pure", "price": 3.75, "oldPrice": 7.5, "category": "health-beauty", "imagePath": "https://cdn0.woolworths.media/content/wowproductimages/large/068836.jpg", "hasCupPrice": true, "cupPrice": "$1.70 / 100ML", "unit": "Each", "packageSize": "220ml", "barcode": "9300830056378", "brand": "Rexona"}, "w673024-4891228304454": {"store": "woolworths", "name": "Schick Hydro 5 Sense Comfort Kit", "price": 8, "oldPrice": 16, "category": "health-beauty", "imagePath": "https://cdn0.woolworths.media/content/wowproductimages/large/673024.jpg", "hasCupPrice": true, "cupPrice": "$8.00 / 1EA", "unit": "Each", "packageSize": "each", "barcode": "4891228304454", "brand": "Schick"}, "w819958-4891228305291": {"store": "woolworths", "name": "Schick Hydro Sense Hydrate Kit", "price": 8, "oldPrice": 16, "category": "health-beauty", "imagePath": "https://cdn0.woolworths.media/content/wowproductimages/large/819958.jpg", "hasCupPrice": true, "cupPrice": "$8.00 / 1EA", "unit": "Each", "packageSize": "each", "barcode": "4891228305291", "brand": "Schick"}, "w829348-4891228302009": {"store": "woolworths", "name": "Schick Hydro Silk Trimstyle Kit ", "price": 10, "oldPrice": 20, "category": "health-beauty", "imagePath": "https://cdn0.woolworths.media/content/wowproductimages/large/829348.jpg", "hasCupPrice": false, "cupPrice": "$0.00 / 0", "unit": "Each", "packageSize": "each", "barcode": "4891228302009", "brand": "Schick"}, "w694237-4891228304584": {"store": "woolworths", "name": "Schick Intuition Fab Kit", "price": 6.25, "oldPrice": 12.5, "category": "health-beauty", "imagePath": "https://cdn0.woolworths.media/content/wowproductimages/large/694237.jpg", "hasCupPrice": true, "cupPrice": "$6.25 / 1EA", "unit": "Each", "packageSize": "each", "barcode": "4891228304584", "brand": "Schick"}, "w704085-6937266703649": {"store": "woolworths", "name": "Schick Mens Razor Disposable Xtreme 3 Sensitive", "price": 4.75, "oldPrice": 9.5, "category": "health-beauty", "imagePath": "https://cdn0.woolworths.media/content/wowproductimages/large/704085.jpg", "hasCupPrice": true, "cupPrice": "$0.48 / 1EA", "unit": "Each", "packageSize": "10 pack", "barcode": "6937266703649", "brand": "Schick"}, "w704086-6937266733516": {"store": "woolworths", "name": "Schick Razor Disposable Xtreme Sensitive", "price": 2.5, "oldPrice": 5, "category": "health-beauty", "imagePath": "https://cdn0.woolworths.media/content/wowproductimages/large/704086.jpg", "hasCupPrice": true, "cupPrice": "$0.63 / 1EA", "unit": "Each", "packageSize": "4 pack", "barcode": "6937266733516", "brand": "Schick"}, "w683756-9310714221303": {"store": "woolworths", "name": "Schwarzkopf Colour Specialist 1.0 Opulent Black", "price": 9.5, "oldPrice": 19, "category": "health-beauty", "imagePath": "https://cdn0.woolworths.media/content/wowproductimages/large/683756.jpg", "hasCupPrice": true, "cupPrice": "$9.50 / 1EA", "unit": "Each", "packageSize": "each", "barcode": "9310714221303", "brand": "Schwarzkopf"}, "w601571-9310714220887": {"store": "woolworths", "name": "Schwarzkopf Colour Specialist 10.1 Cool Ultra Light Blonde", "price": 9.5, "oldPrice": 19, "category": "health-beauty", "imagePath": "https://cdn0.woolworths.media/content/wowproductimages/large/601571.jpg", "hasCupPrice": true, "cupPrice": "$9.50 / 1EA", "unit": "Each", "packageSize": "each", "barcode": "9310714220887", "brand": "Schwarzkopf"}, "w601358-9310714220863": {"store": "woolworths", "name": "Schwarzkopf Colour Specialist 3.0 Imperial Brown", "price": 9.5, "oldPrice": 19, "category": "health-beauty", "imagePath": "https://cdn0.woolworths.media/content/wowproductimages/large/601358.jpg", "hasCupPrice": true, "cupPrice": "$9.50 / 1EA", "unit": "Each", "packageSize": "each", "barcode": "9310714220863", "brand": "Schwarzkopf"}, "w601359-9310714220870": {"store": "woolworths", "name": "Schwarzkopf Colour Specialist 5.1 Cool Light Brown", "price": 9.5, "oldPrice": 19, "category": "health-beauty", "imagePath": "https://cdn0.woolworths.media/content/wowproductimages/large/601359.jpg", "hasCupPrice": true, "cupPrice": "$9.50 / 1EA", "unit": "Each", "packageSize": "each", "barcode": "9310714220870", "brand": "Schwarzkopf"}, "w601565-9310714220917": {"store": "woolworths", "name": "Schwarzkopf Colour Specialist 8.1 Cool Light Blonde", "price": 9.5, "oldPrice": 19, "category": "health-beauty", "imagePath": "https://cdn0.woolworths.media/content/wowproductimages/large/601565.jpg", "hasCupPrice": true, "cupPrice": "$9.50 / 1EA", "unit": "Each", "packageSize": "each", "barcode": "9310714220917", "brand": "Schwarzkopf"}, "w83448-9310714223918": {"store": "woolworths", "name": "Schwarzkopf Extra Care Bio Tech 4in1 Repair Treatment", "price": 7.5, "oldPrice": 15, "category": "health-beauty", "imagePath": "https://cdn0.woolworths.media/content/wowproductimages/large/083448.jpg", "hasCupPrice": true, "cupPrice": "$3.00 / 100ML", "unit": "Each", "packageSize": "250ml", "barcode": "9310714223918", "brand": "Schwarzkopf"}, "w83260-9310714223895": {"store": "woolworths", "name": "Schwarzkopf Extra Care Bio Tech Colour Conditioner", "price": 8.5, "oldPrice": 17, "category": "health-beauty", "imagePath": "https://cdn0.woolworths.media/content/wowproductimages/large/083260.jpg", "hasCupPrice": true, "cupPrice": "$1.70 / 100ML", "unit": "Each", "packageSize": "500ml", "barcode": "9310714223895", "brand": "Schwarzkopf"}, "w83248-9310714223888": {"store": "woolworths", "name": "Schwarzkopf Extra Care Bio Tech Colour Shampoo", "price": 8.5, "oldPrice": 17, "category": "health-beauty", "imagePath": "https://cdn0.woolworths.media/content/wowproductimages/large/083248.jpg", "hasCupPrice": true, "cupPrice": "$1.70 / 100ML", "unit": "Each", "packageSize": "500ml", "barcode": "9310714223888", "brand": "Schwarzkopf"}, "w83447-9310714223871": {"store": "woolworths", "name": "Schwarzkopf Extra Care Bio Tech Pro-balance Conditioner", "price": 8.5, "oldPrice": 17, "category": "health-beauty", "imagePath": "https://cdn0.woolworths.media/content/wowproductimages/large/083447.jpg", "hasCupPrice": true, "cupPrice": "$1.70 / 100ML", "unit": "Each", "packageSize": "500ml", "barcode": "9310714223871", "brand": "Schwarzkopf"}, "w83439-9310714223864": {"store": "woolworths", "name": "Schwarzkopf Extra Care Bio Tech Pro-balance Shampoo", "price": 8.5, "oldPrice": 17, "category": "health-beauty", "imagePath": "https://cdn0.woolworths.media/content/wowproductimages/large/083439.jpg", "hasCupPrice": true, "cupPrice": "$1.70 / 100ML", "unit": "Each", "packageSize": "500ml", "barcode": "9310714223864", "brand": "Schwarzkopf"}, "w208698-9310714100240": {"store": "woolworths", "name": "Schwarzkopf Extra Care Conditioner Colour Protect", "price": 3.45, "oldPrice": 6.9, "category": "health-beauty", "imagePath": "https://cdn0.woolworths.media/content/wowproductimages/large/208698.jpg", "hasCupPrice": true, "cupPrice": "$0.86 / 100ML", "unit": "Each", "packageSize": "400ml", "barcode": "9310714100240", "brand": "Schwarzkopf"}, "w589538-9310714221051": {"store": "woolworths", "name": "Schwarzkopf Extra Care Conditioner Fibre Therapy", "price": 3.45, "oldPrice": 6.9, "category": "health-beauty", "imagePath": "https://cdn0.woolworths.media/content/wowproductimages/large/589538.jpg", "hasCupPrice": true, "cupPrice": "$0.86 / 100ML", "unit": "Each", "packageSize": "400ml", "barcode": "9310714221051", "brand": "Schwarzkopf"}, "w726202-9310714213094": {"store": "woolworths", "name": "Schwarzkopf Extra Care Conditioner Marrakesh Oil", "price": 3.45, "oldPrice": 6.9, "category": "health-beauty", "imagePath": "https://cdn0.woolworths.media/content/wowproductimages/large/726202.jpg", "hasCupPrice": true, "cupPrice": "$0.86 / 100ML", "unit": "Each", "packageSize": "400ml", "barcode": "9310714213094", "brand": "Schwarzkopf"}, "w363573-9310714210642": {"store": "woolworths", "name": "Schwarzkopf Extra Care Conditioner Push Up Volume Hair Repair", "price": 3.45, "oldPrice": 6.9, "category": "health-beauty", "imagePath": "https://cdn0.woolworths.media/content/wowproductimages/large/363573.jpg", "hasCupPrice": true, "cupPrice": "$0.86 / 100ML", "unit": "Each", "packageSize": "400ml", "barcode": "9310714210642", "brand": "Schwarzkopf"}, "w379199-9310714211410": {"store": "woolworths", "name": "Schwarzkopf Extra Care Conditioner Ultimate Repair", "price": 3.45, "oldPrice": 6.9, "category": "health-beauty", "imagePath": "https://cdn0.woolworths.media/content/wowproductimages/large/379199.jpg", "hasCupPrice": true, "cupPrice": "$0.86 / 100ML", "unit": "Each", "packageSize": "400ml", "barcode": "9310714211410", "brand": "Schwarzkopf"}, "w683957-9310714221969": {"store": "woolworths", "name": "Schwarzkopf Extra Care Conditionner Supreme Length", "price": 3.45, "oldPrice": 6.9, "category": "health-beauty", "imagePath": "https://cdn0.woolworths.media/content/wowproductimages/large/683957.jpg", "hasCupPrice": true, "cupPrice": "$0.86 / 100ML", "unit": "Each", "packageSize": "400ml", "barcode": "9310714221969", "brand": "Schwarzkopf"}, "w208704-9310714100257": {"store": "woolworths", "name": "Schwarzkopf Extra Care Shampoo Colour Protect", "price": 3.45, "oldPrice": 6.9, "category": "health-beauty", "imagePath": "https://cdn0.woolworths.media/content/wowproductimages/large/208704.jpg", "hasCupPrice": true, "cupPrice": "$0.86 / 100ML", "unit": "Each", "packageSize": "400ml", "barcode": "9310714100257", "brand": "Schwarzkopf"}, "w589552-9310714221037": {"store": "woolworths", "name": "Schwarzkopf Extra Care Shampoo Fibre Therapy", "price": 3.45, "oldPrice": 6.9, "category": "health-beauty", "imagePath": "https://cdn0.woolworths.media/content/wowproductimages/large/589552.jpg", "hasCupPrice": true, "cupPrice": "$0.86 / 100ML", "unit": "Each", "packageSize": "400ml", "barcode": "9310714221037", "brand": "Schwarzkopf"}, "w208687-9310714100301": {"store": "woolworths", "name": "Schwarzkopf Extra Care Shampoo Liquid Silk", "price": 3.45, "oldPrice": 6.9, "category": "health-beauty", "imagePath": "https://cdn0.woolworths.media/content/wowproductimages/large/208687.jpg", "hasCupPrice": true, "cupPrice": "$0.86 / 100ML", "unit": "Each", "packageSize": "400ml", "barcode": "9310714100301", "brand": "Schwarzkopf"}, "w726195-9310714213087": {"store": "woolworths", "name": "Schwarzkopf Extra Care Shampoo Marrakesh Oil", "price": 3.45, "oldPrice": 6.9, "category": "health-beauty", "imagePath": "https://cdn0.woolworths.media/content/wowproductimages/large/726195.jpg", "hasCupPrice": true, "cupPrice": "$0.86 / 100ML", "unit": "Each", "packageSize": "400ml", "barcode": "9310714213087", "brand": "Schwarzkopf"}, "w363572-9310714210635": {"store": "woolworths", "name": "Schwarzkopf Extra Care Shampoo Push Up Volume Hair Repair", "price": 3.45, "oldPrice": 6.9, "category": "health-beauty", "imagePath": "https://cdn0.woolworths.media/content/wowproductimages/large/363572.jpg", "hasCupPrice": true, "cupPrice": "$0.86 / 100ML", "unit": "Each", "packageSize": "400ml", "barcode": "9310714210635", "brand": "Schwarzkopf"}, "w379198-9310714211403": {"store": "woolworths", "name": "Schwarzkopf Extra Care Shampoo Ultimate Repair", "price": 3.45, "oldPrice": 6.9, "category": "health-beauty", "imagePath": "https://cdn0.woolworths.media/content/wowproductimages/large/379198.jpg", "hasCupPrice": true, "cupPrice": "$0.86 / 100ML", "unit": "Each", "packageSize": "400ml", "barcode": "9310714211403", "brand": "Schwarzkopf"}, "w683975-9310714221952": {"store": "woolworths", "name": "Schwarzkopf Extra Care Shampoo Supreme Length", "price": 3.45, "oldPrice": 6.9, "category": "health-beauty", "imagePath": "https://cdn0.woolworths.media/content/wowproductimages/large/683975.jpg", "hasCupPrice": true, "cupPrice": "$0.86 / 100ML", "unit": "Each", "packageSize": "400ml", "barcode": "9310714221952", "brand": "Schwarzkopf"}, "w683751-9310714221594": {"store": "woolworths", "name": "Schwarzkopf Root Retoucher Black", "price": 9, "oldPrice": 18, "category": "health-beauty", "imagePath": "https://cdn0.woolworths.media/content/wowproductimages/large/683751.jpg", "hasCupPrice": true, "cupPrice": "$12.86 / 100G", "unit": "Each", "packageSize": "70g", "barcode": "9310714221594", "brand": "Schwarzkopf"}, "w683764-9310714221617": {"store": "woolworths", "name": "Schwarzkopf Root Retoucher Brown", "price": 9, "oldPrice": 18, "category": "health-beauty", "imagePath": "https://cdn0.woolworths.media/content/wowproductimages/large/683764.jpg", "hasCupPrice": true, "cupPrice": "$12.86 / 100G", "unit": "Each", "packageSize": "70g", "barcode": "9310714221617", "brand": "Schwarzkopf"}, "w683765-9310714221624": {"store": "woolworths", "name": "Schwarzkopf Root Retoucher Dark Blonde", "price": 9, "oldPrice": 18, "category": "health-beauty", "imagePath": "https://cdn0.woolworths.media/content/wowproductimages/large/683765_2.jpg", "hasCupPrice": true, "cupPrice": "$12.86 / 100G", "unit": "Each", "packageSize": "70g", "barcode": "9310714221624", "brand": "Schwarzkopf"}, "w683766-9310714221600": {"store": "woolworths", "name": "Schwarzkopf Root Retoucher Dark Brown", "price": 9, "oldPrice": 18, "category": "health-beauty", "imagePath": "https://cdn0.woolworths.media/content/wowproductimages/large/683766_2.jpg", "hasCupPrice": true, "cupPrice": "$12.86 / 100G", "unit": "Each", "packageSize": "70g", "barcode": "9310714221600", "brand": "Schwarzkopf"}, "w819568-8717163687611": {"store": "woolworths", "name": "Simple Biodegradable Face Wipes", "price": 3.75, "oldPrice": 7.5, "category": "health-beauty", "imagePath": "https://cdn0.woolworths.media/content/wowproductimages/large/819568.jpg", "hasCupPrice": true, "cupPrice": "$0.15 / 1EA", "unit": "Each", "packageSize": "25 pack", "barcode": "8717163687611", "brand": "Simple"}, "w819567-8717163667132": {"store": "woolworths", "name": "Simple Daily Skin Detox Charcoal Purifying Sheet Mask", "price": 2.5, "oldPrice": 5, "category": "health-beauty", "imagePath": "https://cdn0.woolworths.media/content/wowproductimages/large/819567.jpg", "hasCupPrice": true, "cupPrice": "$11.90 / 100ML", "unit": "Each", "packageSize": "21ml", "barcode": "8717163667132", "brand": "Simple"}, "w819566-8710447473849": {"store": "woolworths", "name": "Simple Daily Skin Detox Face Wipes Clear + Matte", "price": 3.75, "oldPrice": 7.5, "category": "health-beauty", "imagePath": "https://cdn0.woolworths.media/content/wowproductimages/large/819566.jpg", "hasCupPrice": true, "cupPrice": "$0.15 / 1EA", "unit": "Each", "packageSize": "25 pack", "barcode": "8710447473849", "brand": "Simple"}, "w207769-5011451103917": {"store": "woolworths", "name": "Simple Kind To Eyes Make Up Remover Conditioning Eye", "price": 5.5, "oldPrice": 11, "category": "health-beauty", "imagePath": "https://cdn0.woolworths.media/content/wowproductimages/large/207769.jpg", "hasCupPrice": true, "cupPrice": "$4.40 / 100ML", "unit": "Each", "packageSize": "125ml", "barcode": "5011451103917", "brand": "Simple"}, "w314984-5011451103870": {"store": "woolworths", "name": "Simple Kind To Skin Facial Wash Moisturising", "price": 5.5, "oldPrice": 11, "category": "health-beauty", "imagePath": "https://cdn0.woolworths.media/content/wowproductimages/large/314984.jpg", "hasCupPrice": true, "cupPrice": "$3.67 / 100ML", "unit": "Each", "packageSize": "150ml", "barcode": "5011451103870", "brand": "Simple"}, "w819446-8717163667125": {"store": "woolworths", "name": "Simple Kind To Skin Sheet Mask Radiance Boosting", "price": 2.5, "oldPrice": 5, "category": "health-beauty", "imagePath": "https://cdn0.woolworths.media/content/wowproductimages/large/819446.jpg", "hasCupPrice": true, "cupPrice": "$10.00 / 100ML", "unit": "Each", "packageSize": "21ml", "barcode": "8717163667125", "brand": "Simple"}, "w674884-8710908711619": {"store": "woolworths", "name": "Simple Water Boost Facial Cleanser Micellar Water", "price": 6.5, "oldPrice": 13, "category": "health-beauty", "imagePath": "https://cdn0.woolworths.media/content/wowproductimages/large/674884.jpg", "hasCupPrice": true, "cupPrice": "$1.63 / 100ML", "unit": "Each", "packageSize": "400ml", "barcode": "8710908711619", "brand": "Simple"}, "w819449-8717163679555": {"store": "woolworths", "name": "Simple Water Boost Sheet Mask 5 Minute Reset Hydrogel", "price": 2.5, "oldPrice": 5, "category": "health-beauty", "imagePath": "https://cdn0.woolworths.media/content/wowproductimages/large/819449.jpg", "hasCupPrice": true, "cupPrice": "$7.46 / 100G", "unit": "Each", "packageSize": "33g", "barcode": "8717163679555", "brand": "Simple"}, "w797873-9300830022069": {"store": "woolworths", "name": "St Ives Even & Bright Scrub Pink Lemon & Mandarin", "price": 5, "oldPrice": 10, "category": "health-beauty", "imagePath": "https://cdn0.woolworths.media/content/wowproductimages/large/797873.jpg", "hasCupPrice": true, "cupPrice": "$3.33 / 100ML", "unit": "Each", "packageSize": "150ml", "barcode": "9300830022069", "brand": "St Ives"}, "w159444-5012254050132": {"store": "woolworths", "name": "St Ives Facial Scrub Apricot Blemish Control", "price": 5, "oldPrice": 10, "category": "health-beauty", "imagePath": "https://cdn0.woolworths.media/content/wowproductimages/large/159444.jpg", "hasCupPrice": true, "cupPrice": "$3.33 / 100ML", "unit": "Each", "packageSize": "150ml", "barcode": "5012254050132", "brand": "St Ives"}, "w159440-5012254050125": {"store": "woolworths", "name": "St Ives Fresh Skin Scrub Apricot", "price": 5, "oldPrice": 10, "category": "health-beauty", "imagePath": "https://cdn0.woolworths.media/content/wowproductimages/large/159440.jpg", "hasCupPrice": true, "cupPrice": "$3.33 / 100ML", "unit": "Each", "packageSize": "150ml", "barcode": "5012254050125", "brand": "St Ives"}, "w370899-9310158195512": {"store": "woolworths", "name": "St Ives Naturally Clear Scrub Green Tea", "price": 5, "oldPrice": 10, "category": "health-beauty", "imagePath": "https://cdn0.woolworths.media/content/wowproductimages/large/370899.jpg", "hasCupPrice": true, "cupPrice": "$3.33 / 100ML", "unit": "Each", "packageSize": "150ml", "barcode": "9310158195512", "brand": "St Ives"}, "w53804-9300830053407": {"store": "woolworths", "name": "St Ives Scrub Coconut & Coffee ", "price": 5, "oldPrice": 10, "category": "health-beauty", "imagePath": "https://cdn0.woolworths.media/content/wowproductimages/large/053804.jpg", "hasCupPrice": true, "cupPrice": "$3.33 / 100ML", "unit": "Each", "packageSize": "150ml", "barcode": "9300830053407", "brand": "St Ives"}, "w698934-5060022300347": {"store": "woolworths", "name": "St Tropez Gradual Tan Body Lotion Light/medium", "price": 17, "oldPrice": 34, "category": "health-beauty", "imagePath": "https://cdn0.woolworths.media/content/wowproductimages/large/698934.jpg", "hasCupPrice": true, "cupPrice": "$8.50 / 100ML", "unit": "Each", "packageSize": "200ml", "barcode": "5060022300347", "brand": "St Tropez"}, "w698940-5060022300354": {"store": "woolworths", "name": "St Tropez Gradual Tan Body Lotion Medium/dark", "price": 17, "oldPrice": 34, "category": "health-beauty", "imagePath": "https://cdn0.woolworths.media/content/wowproductimages/large/698940.jpg", "hasCupPrice": true, "cupPrice": "$8.50 / 100ML", "unit": "Each", "packageSize": "200ml", "barcode": "5060022300354", "brand": "St Tropez"}, "w54809-5060022302761": {"store": "woolworths", "name": "St Tropez Self Tan Express Mousse ", "price": 17.5, "oldPrice": 35, "category": "health-beauty", "imagePath": "https://cdn0.woolworths.media/content/wowproductimages/large/054809.jpg", "hasCupPrice": true, "cupPrice": "$17.50 / 100ML", "unit": "Each", "packageSize": "100ml", "barcode": "5060022302761", "brand": "St Tropez"}, "w698935-5060022300521": {"store": "woolworths", "name": "St. Tropez Self Tan Bronzing Mousse ", "price": 20, "oldPrice": 40, "category": "health-beauty", "imagePath": "https://cdn0.woolworths.media/content/wowproductimages/large/698935.jpg", "hasCupPrice": true, "cupPrice": "$16.67 / 100ML", "unit": "Each", "packageSize": "120ml", "barcode": "5060022300521", "brand": "St. Tropez"}, "w307049-9311770587266": {"store": "woolworths", "name": "Swisse Men's Ultivite 50+ Tablets", "price": 18, "oldPrice": 36, "category": "health-beauty", "imagePath": "https://cdn0.woolworths.media/content/wowproductimages/large/307049.jpg", "hasCupPrice": true, "cupPrice": "$30.00 / 100EA", "unit": "Each", "packageSize": "60pk", "barcode": "9311770587266", "brand": "Swisse"}, "w307062-93388139": {"store": "woolworths", "name": "Swisse Men's Ultivite Tablet", "price": 14.5, "oldPrice": 29, "category": "health-beauty", "imagePath": "https://cdn0.woolworths.media/content/wowproductimages/large/307062.jpg", "hasCupPrice": true, "cupPrice": "$24.17 / 100EA", "unit": "Each", "packageSize": "60 pack", "barcode": "93388139", "brand": "Swisse"}, "w705800-9311770589246": {"store": "woolworths", "name": "Swisse Ultiboost Vitamin D Caps", "price": 13, "oldPrice": 26, "category": "health-beauty", "imagePath": "https://cdn0.woolworths.media/content/wowproductimages/large/705800.jpg", "hasCupPrice": true, "cupPrice": "$5.20 / 100EA", "unit": "Each", "packageSize": "250 pack", "barcode": "9311770589246", "brand": "Swisse"}, "w805945-93555166": {"store": "woolworths", "name": "Swisse Ultiboost Daily Digestive Probiotic", "price": 16, "oldPrice": 32, "category": "health-beauty", "imagePath": "https://cdn0.woolworths.media/content/wowproductimages/large/805945.jpg", "hasCupPrice": true, "cupPrice": "$53.33 / 100EA", "unit": "Each", "packageSize": "30 tablets", "barcode": "93555166", "brand": "Swisse"}, "w805948-9311770595582": {"store": "woolworths", "name": "Swisse Ultiboost Magnesium ", "price": 19.5, "oldPrice": 39, "category": "health-beauty", "imagePath": "https://cdn0.woolworths.media/content/wowproductimages/large/805948.jpg", "hasCupPrice": true, "cupPrice": "$9.75 / 100EA", "unit": "Each", "packageSize": "200pk", "barcode": "9311770595582", "brand": "Swisse"}, "w307048-9311770587259": {"store": "woolworths", "name": "Swisse Ultivite Women's 50+", "price": 18, "oldPrice": 36, "category": "health-beauty", "imagePath": "https://cdn0.woolworths.media/content/wowproductimages/large/307048.jpg", "hasCupPrice": true, "cupPrice": "$30.00 / 100EA", "unit": "Each", "packageSize": "60 pack", "barcode": "9311770587259", "brand": "Swisse"}, "w307061-93454117": {"store": "woolworths", "name": "Swisse Ultivite Women's Tablets F1", "price": 14.5, "oldPrice": 29, "category": "health-beauty", "imagePath": "https://cdn0.woolworths.media/content/wowproductimages/large/307061.jpg", "hasCupPrice": true, "cupPrice": "$24.17 / 100EA", "unit": "Each", "packageSize": "60 pack", "barcode": "93454117", "brand": "Swisse"}, "w689629-9300830045792": {"store": "woolworths", "name": "Vaseline Lip Therapy Original Lip Balm ", "price": 2.5, "oldPrice": 5, "category": "health-beauty", "imagePath": "https://cdn0.woolworths.media/content/wowproductimages/large/689629.jpg", "hasCupPrice": true, "cupPrice": "$1.25 / 10G", "unit": "Each", "packageSize": "20g", "barcode": "9300830045792", "brand": "Vaseline"}, "w689626-9300830045778": {"store": "woolworths", "name": "Vaseline Lip Therapy Rosy Lips Balm ", "price": 2.5, "oldPrice": 5, "category": "health-beauty", "imagePath": "https://cdn0.woolworths.media/content/wowproductimages/large/689626.jpg", "hasCupPrice": true, "cupPrice": "$1.25 / 10G", "unit": "Each", "packageSize": "20g", "barcode": "9300830045778", "brand": "Vaseline"}, "w677919-9319871001032": {"store": "woolworths", "name": "White Glo Activated Whitening Powder", "price": 5, "oldPrice": 10, "category": "health-beauty", "imagePath": "https://cdn0.woolworths.media/content/wowproductimages/large/677919.jpg", "hasCupPrice": true, "cupPrice": "$16.67 / 100G", "unit": "Each", "packageSize": "30g", "barcode": "9319871001032", "brand": "White Glo"}, "w647738-9319871001001": {"store": "woolworths", "name": "White Glo White Accel Blue Light Kit", "price": 17.5, "oldPrice": 35, "category": "health-beauty", "imagePath": "https://cdn0.woolworths.media/content/wowproductimages/large/647738.jpg", "hasCupPrice": true, "cupPrice": "$17.50 / 1EA", "unit": "Each", "packageSize": "each", "barcode": "9319871001001", "brand": "White Glo"}, "w33574-70330657847": {"store": "woolworths", "name": "Bic Multi-purpose Megalighter ", "price": 5, "oldPrice": 10, "category": "household", "imagePath": "https://cdn0.woolworths.media/content/wowproductimages/large/033574.jpg", "hasCupPrice": true, "cupPrice": "$5.00 / 1EA", "unit": "Each", "packageSize": "each", "barcode": "70330657847", "brand": "Bic"}, "w431171-4901301511591": {"store": "woolworths", "name": "Biozet Attack Front & Top Loader Laundry Powder", "price": 9.99, "oldPrice": 19.99, "category": "household", "imagePath": "https://cdn0.woolworths.media/content/wowproductimages/large/431171.jpg", "hasCupPrice": true, "cupPrice": "$5.00 / 1KG", "unit": "Each", "packageSize": "2kg", "barcode": "4901301511591", "brand": "Biozet"}, "w425288-4710363777698": {"store": "woolworths", "name": "Biozet Attack Front & Top Loader Regular Laundry Liquid", "price": 9.99, "oldPrice": 19.99, "category": "household", "imagePath": "https://cdn0.woolworths.media/content/wowproductimages/large/425288.jpg", "hasCupPrice": true, "cupPrice": "$5.00 / 1L", "unit": "Each", "packageSize": "2l", "barcode": "4710363777698", "brand": "Biozet"}, "w510002-9311985963213": {"store": "woolworths", "name": "Bonds Action Brief Extra Large", "price": 11, "oldPrice": 22, "category": "household", "imagePath": "https://cdn0.woolworths.media/content/wowproductimages/large/510002.jpg", "hasCupPrice": false, "cupPrice": "$0.00 / 0", "unit": "Each", "packageSize": "4 pack", "barcode": "9311985963213", "brand": "Bonds"}, "w756216-9311497974431": {"store": "woolworths", "name": "Bonds Boys Underwear Cotton Trunk (8-10 & 10-12)", "price": 7.5, "oldPrice": 15, "category": "household", "imagePath": "https://cdn0.woolworths.media/content/wowproductimages/large/756216.jpg", "hasCupPrice": true, "cupPrice": "$2.50 / 1EA", "unit": "Each", "packageSize": "3 pack", "barcode": "9311497974431", "brand": "Bonds"}, "w756261-9311497974448": {"store": "woolworths", "name": "Bonds Boys Underwear Cotton Trunk 12-14 & 14-16", "price": 7.5, "oldPrice": 15, "category": "household", "imagePath": "https://cdn0.woolworths.media/content/wowproductimages/large/756261.jpg", "hasCupPrice": true, "cupPrice": "$2.50 / 1EA", "unit": "Each", "packageSize": "3 pack", "barcode": "9311497974448", "brand": "Bonds"}, "w829049-9313022628093": {"store": "woolworths", "name": "Bonds Comfy Tops Fleecy Tights Black Tl-xt", "price": 10, "oldPrice": 20, "category": "household", "imagePath": "https://cdn0.woolworths.media/content/wowproductimages/large/829049.jpg", "hasCupPrice": false, "cupPrice": "$0.00 / 0", "unit": "Each", "packageSize": "each", "barcode": "9313022628093", "brand": "Bonds"}, "w751437-9326489946556": {"store": "woolworths", "name": "Bonds Comfy Tops Opaque Tights Black Med-lge", "price": 6, "oldPrice": 12, "category": "household", "imagePath": "https://cdn0.woolworths.media/content/wowproductimages/large/751437.jpg", "hasCupPrice": false, "cupPrice": "$0.00 / 0", "unit": "Each", "packageSize": "each", "barcode": "9326489946556", "brand": "Bonds"}, "w751436-9326489946563": {"store": "woolworths", "name": "Bonds Comfy Tops Opaque Tights Black Sml-med", "price": 6, "oldPrice": 12, "category": "household", "imagePath": "https://cdn0.woolworths.media/content/wowproductimages/large/751436.jpg", "hasCupPrice": false, "cupPrice": "$0.00 / 0", "unit": "Each", "packageSize": "each", "barcode": "9326489946563", "brand": "Bonds"}, "w828610-9326489952007": {"store": "woolworths", "name": "Bonds Comfy Tops Semi Opaque Knee High Black 1 Size", "price": 2.5, "oldPrice": 5, "category": "household", "imagePath": "https://cdn0.woolworths.media/content/wowproductimages/large/828610.jpg", "hasCupPrice": false, "cupPrice": "$0.00 / 0", "unit": "Each", "packageSize": "each", "barcode": "9326489952007", "brand": "Bonds"}, "w828655-9326489951994": {"store": "woolworths", "name": "Bonds Comfy Tops Semi Opaque Knee High Nude 1 Size", "price": 2.5, "oldPrice": 5, "category": "household", "imagePath": "https://cdn0.woolworths.media/content/wowproductimages/large/828655.jpg", "hasCupPrice": false, "cupPrice": "$0.00 / 0", "unit": "Each", "packageSize": "each", "barcode": "9326489951994", "brand": "Bonds"}, "w828671-9326489959808": {"store": "woolworths", "name": "Bonds Comfy Tops Semi Opaque Tights Black Med-lge", "price": 4, "oldPrice": 8, "category": "household", "imagePath": "https://cdn0.woolworths.media/content/wowproductimages/large/828671.jpg", "hasCupPrice": false, "cupPrice": "$0.00 / 0", "unit": "Each", "packageSize": "each", "barcode": "9326489959808", "brand": "Bonds"}, "w828673-9326489959815": {"store": "woolworths", "name": "Bonds Comfy Tops Semi Opaque Tights Black Sml-med", "price": 4, "oldPrice": 8, "category": "household", "imagePath": "https://cdn0.woolworths.media/content/wowproductimages/large/828673.jpg", "hasCupPrice": false, "cupPrice": "$0.00 / 0", "unit": "Each", "packageSize": "each", "barcode": "9326489959815", "brand": "Bonds"}, "w828732-9326489958313": {"store": "woolworths", "name": "Bonds Comfy Tops Sheer Tights Black Lge", "price": 4, "oldPrice": 8, "category": "household", "imagePath": "https://cdn0.woolworths.media/content/wowproductimages/large/828732.jpg", "hasCupPrice": false, "cupPrice": "$0.00 / 0", "unit": "Each", "packageSize": "each", "barcode": "9326489958313", "brand": "Bonds"}, "w828723-9326489958320": {"store": "woolworths", "name": "Bonds Comfy Tops Sheer Tights Black Med", "price": 4, "oldPrice": 8, "category": "household", "imagePath": "https://cdn0.woolworths.media/content/wowproductimages/large/828723.jpg", "hasCupPrice": false, "cupPrice": "$0.00 / 0", "unit": "Each", "packageSize": "each", "barcode": "9326489958320", "brand": "Bonds"}, "w828720-9326489965199": {"store": "woolworths", "name": "Bonds Comfy Tops Slimming Sheer Tights Black Lge", "price": 4, "oldPrice": 8, "category": "household", "imagePath": "https://cdn0.woolworths.media/content/wowproductimages/large/828720.jpg", "hasCupPrice": false, "cupPrice": "$0.00 / 0", "unit": "Each", "packageSize": "each", "barcode": "9326489965199", "brand": "Bonds"}, "w828724-9326489965205": {"store": "woolworths", "name": "Bonds Comfy Tops Slimming Sheer Tights Black Med", "price": 4, "oldPrice": 8, "category": "household", "imagePath": "https://cdn0.woolworths.media/content/wowproductimages/large/828724.jpg", "hasCupPrice": false, "cupPrice": "$0.00 / 0", "unit": "Each", "packageSize": "each", "barcode": "9326489965205", "brand": "Bonds"}, "w828726-9326489965212": {"store": "woolworths", "name": "Bonds Comfy Tops Slimming Sheer Tights Black Sml", "price": 4, "oldPrice": 8, "category": "household", "imagePath": "https://cdn0.woolworths.media/content/wowproductimages/large/828726.jpg", "hasCupPrice": false, "cupPrice": "$0.00 / 0", "unit": "Each", "packageSize": "each", "barcode": "9326489965212", "brand": "Bonds"}, "w828725-9326489965168": {"store": "woolworths", "name": "Bonds Comfy Tops Slimming Sheer Tights Nude Lge", "price": 4, "oldPrice": 8, "category": "household", "imagePath": "https://cdn0.woolworths.media/content/wowproductimages/large/828725.jpg", "hasCupPrice": false, "cupPrice": "$0.00 / 0", "unit": "Each", "packageSize": "each", "barcode": "9326489965168", "brand": "Bonds"}, "w828727-9326489965175": {"store": "woolworths", "name": "Bonds Comfy Tops Slimming Sheer Tights Nude Med", "price": 4, "oldPrice": 8, "category": "household", "imagePath": "https://cdn0.woolworths.media/content/wowproductimages/large/828727.jpg", "hasCupPrice": false, "cupPrice": "$0.00 / 0", "unit": "Each", "packageSize": "each", "barcode": "9326489965175", "brand": "Bonds"}, "w828683-9326489958375": {"store": "woolworths", "name": "Bonds Comfy Tops Very Opaque Tights Black Med-lge", "price": 6, "oldPrice": 12, "category": "household", "imagePath": "https://cdn0.woolworths.media/content/wowproductimages/large/828683.jpg", "hasCupPrice": false, "cupPrice": "$0.00 / 0", "unit": "Each", "packageSize": "each", "barcode": "9326489958375", "brand": "Bonds"}, "w828686-9326489958382": {"store": "woolworths", "name": "Bonds Comfy Tops Very Opaque Tights Black Sml-med", "price": 6, "oldPrice": 12, "category": "household", "imagePath": "https://cdn0.woolworths.media/content/wowproductimages/large/828686.jpg", "hasCupPrice": false, "cupPrice": "$0.00 / 0", "unit": "Each", "packageSize": "each", "barcode": "9326489958382", "brand": "Bonds"}, "w358119-9310115249593": {"store": "woolworths", "name": "Bonds Explorer Socks Mens Black Size 11-14", "price": 7, "oldPrice": 14, "category": "household", "imagePath": "https://cdn0.woolworths.media/content/wowproductimages/large/358119.jpg", "hasCupPrice": false, "cupPrice": "$0.00 / 0", "unit": "Each", "packageSize": "1pk", "barcode": "9310115249593", "brand": "Bonds"}, "w357765-9310115249722": {"store": "woolworths", "name": "Bonds Explorer Socks Mens Navy Size 11-14", "price": 7, "oldPrice": 14, "category": "household", "imagePath": "https://cdn0.woolworths.media/content/wowproductimages/large/357765.jpg", "hasCupPrice": false, "cupPrice": "$0.00 / 0", "unit": "Each", "packageSize": "each", "barcode": "9310115249722", "brand": "Bonds"}, "w756234-9311497974455": {"store": "woolworths", "name": "Bonds Girls Underwear Cotton Brief (8-10 & 10-12)", "price": 7, "oldPrice": 14, "category": "household", "imagePath": "https://cdn0.woolworths.media/content/wowproductimages/large/756234.jpg", "hasCupPrice": true, "cupPrice": "$1.75 / 1EA", "unit": "Each", "packageSize": "4 pack", "barcode": "9311497974455", "brand": "Bonds"}, "w756215-9311497974462": {"store": "woolworths", "name": "Bonds Girls Underwear Cotton Brief 12-14 & 14-16", "price": 7, "oldPrice": 14, "category": "household", "imagePath": "https://cdn0.woolworths.media/content/wowproductimages/large/756215.jpg", "hasCupPrice": true, "cupPrice": "$1.75 / 1EA", "unit": "Each", "packageSize": "4 pack", "barcode": "9311497974462", "brand": "Bonds"}, "w431221-9312688849811": {"store": "woolworths", "name": "Bonds Instatan Sheer Stockings Slim Tight Light Brown Large", "price": 4, "oldPrice": 8, "category": "household", "imagePath": "https://cdn0.woolworths.media/content/wowproductimages/large/431221.jpg", "hasCupPrice": false, "cupPrice": "$0.00 / 0", "unit": "Each", "packageSize": "each", "barcode": "9312688849811", "brand": "Bonds"}, "w431197-9312688849828": {"store": "woolworths", "name": "Bonds Instatan Sheer Stockings Slim Tight Light Brown Medium", "price": 4, "oldPrice": 8, "category": "household", "imagePath": "https://cdn0.woolworths.media/content/wowproductimages/large/431197.jpg", "hasCupPrice": false, "cupPrice": "$0.00 / 0", "unit": "Each", "packageSize": "each", "barcode": "9312688849828", "brand": "Bonds"}, "w431186-9312688849835": {"store": "woolworths", "name": "Bonds Instatan Sheer Stockings Slim Tight Light Brown Small", "price": 4, "oldPrice": 8, "category": "household", "imagePath": "https://cdn0.woolworths.media/content/wowproductimages/large/431186.jpg", "hasCupPrice": false, "cupPrice": "$0.00 / 0", "unit": "Each", "packageSize": "each", "barcode": "9312688849835", "brand": "Bonds"}, "w431228-9312688849781": {"store": "woolworths", "name": "Bonds Instatan Sheer Stockings Slim Tight Medium Brown Large", "price": 4, "oldPrice": 8, "category": "household", "imagePath": "https://cdn0.woolworths.media/content/wowproductimages/large/431228.jpg", "hasCupPrice": false, "cupPrice": "$0.00 / 0", "unit": "Each", "packageSize": "each", "barcode": "9312688849781", "brand": "Bonds"}, "w431232-9312688849798": {"store": "woolworths", "name": "Bonds Instatan Sheer Stockings Slim Tight Medium Brown Medium", "price": 4, "oldPrice": 8, "category": "household", "imagePath": "https://cdn0.woolworths.media/content/wowproductimages/large/431232.jpg", "hasCupPrice": false, "cupPrice": "$0.00 / 0", "unit": "Each", "packageSize": "each", "barcode": "9312688849798", "brand": "Bonds"}, "w384681-9342830348015": {"store": "woolworths", "name": "Bonds Kids Socks Logo Sport 1/4 Size 2-8", "price": 6, "oldPrice": 12, "category": "household", "imagePath": "https://cdn0.woolworths.media/content/wowproductimages/large/384681.jpg", "hasCupPrice": true, "cupPrice": "$2.00 / 1EA", "unit": "Each", "packageSize": "3 pack", "barcode": "9342830348015", "brand": "Bonds"}, "w282583-9312997866356": {"store": "woolworths", "name": "Bonds Kids Socks Logo Sport 1/4 Size 9-12", "price": 6, "oldPrice": 12, "category": "household", "imagePath": "https://cdn0.woolworths.media/content/wowproductimages/large/282583.jpg", "hasCupPrice": true, "cupPrice": "$2.00 / 1EA", "unit": "Each", "packageSize": "3 pack", "barcode": "9312997866356", "brand": "Bonds"}, "w253625-9354779794952": {"store": "woolworths", "name": "Bonds Kids Socks Lowcut Logo 13 - 3", "price": 6, "oldPrice": 12, "category": "household", "imagePath": "https://cdn0.woolworths.media/content/wowproductimages/large/253625.jpg", "hasCupPrice": true, "cupPrice": "$2.00 / 1EA", "unit": "Each", "packageSize": "3 pack", "barcode": "9354779794952", "brand": "Bonds"}, "w253621-9354779794983": {"store": "woolworths", "name": "Bonds Kids Socks Lowcut Logo 9 - 12", "price": 6, "oldPrice": 12, "category": "household", "imagePath": "https://cdn0.woolworths.media/content/wowproductimages/large/253621.jpg", "hasCupPrice": true, "cupPrice": "$2.00 / 1EA", "unit": "Each", "packageSize": "3 pack", "barcode": "9354779794983", "brand": "Bonds"}, "w384682-9311497462358": {"store": "woolworths", "name": "Bonds Kids Socks Lowcut Sport Size 3-8", "price": 6, "oldPrice": 12, "category": "household", "imagePath": "https://cdn0.woolworths.media/content/wowproductimages/large/384682.jpg", "hasCupPrice": true, "cupPrice": "$2.00 / 1EA", "unit": "Each", "packageSize": "3 pack", "barcode": "9311497462358", "brand": "Bonds"}, "w17093-9354009250784": {"store": "woolworths", "name": "Bonds Ladies Sport Tech Socks Size 3 To 8", "price": 7, "oldPrice": 14, "category": "household", "imagePath": "https://cdn0.woolworths.media/content/wowproductimages/large/017093.jpg", "hasCupPrice": false, "cupPrice": "$0.00 / 0", "unit": "Each", "packageSize": "2 pack", "barcode": "9354009250784", "brand": "Bonds"}, "w17114-9354009250791": {"store": "woolworths", "name": "Bonds Ladies Sport Tech Socks Size 8 To 11", "price": 7, "oldPrice": 14, "category": "household", "imagePath": "https://cdn0.woolworths.media/content/wowproductimages/large/017114.jpg", "hasCupPrice": false, "cupPrice": "$0.00 / 0", "unit": "Each", "packageSize": "2 pack", "barcode": "9354009250791", "brand": "Bonds"}, "w828731-9310259533503": {"store": "woolworths", "name": "Bonds Low Cut Heel Grip Footlets Black", "price": 3, "oldPrice": 6, "category": "household", "imagePath": "https://cdn0.woolworths.media/content/wowproductimages/large/828731.jpg", "hasCupPrice": false, "cupPrice": "$0.00 / 0", "unit": "Each", "packageSize": "each", "barcode": "9310259533503", "brand": "Bonds"}, "w828722-9310259427420": {"store": "woolworths", "name": "Bonds Low Cut Heel Grip Footlets Nude", "price": 3, "oldPrice": 6, "category": "household", "imagePath": "https://cdn0.woolworths.media/content/wowproductimages/large/828722.jpg", "hasCupPrice": false, "cupPrice": "$0.00 / 0", "unit": "Each", "packageSize": "each", "barcode": "9310259427420", "brand": "Bonds"}, "w511498-9354009255741": {"store": "woolworths", "name": "Bonds Mens Logo Socks Light Trainer Sz 6 Plus", "price": 7, "oldPrice": 14, "category": "household", "imagePath": "https://cdn0.woolworths.media/content/wowproductimages/large/511498.jpg", "hasCupPrice": false, "cupPrice": "$0.00 / 0", "unit": "Each", "packageSize": "4 pack", "barcode": "9354009255741", "brand": "Bonds"}, "w511506-9350461578541": {"store": "woolworths", "name": "Bonds Mens Logo Socks Light Trainers Sz 11 Plus", "price": 7, "oldPrice": 14, "category": "household", "imagePath": "https://cdn0.woolworths.media/content/wowproductimages/large/511506.jpg", "hasCupPrice": false, "cupPrice": "$0.00 / 0", "unit": "Each", "packageSize": "4 pack", "barcode": "9350461578541", "brand": "Bonds"}, "w282533-9312997098375": {"store": "woolworths", "name": "Bonds Mens Socks 1/4 Crew Sports Size 6-10", "price": 7, "oldPrice": 14, "category": "household", "imagePath": "https://cdn0.woolworths.media/content/wowproductimages/large/282533.jpg", "hasCupPrice": true, "cupPrice": "$2.33 / 1EA", "unit": "Each", "packageSize": "3 pack", "barcode": "9312997098375", "brand": "Bonds"}, "w361096-9312997098368": {"store": "woolworths", "name": "Bonds Mens Socks Logo 1/4 Crew Sports Size 11-14", "price": 7, "oldPrice": 14, "category": "household", "imagePath": "https://cdn0.woolworths.media/content/wowproductimages/large/361096.jpg", "hasCupPrice": true, "cupPrice": "$2.33 / 1EA", "unit": "Each", "packageSize": "3 pack", "barcode": "9312997098368", "brand": "Bonds"}, "w17034-9354009258476": {"store": "woolworths", "name": "Bonds Mens Sport Tech Socks Size 11 To 14", "price": 7, "oldPrice": 14, "category": "household", "imagePath": "https://cdn0.woolworths.media/content/wowproductimages/large/017034.jpg", "hasCupPrice": false, "cupPrice": "$0.00 / 0", "unit": "Each", "packageSize": "2 pack", "barcode": "9354009258476", "brand": "Bonds"}, "w16921-9354009258483": {"store": "woolworths", "name": "Bonds Mens Sport Tech Socks Size 6 To 10", "price": 7, "oldPrice": 14, "category": "household", "imagePath": "https://cdn0.woolworths.media/content/wowproductimages/large/016921.jpg", "hasCupPrice": false, "cupPrice": "$0.00 / 0", "unit": "Each", "packageSize": "2 pack", "barcode": "9354009258483", "brand": "Bonds"}, "w319417-9341036390774": {"store": "woolworths", "name": "Bonds Mens Underwear Fit Trunk Large", "price": 11, "oldPrice": 22, "category": "household", "imagePath": "https://cdn0.woolworths.media/content/wowproductimages/large/319417.jpg", "hasCupPrice": false, "cupPrice": "$0.00 / 0", "unit": "Each", "packageSize": "each", "barcode": "9341036390774", "brand": "Bonds"}, "w319416-9341036390767": {"store": "woolworths", "name": "Bonds Mens Underwear Fit Trunk Medium", "price": 11, "oldPrice": 22, "category": "household", "imagePath": "https://cdn0.woolworths.media/content/wowproductimages/large/319416.jpg", "hasCupPrice": false, "cupPrice": "$0.00 / 0", "unit": "Each", "packageSize": "each", "barcode": "9341036390767", "brand": "Bonds"}, "w319419-9341036390781": {"store": "woolworths", "name": "Bonds Mens Underwear Fit Trunk X Large", "price": 11, "oldPrice": 22, "category": "household", "imagePath": "https://cdn0.woolworths.media/content/wowproductimages/large/319419.jpg", "hasCupPrice": false, "cupPrice": "$0.00 / 0", "unit": "Each", "packageSize": "each", "barcode": "9341036390781", "brand": "Bonds"}, "w205585-9331291735069": {"store": "woolworths", "name": "Bonds Mens Underwear Guy Front Trunk Size Large", "price": 11, "oldPrice": 22, "category": "household", "imagePath": "https://cdn0.woolworths.media/content/wowproductimages/large/205585.jpg", "hasCupPrice": false, "cupPrice": "$0.00 / 0", "unit": "Each", "packageSize": "each", "barcode": "9331291735069", "brand": "Bonds"}, "w205584-9331291735052": {"store": "woolworths", "name": "Bonds Mens Underwear Guy Front Trunk Size Medium", "price": 11, "oldPrice": 22, "category": "household", "imagePath": "https://cdn0.woolworths.media/content/wowproductimages/large/205584.jpg", "hasCupPrice": false, "cupPrice": "$0.00 / 0", "unit": "Each", "packageSize": "each", "barcode": "9331291735052", "brand": "Bonds"}, "w205586-9331291735076": {"store": "woolworths", "name": "Bonds Mens Underwear Guy Front Trunk Size X Large", "price": 11, "oldPrice": 22, "category": "household", "imagePath": "https://cdn0.woolworths.media/content/wowproductimages/large/205586.jpg", "hasCupPrice": false, "cupPrice": "$0.00 / 0", "unit": "Each", "packageSize": "each", "barcode": "9331291735076", "brand": "Bonds"}, "w257600-9312997211453": {"store": "woolworths", "name": "Bonds Mens Underwear Hipster Brief Large", "price": 13.5, "oldPrice": 27, "category": "household", "imagePath": "https://cdn0.woolworths.media/content/wowproductimages/large/257600.jpg", "hasCupPrice": true, "cupPrice": "$2.70 / 1EA", "unit": "Each", "packageSize": "5 pack", "barcode": "9312997211453", "brand": "Bonds"}, "w257599-9312997211460": {"store": "woolworths", "name": "Bonds Mens Underwear Hipster Brief Medium", "price": 13.5, "oldPrice": 27, "category": "household", "imagePath": "https://cdn0.woolworths.media/content/wowproductimages/large/257599.jpg", "hasCupPrice": true, "cupPrice": "$2.70 / 1EA", "unit": "Each", "packageSize": "5 pack", "barcode": "9312997211460", "brand": "Bonds"}, "w257601-9312997211484": {"store": "woolworths", "name": "Bonds Mens Underwear Hipster Brief X Large", "price": 13.5, "oldPrice": 27, "category": "household", "imagePath": "https://cdn0.woolworths.media/content/wowproductimages/large/257601.jpg", "hasCupPrice": true, "cupPrice": "$2.70 / 1EA", "unit": "Each", "packageSize": "5 pack", "barcode": "9312997211484", "brand": "Bonds"}, "w257602-9312997211491": {"store": "woolworths", "name": "Bonds Mens Underwear Hipster Brief Xx Large", "price": 13.5, "oldPrice": 27, "category": "household", "imagePath": "https://cdn0.woolworths.media/content/wowproductimages/large/257602.jpg", "hasCupPrice": true, "cupPrice": "$2.70 / 1EA", "unit": "Each", "packageSize": "5 pack", "barcode": "9312997211491", "brand": "Bonds"}, "w370990-9310259896424": {"store": "woolworths", "name": "Bonds No Show Footlets Black  (3-8 & 8-11)", "price": 2, "oldPrice": 4, "category": "household", "imagePath": "https://cdn0.woolworths.media/content/wowproductimages/large/370990.jpg", "hasCupPrice": false, "cupPrice": "$0.00 / 0", "unit": "Each", "packageSize": "each", "barcode": "9310259896424", "brand": "Bonds"}, "w130581-9312997692467": {"store": "woolworths", "name": "Bonds No Show Footlets Nude  (3-8 & 8-11)", "price": 2, "oldPrice": 4, "category": "household", "imagePath": "https://cdn0.woolworths.media/content/wowproductimages/large/130581.jpg", "hasCupPrice": false, "cupPrice": "$0.00 / 0", "unit": "Each", "packageSize": "each", "barcode": "9312997692467", "brand": "Bonds"}, "w38404-9354779170671": {"store": "woolworths", "name": "Bonds Singlet Mens Chesty White Size 18", "price": 6.5, "oldPrice": 13, "category": "household", "imagePath": "https://cdn0.woolworths.media/content/wowproductimages/large/038404.jpg", "hasCupPrice": false, "cupPrice": "$0.00 / 0", "unit": "Each", "packageSize": "1pk", "barcode": "9354779170671", "brand": "Bonds"}, "w38423-9354779170688": {"store": "woolworths", "name": "Bonds Singlet Mens Chesty White Size 20", "price": 6.5, "oldPrice": 13, "category": "household", "imagePath": "https://cdn0.woolworths.media/content/wowproductimages/large/038423.jpg", "hasCupPrice": false, "cupPrice": "$0.00 / 0", "unit": "Each", "packageSize": "1pk", "barcode": "9354779170688", "brand": "Bonds"}, "w361088-9342830355136": {"store": "woolworths", "name": "Bonds Socks Mens Business Black Size 11-14", "price": 7, "oldPrice": 14, "category": "household", "imagePath": "https://cdn0.woolworths.media/content/wowproductimages/large/361088.jpg", "hasCupPrice": true, "cupPrice": "$2.33 / 1EA", "unit": "Each", "packageSize": "3 pack", "barcode": "9342830355136", "brand": "Bonds"}, "w283176-9354779509877": {"store": "woolworths", "name": "Bonds Socks Mens Logo Lowcut Size 11-14", "price": 7, "oldPrice": 14, "category": "household", "imagePath": "https://cdn0.woolworths.media/content/wowproductimages/large/283176.jpg", "hasCupPrice": true, "cupPrice": "$2.33 / 1EA", "unit": "Each", "packageSize": "3 pack", "barcode": "9354779509877", "brand": "Bonds"}, "w253619-9312997835338": {"store": "woolworths", "name": "Bonds Socks Mens Logo Lowcut Size 6-10", "price": 7, "oldPrice": 14, "category": "household", "imagePath": "https://cdn0.woolworths.media/content/wowproductimages/large/253619.jpg", "hasCupPrice": true, "cupPrice": "$2.33 / 1EA", "unit": "Each", "packageSize": "3pk", "barcode": "9312997835338", "brand": "Bonds"}, "w24456-9311985004206": {"store": "woolworths", "name": "Bonds Women's Underwear Cottontails Size 12", "price": 6.5, "oldPrice": 14, "category": "household", "imagePath": "https://cdn0.woolworths.media/content/wowproductimages/large/024456.jpg", "hasCupPrice": false, "cupPrice": "$0.00 / 0", "unit": "Each", "packageSize": "2 pack", "barcode": "9311985004206", "brand": "Bonds"}, "w660320-9351257997874": {"store": "woolworths", "name": "Bonds Womens Sneaker Socks Size 8 -11", "price": 7, "oldPrice": 14, "category": "household", "imagePath": "https://cdn0.woolworths.media/content/wowproductimages/large/660320.jpg", "hasCupPrice": false, "cupPrice": "$0.00 / 0", "unit": "Each", "packageSize": "4 pack", "barcode": "9351257997874", "brand": "Bonds"}, "w17504-9354779099972": {"store": "woolworths", "name": "Bonds Womens Comfy Crop Size S", "price": 7.5, "oldPrice": 15, "category": "household", "imagePath": "https://cdn0.woolworths.media/content/wowproductimages/large/017504.jpg", "hasCupPrice": false, "cupPrice": "$0.00 / 0", "unit": "Each", "packageSize": "1 pack", "barcode": "9354779099972", "brand": "Bonds"}, "w17480-9354779099989": {"store": "woolworths", "name": "Bonds Womens Comfy Crop Size Xl", "price": 7.5, "oldPrice": 15, "category": "household", "imagePath": "https://cdn0.woolworths.media/content/wowproductimages/large/017480.jpg", "hasCupPrice": false, "cupPrice": "$0.00 / 0", "unit": "Each", "packageSize": "1 pack", "barcode": "9354779099989", "brand": "Bonds"}, "w17508-9354779099958": {"store": "woolworths", "name": "Bonds Womens Comfy Crop L ", "price": 7.5, "oldPrice": 15, "category": "household", "imagePath": "https://cdn0.woolworths.media/content/wowproductimages/large/017508.jpg", "hasCupPrice": false, "cupPrice": "$0.00 / 0", "unit": "Each", "packageSize": "each", "barcode": "9354779099958", "brand": "Bonds"}, "w511530-9312997098429": {"store": "woolworths", "name": "Bonds Womens Logo Socks Light No Show Sz 3 Plus", "price": 7, "oldPrice": 14, "category": "household", "imagePath": "https://cdn0.woolworths.media/content/wowproductimages/large/511530.jpg", "hasCupPrice": false, "cupPrice": "$0.00 / 0", "unit": "Each", "packageSize": "4 pack", "barcode": "9312997098429", "brand": "Bonds"}, "w511499-9312997098436": {"store": "woolworths", "name": "Bonds Womens Logo Socks Light No Show Sz 8 Plus", "price": 7, "oldPrice": 14, "category": "household", "imagePath": "https://cdn0.woolworths.media/content/wowproductimages/large/511499.jpg", "hasCupPrice": false, "cupPrice": "$0.00 / 0", "unit": "Each", "packageSize": "4 pack", "barcode": "9312997098436", "brand": "Bonds"}, "w282756-9312997866585": {"store": "woolworths", "name": "Bonds Womens Socks Logo 1/4 Sports Size 3-8", "price": 7, "oldPrice": 14, "category": "household", "imagePath": "https://cdn0.woolworths.media/content/wowproductimages/large/282756.jpg", "hasCupPrice": true, "cupPrice": "$2.33 / 1EA", "unit": "Each", "packageSize": "3 pack", "barcode": "9312997866585", "brand": "Bonds"}, "w253620-9312997835345": {"store": "woolworths", "name": "Bonds Womens Socks Logo Low Cut Logo Size 3-8", "price": 7, "oldPrice": 14, "category": "household", "imagePath": "https://cdn0.woolworths.media/content/wowproductimages/large/253620.jpg", "hasCupPrice": true, "cupPrice": "$2.33 / 1EA", "unit": "Each", "packageSize": "3 pack", "barcode": "9312997835345", "brand": "Bonds"}, "w283174-9312997098450": {"store": "woolworths", "name": "Bonds Womens Socks Logo Low Cut Size 8-11", "price": 7, "oldPrice": 14, "category": "household", "imagePath": "https://cdn0.woolworths.media/content/wowproductimages/large/283174.jpg", "hasCupPrice": true, "cupPrice": "$2.33 / 1EA", "unit": "Each", "packageSize": "3 pack", "barcode": "9312997098450", "brand": "Bonds"}, "w361121-9342830349852": {"store": "woolworths", "name": "Bonds Womens Socks Logo Sports 1/4 Size 8-11", "price": 7, "oldPrice": 14, "category": "household", "imagePath": "https://cdn0.woolworths.media/content/wowproductimages/large/361121.jpg", "hasCupPrice": true, "cupPrice": "$2.33 / 1EA", "unit": "Each", "packageSize": "3 pack", "barcode": "9342830349852", "brand": "Bonds"}, "w246913-9337367000017": {"store": "woolworths", "name": "Bonds Womens Underwear Bikini Hipster Size 10", "price": 9, "oldPrice": 18, "category": "household", "imagePath": "https://cdn0.woolworths.media/content/wowproductimages/large/246913.jpg", "hasCupPrice": false, "cupPrice": "$0.00 / 0", "unit": "Each", "packageSize": "2 pack", "barcode": "9337367000017", "brand": "Bonds"}, "w246914-9337367000024": {"store": "woolworths", "name": "Bonds Womens Underwear Bikini Hipster Size 12", "price": 9, "oldPrice": 18, "category": "household", "imagePath": "https://cdn0.woolworths.media/content/wowproductimages/large/246914.jpg", "hasCupPrice": false, "cupPrice": "$0.00 / 0", "unit": "Each", "packageSize": "2 pack", "barcode": "9337367000024", "brand": "Bonds"}, "w246916-9337367000048": {"store": "woolworths", "name": "Bonds Womens Underwear Bikini Hipster Size 16", "price": 9, "oldPrice": 18, "category": "household", "imagePath": "https://cdn0.woolworths.media/content/wowproductimages/large/246916.jpg", "hasCupPrice": false, "cupPrice": "$0.00 / 0", "unit": "Each", "packageSize": "2 pack", "barcode": "9337367000048", "brand": "Bonds"}, "w24458-9311985004213": {"store": "woolworths", "name": "Bonds Womens Underwear Cottontails Size 14", "price": 6.5, "oldPrice": 14, "category": "household", "imagePath": "https://cdn0.woolworths.media/content/wowproductimages/large/024458.jpg", "hasCupPrice": false, "cupPrice": "$0.00 / 0", "unit": "Each", "packageSize": "2 pack", "barcode": "9311985004213", "brand": "Bonds"}, "w24463-9311985004244": {"store": "woolworths", "name": "Bonds Womens Underwear Cottontails Size 20", "price": 6.5, "oldPrice": 14, "category": "household", "imagePath": "https://cdn0.woolworths.media/content/wowproductimages/large/024463.jpg", "hasCupPrice": false, "cupPrice": "$0.00 / 0", "unit": "Each", "packageSize": "2 pack", "barcode": "9311985004244", "brand": "Bonds"}, "w24465-9311985004251": {"store": "woolworths", "name": "Bonds Womens Underwear Cottontails Size 22", "price": 6.5, "oldPrice": 14, "category": "household", "imagePath": "https://cdn0.woolworths.media/content/wowproductimages/large/024465.jpg", "hasCupPrice": false, "cupPrice": "$0.00 / 0", "unit": "Each", "packageSize": "2 pack", "barcode": "9311985004251", "brand": "Bonds"}, "w246917-9337367000338": {"store": "woolworths", "name": "Bonds Womens Underwear Hipster Boyleg Size 10", "price": 9, "oldPrice": 18, "category": "household", "imagePath": "https://cdn0.woolworths.media/content/wowproductimages/large/246917.jpg", "hasCupPrice": false, "cupPrice": "$0.00 / 0", "unit": "Each", "packageSize": "2 pack", "barcode": "9337367000338", "brand": "Bonds"}, "w246918-9337367000345": {"store": "woolworths", "name": "Bonds Womens Underwear Hipster Boyleg Size 12", "price": 9, "oldPrice": 18, "category": "household", "imagePath": "https://cdn0.woolworths.media/content/wowproductimages/large/246918.jpg", "hasCupPrice": false, "cupPrice": "$0.00 / 0", "unit": "Each", "packageSize": "2 pack", "barcode": "9337367000345", "brand": "Bonds"}, "w246920-9337367000352": {"store": "woolworths", "name": "Bonds Womens Underwear Hipster Boyleg Size 14", "price": 9, "oldPrice": 18, "category": "household", "imagePath": "https://cdn0.woolworths.media/content/wowproductimages/large/246920.jpg", "hasCupPrice": false, "cupPrice": "$0.00 / 0", "unit": "Each", "packageSize": "2 pack", "barcode": "9337367000352", "brand": "Bonds"}, "w246921-9337367000369": {"store": "woolworths", "name": "Bonds Womens Underwear Hipster Boyleg Size 16", "price": 9, "oldPrice": 18, "category": "household", "imagePath": "https://cdn0.woolworths.media/content/wowproductimages/large/246921.jpg", "hasCupPrice": false, "cupPrice": "$0.00 / 0", "unit": "Each", "packageSize": "2 pack", "barcode": "9337367000369", "brand": "Bonds"}, "w88383-9350376004555": {"store": "woolworths", "name": "Cold Power 2 In 1 Advanced Clean Fabric Softener", "price": 8.75, "oldPrice": 17.5, "category": "household", "imagePath": "https://cdn0.woolworths.media/content/wowproductimages/large/088383.jpg", "hasCupPrice": true, "cupPrice": "$4.86 / 1KG", "unit": "Each", "packageSize": "1.8kg", "barcode": "9350376004555", "brand": "Cold Power"}, "w88163-9350376003848": {"store": "woolworths", "name": "Cold Power Advanced Clean Front & Top Loader Laundry Liquid", "price": 8.75, "oldPrice": 17.5, "category": "household", "imagePath": "https://cdn0.woolworths.media/content/wowproductimages/large/088163.jpg", "hasCupPrice": true, "cupPrice": "$4.38 / 1L", "unit": "Each", "packageSize": "2l", "barcode": "9350376003848", "brand": "Cold Power"}, "w87848-9350376003886": {"store": "woolworths", "name": "Cold Power Advanced Clean Front & Top Loader Laundry Liquid Lemon", "price": 8.75, "oldPrice": 17.5, "category": "household", "imagePath": "https://cdn0.woolworths.media/content/wowproductimages/large/087848.jpg", "hasCupPrice": true, "cupPrice": "$4.38 / 1L", "unit": "Each", "packageSize": "2l", "barcode": "9350376003886", "brand": "Cold Power"}, "w88522-9350376004524": {"store": "woolworths", "name": "Cold Power Advanced Clean Front & Top Loader Laundry Powder", "price": 8.75, "oldPrice": 17.5, "category": "household", "imagePath": "https://cdn0.woolworths.media/content/wowproductimages/large/088522.jpg", "hasCupPrice": true, "cupPrice": "$4.38 / 1KG", "unit": "Each", "packageSize": "2kg", "barcode": "9350376004524", "brand": "Cold Power"}, "w88593-9350376003947": {"store": "woolworths", "name": "Cold Power Clean & Fresh Odour Fighter Fresh Guard Laundry Liquid", "price": 8.75, "oldPrice": 17.5, "category": "household", "imagePath": "https://cdn0.woolworths.media/content/wowproductimages/large/088593.jpg", "hasCupPrice": true, "cupPrice": "$4.86 / 1L", "unit": "Each", "packageSize": "1.8l", "barcode": "9350376003947", "brand": "Cold Power"}, "w86339-9350376004425": {"store": "woolworths", "name": "Cold Power Clean & Fresh Odour Fighter Laundry Powder", "price": 8.75, "oldPrice": 17.5, "category": "household", "imagePath": "https://cdn0.woolworths.media/content/wowproductimages/large/086339.jpg", "hasCupPrice": true, "cupPrice": "$4.86 / 1KG", "unit": "Each", "packageSize": "1.8kg", "barcode": "9350376004425", "brand": "Cold Power"}, "w88384-9350376003978": {"store": "woolworths", "name": "Cold Power Clean & Smooth Easy Ironing Laundry Liquid", "price": 8.75, "oldPrice": 17.5, "category": "household", "imagePath": "https://cdn0.woolworths.media/content/wowproductimages/large/088384.jpg", "hasCupPrice": true, "cupPrice": "$4.86 / 1L", "unit": "Each", "packageSize": "1.8l", "barcode": "9350376003978", "brand": "Cold Power"}, "w88334-9350376003923": {"store": "woolworths", "name": "Cold Power Sensitive Pure Clean ", "price": 8.75, "oldPrice": 17.5, "category": "household", "imagePath": "https://cdn0.woolworths.media/content/wowproductimages/large/088334.jpg", "hasCupPrice": true, "cupPrice": "$4.38 / 1L", "unit": "Each", "packageSize": "2l", "barcode": "9350376003923", "brand": "Cold Power"}, "w86941-9350376004579": {"store": "woolworths", "name": "Cold Power Sensitive Pure Clewan Laundry Powder", "price": 8.75, "oldPrice": 17.5, "category": "household", "imagePath": "https://cdn0.woolworths.media/content/wowproductimages/large/086941.jpg", "hasCupPrice": true, "cupPrice": "$4.38 / 1KG", "unit": "Each", "packageSize": "2kg", "barcode": "9350376004579", "brand": "Cold Power"}, "w689925-9300621031379": {"store": "woolworths", "name": "Decor Match Ups Clips Square 1.4l ", "price": 3.5, "oldPrice": 7, "category": "household", "imagePath": "https://cdn0.woolworths.media/content/wowproductimages/large/689925.jpg", "hasCupPrice": false, "cupPrice": "$0.00 / 0", "unit": "Each", "packageSize": "each", "barcode": "9300621031379", "brand": "Decor"}, "w689926-9300621031386": {"store": "woolworths", "name": "Decor Match Ups Clips Square 630ml ", "price": 3, "oldPrice": 6, "category": "household", "imagePath": "https://cdn0.woolworths.media/content/wowproductimages/large/689926.jpg", "hasCupPrice": false, "cupPrice": "$0.00 / 0", "unit": "Each", "packageSize": "each", "barcode": "9300621031386", "brand": "Decor"}, "w689924-9300621031362": {"store": "woolworths", "name": "Decor Match Ups Clips Tall Square 3l ", "price": 5, "oldPrice": 10, "category": "household", "imagePath": "https://cdn0.woolworths.media/content/wowproductimages/large/689924.jpg", "hasCupPrice": false, "cupPrice": "$0.00 / 0", "unit": "Each", "packageSize": "each", "barcode": "9300621031362", "brand": "Decor"}, "w634831-9300621028409": {"store": "woolworths", "name": "Decor Match-ups Oblong Container 1l", "price": 3, "oldPrice": 6, "category": "household", "imagePath": "https://cdn0.woolworths.media/content/wowproductimages/large/634831.jpg", "hasCupPrice": false, "cupPrice": "$0.00 / 0", "unit": "Each", "packageSize": "each", "barcode": "9300621028409", "brand": "Decor"}, "w634744-9300621028416": {"store": "woolworths", "name": "Decor Match-ups Oblong Container 2l", "price": 4, "oldPrice": 8, "category": "household", "imagePath": "https://cdn0.woolworths.media/content/wowproductimages/large/634744.jpg", "hasCupPrice": false, "cupPrice": "$0.00 / 0", "unit": "Each", "packageSize": "each", "barcode": "9300621028416", "brand": "Decor"}, "w635753-9300621028386": {"store": "woolworths", "name": "Decor Match-ups Oblong Container 350ml", "price": 2, "oldPrice": 4, "category": "household", "imagePath": "https://cdn0.woolworths.media/content/wowproductimages/large/635753.jpg", "hasCupPrice": false, "cupPrice": "$0.00 / 0", "unit": "Each", "packageSize": "each", "barcode": "9300621028386", "brand": "Decor"}, "w634832-9300621028447": {"store": "woolworths", "name": "Decor Match-ups Oblong Container 3l", "price": 4.5, "oldPrice": 9, "category": "household", "imagePath": "https://cdn0.woolworths.media/content/wowproductimages/large/634832.jpg", "hasCupPrice": false, "cupPrice": "$0.00 / 0", "unit": "Each", "packageSize": "each", "barcode": "9300621028447", "brand": "Decor"}, "w634745-9300621028454": {"store": "woolworths", "name": "Decor Match-ups Oblong Container 4l", "price": 6, "oldPrice": 12, "category": "household", "imagePath": "https://cdn0.woolworths.media/content/wowproductimages/large/634745.jpg", "hasCupPrice": false, "cupPrice": "$0.00 / 0", "unit": "Each", "packageSize": "each", "barcode": "9300621028454", "brand": "Decor"}, "w634747-9300621028461": {"store": "woolworths", "name": "Decor Match-ups Oblong Container 7l", "price": 7, "oldPrice": 14, "category": "household", "imagePath": "https://cdn0.woolworths.media/content/wowproductimages/large/634747.jpg", "hasCupPrice": false, "cupPrice": "$0.00 / 0", "unit": "Each", "packageSize": "each", "barcode": "9300621028461", "brand": "Decor"}, "w588754-9300621028027": {"store": "woolworths", "name": "Decor Microsafe 5 Piece Pack", "price": 8.5, "oldPrice": 17, "category": "household", "imagePath": "https://cdn0.woolworths.media/content/wowproductimages/large/588754.jpg", "hasCupPrice": false, "cupPrice": "$0.00 / 0", "unit": "Each", "packageSize": "each", "barcode": "9300621028027", "brand": "Decor"}, "w922933-9300621020533": {"store": "woolworths", "name": "Decor Microsafe Container Noodle Bowl", "price": 4, "oldPrice": 8, "category": "household", "imagePath": "https://cdn0.woolworths.media/content/wowproductimages/large/922933.jpg", "hasCupPrice": false, "cupPrice": "$0.00 / 0", "unit": "Each", "packageSize": "each", "barcode": "9300621020533", "brand": "Decor"}, "w224231-9300621006162": {"store": "woolworths", "name": "Decor Microsafe Container Oblong", "price": 3, "oldPrice": 6, "category": "household", "imagePath": "https://cdn0.woolworths.media/content/wowproductimages/large/224231.jpg", "hasCupPrice": false, "cupPrice": "$0.00 / 0", "unit": "Each", "packageSize": "900ml", "barcode": "9300621006162", "brand": "Decor"}, "w224230-9300621006155": {"store": "woolworths", "name": "Decor Microsafe Container Oblong", "price": 4, "oldPrice": 8, "category": "household", "imagePath": "https://cdn0.woolworths.media/content/wowproductimages/large/224230.jpg", "hasCupPrice": false, "cupPrice": "$0.00 / 0", "unit": "Each", "packageSize": "1.6l", "barcode": "9300621006155", "brand": "Decor"}, "w224227-9300621006124": {"store": "woolworths", "name": "Decor Microsafe Container Round", "price": 3, "oldPrice": 6, "category": "household", "imagePath": "https://cdn0.woolworths.media/content/wowproductimages/large/224227.jpg", "hasCupPrice": false, "cupPrice": "$0.00 / 0", "unit": "Each", "packageSize": "750ml", "barcode": "9300621006124", "brand": "Decor"}, "w224213-9300621006117": {"store": "woolworths", "name": "Decor Microsafe Container Round", "price": 4, "oldPrice": 8, "category": "household", "imagePath": "https://cdn0.woolworths.media/content/wowproductimages/large/224213.jpg", "hasCupPrice": false, "cupPrice": "$0.00 / 0", "unit": "Each", "packageSize": "1.5l", "barcode": "9300621006117", "brand": "Decor"}, "w491645-9300621025248": {"store": "woolworths", "name": "Decor Microsafe Easy Steam Egg Poacher", "price": 7.5, "oldPrice": 15, "category": "household", "imagePath": "https://cdn0.woolworths.media/content/wowproductimages/large/491645.jpg", "hasCupPrice": true, "cupPrice": "$7.50 / 1EA", "unit": "Each", "packageSize": "each", "barcode": "9300621025248", "brand": "Decor"}, "w676819-9300621028065": {"store": "woolworths", "name": "Decor Microsafe Jewel Oblong", "price": 7, "oldPrice": 14, "category": "household", "imagePath": "https://cdn0.woolworths.media/content/wowproductimages/large/676819.jpg", "hasCupPrice": false, "cupPrice": "$0.00 / 0", "unit": "Each", "packageSize": "3x900ml", "barcode": "9300621028065", "brand": "Decor"}, "w27950-9300621033694": {"store": "woolworths", "name": "Decor Microsafe Jewel Value Pack", "price": 6, "oldPrice": 12, "category": "household", "imagePath": "https://cdn0.woolworths.media/content/wowproductimages/large/027950.jpg", "hasCupPrice": false, "cupPrice": "$0.00 / 0", "unit": "Each", "packageSize": "3 pack", "barcode": "9300621033694", "brand": "Decor"}, "w28004-9300621033687": {"store": "woolworths", "name": "Decor Microsafe Oblong 375ml ", "price": 5.5, "oldPrice": 11, "category": "household", "imagePath": "https://cdn0.woolworths.media/content/wowproductimages/large/028004.jpg", "hasCupPrice": false, "cupPrice": "$0.00 / 0", "unit": "Each", "packageSize": "3 pack", "barcode": "9300621033687", "brand": "Decor"}, "w309391-9300621010459": {"store": "woolworths", "name": "Decor Microsafe Rice Cooker & Veg Steamer", "price": 5, "oldPrice": 10, "category": "household", "imagePath": "https://cdn0.woolworths.media/content/wowproductimages/large/309391.jpg", "hasCupPrice": false, "cupPrice": "$0.00 / 0", "unit": "Each", "packageSize": "2.75l", "barcode": "9300621010459", "brand": "Decor"}, "w252151-9300621008401": {"store": "woolworths", "name": "Decor Microsafe Soup Mug ", "price": 2.5, "oldPrice": 5, "category": "household", "imagePath": "https://cdn0.woolworths.media/content/wowproductimages/large/252151.jpg", "hasCupPrice": false, "cupPrice": "$0.00 / 0", "unit": "Each", "packageSize": "each", "barcode": "9300621008401", "brand": "Decor"}, "w495518-9300621025613": {"store": "woolworths", "name": "Decor Pumped Fresh Cooler Bag ", "price": 5.5, "oldPrice": 11, "category": "household", "imagePath": "https://cdn0.woolworths.media/content/wowproductimages/large/495518.jpg", "hasCupPrice": false, "cupPrice": "$0.00 / 0", "unit": "Each", "packageSize": "each", "barcode": "9300621025613", "brand": "Decor"}, "w495523-9300621025699": {"store": "woolworths", "name": "Decor Pumped Tritan Bottle 750ml Assorted", "price": 5, "oldPrice": 10, "category": "household", "imagePath": "https://cdn0.woolworths.media/content/wowproductimages/large/495523.jpg", "hasCupPrice": false, "cupPrice": "$0.00 / 0", "unit": "Each", "packageSize": "each", "barcode": "9300621025699", "brand": "Decor"}, "w463900-9300621025231": {"store": "woolworths", "name": "Decor Snap & Seal Soft Touch Bottle 500ml", "price": 4.5, "oldPrice": 9, "category": "household", "imagePath": "https://cdn0.woolworths.media/content/wowproductimages/large/463900.jpg", "hasCupPrice": false, "cupPrice": "$0.00 / 0", "unit": "Each", "packageSize": "each", "barcode": "9300621025231", "brand": "Decor"}, "w379159-9300621014976": {"store": "woolworths", "name": "Decor Tellfresh Cupcake Storer Oblong", "price": 5, "oldPrice": 10, "category": "household", "imagePath": "https://cdn0.woolworths.media/content/wowproductimages/large/379159.jpg", "hasCupPrice": false, "cupPrice": "$0.00 / 0", "unit": "Each", "packageSize": "each", "barcode": "9300621014976", "brand": "Decor"}, "w4801-9300621025606": {"store": "woolworths", "name": "Decor Tellfresh Storer Oblong", "price": 2.5, "oldPrice": 5, "category": "household", "imagePath": "https://cdn0.woolworths.media/content/wowproductimages/large/004801.jpg", "hasCupPrice": false, "cupPrice": "$0.00 / 0", "unit": "Each", "packageSize": "900ml", "barcode": "9300621025606", "brand": "Decor"}, "w229811-9300621006568": {"store": "woolworths", "name": "Decor Tellfresh Storer Oblong", "price": 4, "oldPrice": 8, "category": "household", "imagePath": "https://cdn0.woolworths.media/content/wowproductimages/large/229811.jpg", "hasCupPrice": true, "cupPrice": "$1.33 / 1EA", "unit": "Each", "packageSize": "3 pack", "barcode": "9300621006568", "brand": "Decor"}, "w4792-9300621022605": {"store": "woolworths", "name": "Decor Tellfresh Storer Oblong", "price": 3, "oldPrice": 6, "category": "household", "imagePath": "https://cdn0.woolworths.media/content/wowproductimages/large/004792.jpg", "hasCupPrice": false, "cupPrice": "$0.00 / 0", "unit": "Each", "packageSize": "1.8l", "barcode": "9300621022605", "brand": "Decor"}, "w229812-9300621006544": {"store": "woolworths", "name": "Decor Tellfresh Storer Oblong", "price": 5, "oldPrice": 10, "category": "household", "imagePath": "https://cdn0.woolworths.media/content/wowproductimages/large/229812.jpg", "hasCupPrice": true, "cupPrice": "$1.67 / 1EA", "unit": "Each", "packageSize": "3 pack", "barcode": "9300621006544", "brand": "Decor"}, "w68403-9300621026603": {"store": "woolworths", "name": "Decor Tellfresh Storer Oblong Tall", "price": 2.5, "oldPrice": 5, "category": "household", "imagePath": "https://cdn0.woolworths.media/content/wowproductimages/large/068403.jpg", "hasCupPrice": false, "cupPrice": "$0.00 / 0", "unit": "Each", "packageSize": "800ml", "barcode": "9300621026603", "brand": "Decor"}, "w55883-9300621037609": {"store": "woolworths", "name": "Decor Tellfresh Storer Oblong Tall", "price": 4.5, "oldPrice": 9, "category": "household", "imagePath": "https://cdn0.woolworths.media/content/wowproductimages/large/055883.jpg", "hasCupPrice": false, "cupPrice": "$0.00 / 0", "unit": "Each", "packageSize": "3l", "barcode": "9300621037609", "brand": "Decor"}, "w379107-9300621015188": {"store": "woolworths", "name": "Decor Tellfresh Storer Set", "price": 8, "oldPrice": 16, "category": "household", "imagePath": "https://cdn0.woolworths.media/content/wowproductimages/large/379107.jpg", "hasCupPrice": true, "cupPrice": "$1.33 / 1EA", "unit": "Each", "packageSize": "6 pack", "barcode": "9300621015188", "brand": "Decor"}, "w196118-9300621003109": {"store": "woolworths", "name": "Decor Tellfresh Super Storer ", "price": 8, "oldPrice": 16, "category": "household", "imagePath": "https://cdn0.woolworths.media/content/wowproductimages/large/196118.jpg", "hasCupPrice": false, "cupPrice": "$0.00 / 0", "unit": "Each", "packageSize": "8.5l", "barcode": "9300621003109", "brand": "Decor"}, "w87803-9350376003695": {"store": "woolworths", "name": "Dynamo Professional 7 Actions In 1 Wash Laundry Liquid", "price": 6, "oldPrice": 12, "category": "household", "imagePath": "https://cdn0.woolworths.media/content/wowproductimages/large/087803.jpg", "hasCupPrice": true, "cupPrice": "$6.67 / 1L", "unit": "Each", "packageSize": "900ml", "barcode": "9350376003695", "brand": "Dynamo"}, "w87733-9350376003749": {"store": "woolworths", "name": "Dynamo Professional Odour Elminating Laundry Liquid", "price": 6, "oldPrice": 12, "category": "household", "imagePath": "https://cdn0.woolworths.media/content/wowproductimages/large/087733.jpg", "hasCupPrice": true, "cupPrice": "$6.67 / 1L", "unit": "Each", "packageSize": "900ml", "barcode": "9350376003749", "brand": "Dynamo"}, "w87742-9350376003619": {"store": "woolworths", "name": "Dynamo Professional Oxi Plus Stain Remover Laundry Liquid", "price": 6, "oldPrice": 12, "category": "household", "imagePath": "https://cdn0.woolworths.media/content/wowproductimages/large/087742.jpg", "hasCupPrice": true, "cupPrice": "$6.67 / 1L", "unit": "Each", "packageSize": "900ml", "barcode": "9350376003619", "brand": "Dynamo"}, "w196698-9300633004682": {"store": "woolworths", "name": "For Her Womens Socks Crew-black Size 2-8", "price": 3.5, "oldPrice": 7, "category": "household", "imagePath": "https://cdn0.woolworths.media/content/wowproductimages/large/196698.jpg", "hasCupPrice": true, "cupPrice": "$1.17 / 1EA", "unit": "Each", "packageSize": "3 pack", "barcode": "9300633004682", "brand": "For Her"}, "w22782-9300701823948": {"store": "woolworths", "name": "Harpic Fresh Power Toilet Block Cleaner Floral", "price": 2.5, "oldPrice": 5, "category": "household", "imagePath": "https://cdn0.woolworths.media/content/wowproductimages/large/022782.jpg", "hasCupPrice": true, "cupPrice": "$6.41 / 100G", "unit": "Each", "packageSize": "39g", "barcode": "9300701823948", "brand": "Harpic"}, "w622351-9300701234157": {"store": "woolworths", "name": "Harpic Fresh Power Toilet Cleaner Marine Splash", "price": 2.5, "oldPrice": 5, "category": "household", "imagePath": "https://cdn0.woolworths.media/content/wowproductimages/large/622351.jpg", "hasCupPrice": true, "cupPrice": "$6.41 / 100G", "unit": "Each", "packageSize": "39g", "barcode": "9300701234157", "brand": "Harpic"}, "w622350-9300701234140": {"store": "woolworths", "name": "Harpic Fresh Power Toilet Cleaner Tropical Blossom", "price": 2.5, "oldPrice": 5, "category": "household", "imagePath": "https://cdn0.woolworths.media/content/wowproductimages/large/622350.jpg", "hasCupPrice": true, "cupPrice": "$6.41 / 100G", "unit": "Each", "packageSize": "39g", "barcode": "9300701234140", "brand": "Harpic"}, "w699977-9300701560386": {"store": "woolworths", "name": "Harpic Turquoise Power Toilet Block Cleaner Tropical Lagoon", "price": 2.5, "oldPrice": 5, "category": "household", "imagePath": "https://cdn0.woolworths.media/content/wowproductimages/large/699977.jpg", "hasCupPrice": true, "cupPrice": "$6.41 / 100G", "unit": "Each", "packageSize": "39g", "barcode": "9300701560386", "brand": "Harpic"}, "w692975-9339687046836": {"store": "woolworths", "name": "Inspire 225 Thread Count Flat Sheet For Queen Bed", "price": 11, "oldPrice": 22, "category": "household", "imagePath": "https://cdn0.woolworths.media/content/wowproductimages/large/692975.jpg", "hasCupPrice": false, "cupPrice": "$0.00 / 0", "unit": "Each", "packageSize": "each", "barcode": "9339687046836", "brand": "Inspire"}, "w13774-9339687093083": {"store": "woolworths", "name": "Inspire 225tc Fitted Sheet Double Bed", "price": 10, "oldPrice": 20, "category": "household", "imagePath": "https://cdn0.woolworths.media/content/wowproductimages/large/013774.jpg", "hasCupPrice": false, "cupPrice": "$0.00 / 0", "unit": "Each", "packageSize": "each", "barcode": "9339687093083", "brand": "Inspire"}, "w692973-9339687046980": {"store": "woolworths", "name": "Inspire 225tc Kids Quilt Cover Set For Single Bed", "price": 17.5, "oldPrice": 35, "category": "household", "imagePath": "https://cdn0.woolworths.media/content/wowproductimages/large/692973.jpg", "hasCupPrice": false, "cupPrice": "$0.00 / 0", "unit": "Each", "packageSize": "each", "barcode": "9339687046980", "brand": "Inspire"}, "w692971-9339687046959": {"store": "woolworths", "name": "Inspire 225tc Pillowcase ", "price": 5, "oldPrice": 10, "category": "household", "imagePath": "https://cdn0.woolworths.media/content/wowproductimages/large/692971.jpg", "hasCupPrice": false, "cupPrice": "$0.00 / 0", "unit": "Each", "packageSize": "2 pack", "barcode": "9339687046959", "brand": "Inspire"}, "w798623-9300633749897": {"store": "woolworths", "name": "Inspire Premium Face Washer Charcoal", "price": 6, "oldPrice": 12, "category": "household", "imagePath": "https://cdn0.woolworths.media/content/wowproductimages/large/798623.jpg", "hasCupPrice": false, "cupPrice": "$0.00 / 0", "unit": "Each", "packageSize": "2 pack", "barcode": "9300633749897", "brand": "Inspire"}, "w471190-9300633580094": {"store": "woolworths", "name": "Inspire Print Antipasto Dish ", "price": 1, "oldPrice": 2, "category": "household", "imagePath": "https://cdn0.woolworths.media/content/wowproductimages/large/471190.jpg", "hasCupPrice": false, "cupPrice": "$0.00 / 0", "unit": "Each", "packageSize": "each", "barcode": "9300633580094", "brand": "Inspire"}, "w470239-9300633580087": {"store": "woolworths", "name": "Inspire Print Bowl Small", "price": 1.5, "oldPrice": 3, "category": "household", "imagePath": "https://cdn0.woolworths.media/content/wowproductimages/large/470239.jpg", "hasCupPrice": false, "cupPrice": "$0.00 / 0", "unit": "Each", "packageSize": "each", "barcode": "9300633580087", "brand": "Inspire"}, "w681399-9350376000205": {"store": "woolworths", "name": "Lovable Care & Renew For Black & Darks", "price": 6, "oldPrice": 12, "category": "household", "imagePath": "https://cdn0.woolworths.media/content/wowproductimages/large/681399.jpg", "hasCupPrice": true, "cupPrice": "$4.00 / 1L", "unit": "Each", "packageSize": "1.5l", "barcode": "9350376000205", "brand": "Lovable"}, "w854141-9350376003374": {"store": "woolworths", "name": "Lovables Care & Refresh Laundry Liquid ", "price": 6, "oldPrice": 12, "category": "household", "imagePath": "https://cdn0.woolworths.media/content/wowproductimages/large/854141.jpg", "hasCupPrice": true, "cupPrice": "$4.00 / 1L", "unit": "Each", "packageSize": "1.5l", "barcode": "9350376003374", "brand": "Lovables"}, "w802803-9312066000377": {"store": "woolworths", "name": "Magic Stain Remover ", "price": 4, "oldPrice": 8, "category": "household", "imagePath": "https://cdn0.woolworths.media/content/wowproductimages/large/802803.jpg", "hasCupPrice": true, "cupPrice": "$16.00 / 1L", "unit": "Each", "packageSize": "250ml", "barcode": "9312066000377", "brand": "Magic"}, "w656130-803678001443": {"store": "woolworths", "name": "Ozkleen Pre Wash Power ", "price": 2.75, "oldPrice": 5.5, "category": "household", "imagePath": "https://cdn0.woolworths.media/content/wowproductimages/large/656130.jpg", "hasCupPrice": true, "cupPrice": "$5.50 / 1L", "unit": "Each", "packageSize": "500ml", "barcode": "803678001443", "brand": "Ozkleen"}, "w232383-9350376000717": {"store": "woolworths", "name": "Sard Wonder Inwash & Soaker Eucalyptus Power Stain Remover", "price": 3.49, "oldPrice": 6.99, "category": "household", "imagePath": "https://cdn0.woolworths.media/content/wowproductimages/large/232383.jpg", "hasCupPrice": true, "cupPrice": "$3.49 / 1KG", "unit": "Each", "packageSize": "1kg", "barcode": "9350376000717", "brand": "Sard Wonder"}, "w657182-9350376002223": {"store": "woolworths", "name": "Sard Wonder Super Power Soaker", "price": 3.49, "oldPrice": 6.99, "category": "household", "imagePath": "https://cdn0.woolworths.media/content/wowproductimages/large/657182.jpg", "hasCupPrice": true, "cupPrice": "$3.88 / 1KG", "unit": "Each", "packageSize": "900g", "barcode": "9350376002223", "brand": "Sard Wonder"}, "w766501-9350376000731": {"store": "woolworths", "name": "Sard Wonder Ultra Whitening Stain Remover", "price": 3.49, "oldPrice": 6.99, "category": "household", "imagePath": "https://cdn0.woolworths.media/content/wowproductimages/large/766501.jpg", "hasCupPrice": true, "cupPrice": "$3.49 / 1KG", "unit": "Each", "packageSize": "1kg", "barcode": "9350376000731", "brand": "Sard Wonder"}, "w518740-9311838175459": {"store": "woolworths", "name": "Tontine Anti-bacterial Pillows", "price": 12, "oldPrice": 24, "category": "household", "imagePath": "https://cdn0.woolworths.media/content/wowproductimages/large/518740.jpg", "hasCupPrice": true, "cupPrice": "$6.00 / 1EA", "unit": "Each", "packageSize": "2 pack", "barcode": "9311838175459", "brand": "Tontine"}, "w75770-9310497004193": {"store": "woolworths", "name": "Woolworths Bbq Foil Tray Medium", "price": 2, "oldPrice": 4, "category": "household", "imagePath": "https://cdn0.woolworths.media/content/wowproductimages/large/075770.jpg", "hasCupPrice": true, "cupPrice": "$0.67 / 1EA", "unit": "Each", "packageSize": "3 pack", "barcode": "9310497004193", "brand": "Woolworths"}, "w714673-9300633280420": {"store": "woolworths", "name": "Woolworths Bbq Foil Tray Small", "price": 4.5, "oldPrice": 9, "category": "household", "imagePath": "https://cdn0.woolworths.media/content/wowproductimages/large/714673.jpg", "hasCupPrice": true, "cupPrice": "$0.45 / 1EA", "unit": "Each", "packageSize": "10 pack", "barcode": "9300633280420", "brand": "Woolworths"}, "w26220-9339687095513": {"store": "woolworths", "name": "Woolworths Bbq Meat Claws ", "price": 2.5, "oldPrice": 5, "category": "household", "imagePath": "https://cdn0.woolworths.media/content/wowproductimages/large/026220.jpg", "hasCupPrice": true, "cupPrice": "$2.50 / 1EA", "unit": "Each", "packageSize": "2 pack", "barcode": "9339687095513", "brand": "Woolworths"}, "w85283-9313139324581": {"store": "woolworths", "name": "Yankee Candle Small Candle Jar & Wick Trimmer", "price": 7.5, "oldPrice": 30, "category": "household", "imagePath": "https://cdn0.woolworths.media/content/wowproductimages/large/085283.jpg", "hasCupPrice": false, "cupPrice": "$0.00 / 0", "unit": "Each", "packageSize": "104g", "barcode": "9313139324581", "brand": "Yankee Candle"}}