
			

<!---->


	

	
<!--[if lt IE 7]>
	<p class="browsehappy">You are using an <strong>outdated</strong> browser. Please <a href="http://browsehappy.com/">upgrade your browser</a> to improve your experience.</p>
<![endif]-->


<span style="display: none" aria-hidden="true" data-full-digest=""></span>

<div aria-hidden="true" data-colrs-import-svgs=""><svg viewBox="0 0 100 100" xmlns="http://www.w3.org/2000/svg" style="width:0;height:0;visibility:hidden;display: none;">
	<defs>
		<style>
			.cls-2 { fill: #282826; }
			.cls-3{fill:#12785f;}
			.cls-4{fill:#e7b037;}
			.cls-5{fill:none;stroke:#12785f;stroke-miterlimit:10;stroke-width:1.33px;}
			.st0{fill:#FFFFFF;}
			.st1{fill:#D31A22;}
		</style>
	</defs>

	<!--General Icons-->

	<symbol viewBox="0 0 150 150" id="icon-legal-limit">
	    <path d="M75.000,-0.000 C33.576,-0.000 -0.000,33.581 -0.000,75.000 C-0.000,116.424 33.576,150.000 75.000,150.000 C116.424,150.000 150.000,116.424 150.000,75.000 C150.000,33.581 116.424,-0.000 75.000,-0.000 ZM10.049,75.000 C10.049,39.131 39.127,10.050 75.000,10.050 C91.146,10.050 105.902,15.954 117.263,25.703 C117.263,25.703 25.702,117.264 25.702,117.264 C15.953,105.903 10.049,91.146 10.049,75.000 ZM75.000,139.950 C58.854,139.950 44.097,134.047 32.736,124.298 C32.736,124.298 124.297,32.737 124.297,32.737 C134.046,44.098 139.950,58.855 139.950,75.000 C139.950,110.873 110.873,139.950 75.000,139.950 Z" id="icon-legal-limit-path-1" fill="#e01a22" fill-rule="evenodd"></path> </symbol>

	<symbol viewBox="0 0 80 82" id="icon-order">
		<path d="M77.296,31.172 C77.296,31.172 65.248,43.576 65.248,43.576 C65.278,43.711 65.332,43.838 65.332,43.982 C65.332,43.982 65.332,73.864 65.332,73.864 C65.332,78.347 61.613,81.992 57.041,81.992 C57.041,81.992 8.292,81.992 8.292,81.992 C3.720,81.992 0.001,78.347 0.001,73.864 C0.001,73.864 0.001,7.000 0.001,7.000 C0.001,5.917 0.898,5.038 2.003,5.038 C2.003,5.038 10.867,5.038 10.867,5.038 C10.867,5.038 10.867,1.957 10.867,1.957 C10.867,0.874 11.764,-0.005 12.869,-0.005 C13.974,-0.005 14.871,0.874 14.871,1.957 C14.871,1.957 14.871,5.038 14.871,5.038 C14.871,5.038 20.823,5.038 20.823,5.038 C20.823,5.038 20.823,1.957 20.823,1.957 C20.823,0.874 21.720,-0.005 22.825,-0.005 C23.930,-0.005 24.827,0.874 24.827,1.957 C24.827,1.957 24.827,5.038 24.827,5.038 C24.827,5.038 30.780,5.038 30.780,5.038 C30.780,5.038 30.780,1.957 30.780,1.957 C30.780,0.874 31.676,-0.005 32.781,-0.005 C33.886,-0.005 34.783,0.874 34.783,1.957 C34.783,1.957 34.783,5.038 34.783,5.038 C34.783,5.038 40.736,5.038 40.736,5.038 C40.736,5.038 40.736,1.957 40.736,1.957 C40.736,0.874 41.632,-0.005 42.737,-0.005 C43.842,-0.005 44.739,0.874 44.739,1.957 C44.739,1.957 44.739,5.038 44.739,5.038 C44.739,5.038 50.692,5.038 50.692,5.038 C50.692,5.038 50.692,1.957 50.692,1.957 C50.692,0.874 51.588,-0.005 52.693,-0.005 C53.798,-0.005 54.695,0.874 54.695,1.957 C54.695,1.957 54.695,5.038 54.695,5.038 C54.695,5.038 63.330,5.038 63.330,5.038 C64.435,5.038 65.332,5.917 65.332,7.000 C65.332,7.000 65.332,17.577 65.332,17.577 C68.968,14.996 74.047,15.274 77.296,18.435 C79.037,20.129 79.996,22.390 79.996,24.802 C79.996,27.215 79.037,29.477 77.296,31.172 ZM61.329,20.652 C61.329,20.652 61.329,8.963 61.329,8.963 C61.329,8.963 54.695,8.963 54.695,8.963 C54.695,8.963 54.695,12.649 54.695,12.649 C54.695,13.732 53.798,14.611 52.693,14.611 C51.588,14.611 50.692,13.732 50.692,12.649 C50.692,12.649 50.692,8.963 50.692,8.963 C50.692,8.963 44.739,8.963 44.739,8.963 C44.739,8.963 44.739,12.649 44.739,12.649 C44.739,13.732 43.842,14.611 42.737,14.611 C41.632,14.611 40.736,13.732 40.736,12.649 C40.736,12.649 40.736,8.963 40.736,8.963 C40.736,8.963 34.783,8.963 34.783,8.963 C34.783,8.963 34.783,12.649 34.783,12.649 C34.783,13.732 33.886,14.611 32.781,14.611 C31.676,14.611 30.780,13.732 30.780,12.649 C30.780,12.649 30.780,8.963 30.780,8.963 C30.780,8.963 24.827,8.963 24.827,8.963 C24.827,8.963 24.827,12.649 24.827,12.649 C24.827,13.732 23.930,14.611 22.825,14.611 C21.720,14.611 20.823,13.732 20.823,12.649 C20.823,12.649 20.823,8.963 20.823,8.963 C20.823,8.963 14.871,8.963 14.871,8.963 C14.871,8.963 14.871,12.649 14.871,12.649 C14.871,13.732 13.974,14.611 12.869,14.611 C11.764,14.611 10.867,13.732 10.867,12.649 C10.867,12.649 10.867,8.963 10.867,8.963 C10.867,8.963 4.004,8.963 4.004,8.963 C4.004,8.963 4.004,73.864 4.004,73.864 C4.004,76.183 5.928,78.068 8.292,78.068 C8.292,78.068 57.041,78.068 57.041,78.068 C59.405,78.068 61.329,76.183 61.329,73.864 C61.329,73.864 61.329,47.611 61.329,47.611 C61.329,47.611 50.666,58.590 50.666,58.590 C50.421,58.842 50.113,59.025 49.772,59.122 C49.772,59.122 35.345,63.198 35.345,63.198 C35.162,63.249 34.975,63.275 34.789,63.275 C34.266,63.275 33.752,63.072 33.372,62.698 C32.855,62.189 32.663,61.448 32.869,60.761 C32.869,60.761 37.065,46.733 37.065,46.733 C37.154,46.433 37.315,46.158 37.537,45.932 C37.537,45.932 61.462,21.298 61.462,21.298 C61.388,21.094 61.329,20.881 61.329,20.652 ZM46.789,55.880 C46.789,55.880 40.369,49.636 40.369,49.636 C40.369,49.636 37.735,58.439 37.735,58.439 C37.735,58.439 46.789,55.880 46.789,55.880 ZM74.476,21.220 C72.432,19.233 69.106,19.233 67.063,21.220 C67.063,21.220 40.909,48.151 40.909,48.151 C40.909,48.151 48.297,55.337 48.297,55.337 C48.297,55.337 74.436,28.427 74.436,28.427 C75.453,27.435 75.993,26.161 75.993,24.803 C75.993,23.444 75.453,22.172 74.476,21.220 Z" id="icon-order-path-1" fill="#909090" fill-rule="evenodd"></path> 
	</symbol>

	<symbol viewBox="0 0 128 40" id="coles-logo">
	  <path d="M121.161,18.582 C120.999,15.766 118.934,14.278 115.190,14.278 C112.244,14.278 110.415,15.446 110.415,17.326 C110.415,19.419 112.226,20.253 115.149,20.922 C115.149,20.922 118.784,21.738 118.784,21.738 C124.762,23.129 128.000,24.904 128.000,30.284 C128.000,33.237 126.880,35.678 124.763,37.343 C122.619,39.029 119.441,39.921 115.570,39.921 C107.810,39.921 103.359,36.170 103.359,29.631 C103.359,29.631 103.359,29.498 103.359,29.498 C103.359,29.498 109.435,29.498 109.435,29.498 C109.435,29.498 109.437,29.627 109.437,29.627 C109.705,33.110 111.888,34.803 116.113,34.803 C119.628,34.803 121.813,33.364 121.813,31.047 C121.813,29.079 120.327,28.348 117.403,27.615 C117.403,27.615 113.115,26.526 113.115,26.526 C109.921,25.739 107.788,24.813 106.404,23.608 C104.882,22.284 104.173,20.582 104.173,18.253 C104.173,15.583 105.198,13.332 107.137,11.745 C109.117,10.126 111.977,9.270 115.407,9.270 C118.961,9.270 121.942,10.153 124.031,11.827 C126.095,13.480 127.186,15.815 127.186,18.579 C127.186,18.579 127.186,18.633 127.186,18.633 C127.186,18.633 121.164,18.633 121.164,18.633 C121.164,18.633 121.161,18.582 121.161,18.582 ZM95.979,25.983 C95.979,25.981 95.980,25.980 95.980,25.978 C95.980,25.978 79.293,25.978 79.293,25.978 C79.936,30.995 83.571,34.145 87.635,34.144 C87.635,34.144 87.636,34.144 87.636,34.144 C90.640,34.144 93.408,32.422 94.909,29.499 C94.909,29.499 101.513,29.499 101.513,29.499 C99.574,36.015 93.903,39.998 87.638,39.996 C87.638,39.996 87.636,39.996 87.636,39.996 C87.636,39.996 87.635,39.996 87.635,39.996 C79.881,39.998 73.033,33.900 73.049,24.444 C73.033,13.039 81.667,9.195 87.635,9.193 C87.635,9.193 87.636,9.193 87.636,9.193 C87.636,9.193 87.638,9.193 87.638,9.193 C93.605,9.195 102.239,13.039 102.222,24.444 C102.223,24.968 102.201,25.480 102.160,25.983 C102.160,25.983 95.979,25.983 95.979,25.983 ZM87.638,14.738 C87.638,14.738 87.635,14.738 87.635,14.738 C84.835,14.738 81.019,16.330 79.680,20.762 C79.680,20.762 95.591,20.762 95.591,20.762 C94.252,16.330 90.438,14.738 87.638,14.738 ZM64.326,-0.003 C64.326,-0.003 71.051,-0.005 71.051,-0.005 C71.051,-0.005 71.054,39.243 71.054,39.243 C71.054,39.243 64.323,39.241 64.323,39.241 C64.323,39.241 64.326,-0.003 64.326,-0.003 ZM46.977,39.996 C38.498,39.996 31.623,33.100 31.623,24.594 C31.623,16.088 38.498,9.193 46.977,9.193 C55.457,9.193 62.331,16.088 62.331,24.594 C62.331,33.100 55.457,39.996 46.977,39.996 ZM46.977,15.353 C41.889,15.353 37.765,19.491 37.765,24.594 C37.765,29.698 41.889,33.836 46.977,33.836 C52.066,33.836 56.190,29.698 56.190,24.594 C56.190,19.491 52.066,15.353 46.977,15.353 ZM15.353,33.836 C19.101,33.836 22.324,31.590 23.763,28.368 C23.763,28.368 30.241,28.368 30.241,28.368 C28.565,35.049 22.535,39.996 15.353,39.996 C6.873,39.996 -0.000,33.101 -0.000,24.594 C-0.000,16.088 6.873,9.193 15.353,9.193 C22.535,9.193 28.565,14.140 30.241,20.821 C30.241,20.821 23.763,20.821 23.763,20.821 C22.324,17.599 19.101,15.353 15.353,15.353 C10.265,15.353 6.141,19.491 6.141,24.594 C6.141,29.698 10.265,33.836 15.353,33.836 Z" id="path-1" fill-rule="evenodd"></path>
	</symbol>
    
    <symbol viewBox="0 0 16 12" id="icon-menu">
        <path d="M15.000,7.000 L1.000,7.000 C0.448,7.000 0.000,6.552 0.000,6.000 C0.000,5.448 0.448,5.000 1.000,5.000 L15.000,5.000 C15.552,5.000 16.000,5.448 16.000,6.000 C16.000,6.552 15.552,7.000 15.000,7.000 ZM15.000,2.000 L1.000,2.000 C0.448,2.000 0.000,1.552 0.000,1.000 C0.000,0.448 0.448,0.000 1.000,0.000 L15.000,0.000 C15.552,0.000 16.000,0.448 16.000,1.000 C16.000,1.552 15.552,2.000 15.000,2.000 ZM1.000,10.000 L15.000,10.000 C15.552,10.000 16.000,10.448 16.000,11.000 C16.000,11.552 15.552,12.000 15.000,12.000 L1.000,12.000 C0.448,12.000 0.000,11.552 0.000,11.000 C0.000,10.448 0.448,10.000 1.000,10.000 Z" fill="#3b3b43" fill-rule="evenodd"></path>
    </symbol>
    
    <symbol viewBox="0 0 128.7 130.5" id="icon-half-price-roundel">
        <g xmlns="http://www.w3.org/2000/svg">
			<g>
				<path class="st0" d="M126.9,64.7c0,34.4-27.9,62.2-62.2,62.2c-34.4,0-62.2-27.9-62.2-62.2c0-34.4,27.9-62.2,62.2-62.2    C99.1,2.5,126.9,30.4,126.9,64.7"></path>
				<path class="st0" d="M121,64.7c0,31.1-25.2,56.3-56.3,56.3C33.6,121,8.4,95.8,8.4,64.7c0-31.1,25.2-56.3,56.3-56.3    C95.8,8.4,121,33.6,121,64.7"></path>
				<path class="st1" d="M64.7,109.2c-24.5,0-44.4-19.9-44.4-44.4c0-24.5,19.9-44.4,44.4-44.4s44.4,19.9,44.4,44.4    C109.2,89.3,89.3,109.2,64.7,109.2 M64.7,5.5C32,5.5,5.5,32,5.5,64.7S32,124,64.7,124S124,97.4,124,64.7S97.4,5.5,64.7,5.5"></path>
			</g>
			<g>
				<g>
					<path d="M51.9,57.8c0,0.7,0,1.4,0,2.1c0,0.7,0.1,1.5,0.1,2.2c-0.2,0-0.4,0.1-0.8,0.1c-0.4,0-0.8,0-1.3,0c-0.5,0-1,0-1.5,0     c-0.5,0-0.9,0-1.3,0c-1.1,0-1.9-0.3-2.5-0.9s-0.9-1.4-0.8-2.3l0-22.6l-5.8,1c-0.3-0.8-0.5-1.5-0.6-2.1c-0.1-0.5-0.2-1-0.3-1.3     c0-0.3,0-0.6,0-0.8c0.1-0.2,0.2-0.4,0.3-0.5c0.3-0.2,0.8-0.5,1.6-0.9c0.8-0.4,2-0.9,3.6-1.4c2.8-0.9,4.9-1.4,6.2-1.4     c1.1,0,2,0.2,2.5,0.7c0.5,0.5,0.8,1.3,0.8,2.4L51.9,57.8z"></path>
				</g>
				<g>
					<path d="M71.7,31.1c-0.1,0.2-0.2,0.5-0.3,0.8c-0.1,0.3-0.3,0.9-0.6,1.7c-0.3,0.8-0.7,2-1.2,3.5c-0.5,1.5-1.2,3.6-2.1,6.2     c-0.9,2.6-2,5.9-3.3,9.9c-1.3,4-2.9,8.8-4.8,14.5c-0.4,1.2-1.2,1.8-2.6,1.8c-0.4,0-0.8,0-1.3,0c-0.5,0-1.1-0.1-1.6-0.1     c-0.6,0-1.1-0.1-1.6-0.2c-0.5,0-0.9-0.1-1.1-0.1c0.1-0.3,0.3-0.6,0.4-0.9c0.1-0.3,0.3-0.9,0.6-1.7c0.3-0.8,0.7-2,1.2-3.5     c0.5-1.5,1.2-3.6,2.1-6.2c0.9-2.6,1.9-5.9,3.2-9.9c1.3-3.9,2.8-8.8,4.7-14.5c0.4-1.2,1.3-1.8,2.6-1.8c0.3,0,0.8,0,1.3,0.1     c0.5,0,1.1,0.1,1.6,0.1c0.5,0,1.1,0.1,1.6,0.1C71.1,31.1,71.4,31.1,71.7,31.1z"></path>
				</g>
				<g>
					<path d="M90.6,45.3c0,1.9-0.5,3.7-1.4,5.4c-0.9,1.7-2.3,3.4-4.1,5.2l-7.4,7.5c2.5,0,4.5,0,6.1,0c1.6,0,2.9,0,3.9,0     c1,0,1.8,0,2.3-0.1c0.5,0,1-0.1,1.4-0.2c0.1,0.6,0.1,1.1,0.2,1.7c0,0.6,0.1,1.3,0,2.2c-0.1,0.9-0.3,1.5-0.7,1.8     c-0.4,0.3-1.1,0.5-2.1,0.5H70.2c-0.2-0.4-0.3-0.9-0.5-1.5c-0.2-0.6-0.3-1.2-0.3-1.9c0-0.5,0.1-1,0.2-1.4c0.1-0.5,0.4-1.1,0.9-1.8     c0.5-0.7,1.2-1.7,2.2-2.8c1-1.1,2.3-2.7,4-4.5c1-1.1,1.9-2.1,2.6-3c0.7-0.9,1.3-1.7,1.7-2.4c0.4-0.7,0.7-1.4,0.9-2     c0.2-0.6,0.3-1.3,0.3-2c0-1.2-0.4-2.1-1.1-2.7c-0.7-0.6-1.7-0.9-3-0.9c-0.7,0-1.4,0.1-2,0.2c-0.6,0.2-1.2,0.3-1.8,0.5     c-0.5,0.2-1,0.4-1.4,0.5c-0.4,0.2-0.7,0.3-1,0.3c-0.2,0-0.4-0.1-0.7-0.3c-0.2-0.2-0.6-0.6-1-1.3c-0.5-0.8-0.7-1.3-0.6-1.7     c0-0.4,0.2-0.8,0.6-1.1c0.2-0.2,0.6-0.5,1.1-0.8c0.5-0.3,1.2-0.7,2.1-1s1.8-0.6,2.9-0.9c1.1-0.2,2.4-0.4,3.7-0.4     c1.5,0,2.8,0.2,4.1,0.5c1.3,0.4,2.4,0.9,3.3,1.7c0.9,0.7,1.7,1.7,2.2,2.8C90.3,42.3,90.6,43.7,90.6,45.3z"></path>
				</g>
				<g>
					<path d="M32.4,81.1c0-2.2,0-4,0-5.6c0-1.6,0-2.7,0-3.3c0.3,0,0.7,0,1.1-0.1c0.5,0,1-0.1,1.6-0.1c0.6,0,1.2-0.1,1.8-0.1     c0.6,0,1.3,0,1.9,0c1.1,0,2.1,0.1,3,0.4c0.9,0.3,1.7,0.7,2.4,1.2c0.7,0.6,1.2,1.2,1.6,2.1c0.4,0.8,0.6,1.8,0.6,3s-0.2,2.2-0.5,3     c-0.4,0.8-0.8,1.5-1.5,2c-0.6,0.5-1.4,0.9-2.2,1.1c-0.9,0.2-1.8,0.4-2.8,0.4c-0.3,0-0.7,0-1.1-0.1c-0.4,0-0.8-0.1-1.1-0.2v6.8     l-4.8,0.1c0-1.4,0-2.8,0.1-4.2c0-1.2,0-2.3,0-3.5C32.4,82.9,32.4,81.9,32.4,81.1z M38.5,81.7c0.4,0,0.8,0,1.1-0.1     c0.3-0.1,0.7-0.3,0.9-0.5c0.3-0.3,0.5-0.6,0.7-1c0.2-0.4,0.2-0.9,0.2-1.6c0-0.6-0.1-1.1-0.2-1.5c-0.2-0.4-0.4-0.7-0.7-1     c-0.3-0.2-0.6-0.4-0.9-0.5s-0.7-0.1-1.1-0.1c-0.4,0-0.8,0-1,0c-0.2,0-0.4,0-0.5,0.1v6.2c0.2,0,0.4,0.1,0.7,0.1     C37.9,81.7,38.2,81.7,38.5,81.7z"></path>
					<path d="M48,81.1c0-2.2,0-4.1,0-5.6c0-1.6,0-2.6,0-3.2c0.6-0.1,1.5-0.1,2.7-0.2c1.2-0.1,2.4-0.1,3.7-0.1c1.1,0,2.1,0.1,3.1,0.3     c0.9,0.2,1.8,0.6,2.4,1.1c0.7,0.5,1.2,1.2,1.6,1.9c0.4,0.8,0.6,1.8,0.6,2.9c0,0.9-0.1,1.6-0.3,2.3c-0.2,0.6-0.5,1.2-0.8,1.6     c-0.3,0.4-0.7,0.8-1.1,1c-0.4,0.2-0.8,0.4-1.1,0.5c0.9,1.5,1.6,2.7,2.1,3.5c0.5,0.9,1,1.5,1.3,1.9c0.3,0.4,0.5,0.8,0.7,0.9     s0.3,0.3,0.5,0.5c-1.1,1-2.2,1.5-3.3,1.5c-1,0-1.7-0.4-2.1-1.3l-3.3-6.3h-1.8v7.4l-4.8,0.1c0-1.4,0-2.8,0.1-4.2     c0-1.2,0-2.3,0-3.5C48,82.9,48,81.9,48,81.1z M54.2,81c0.3,0,0.7-0.1,1.1-0.2c0.4-0.1,0.7-0.3,0.9-0.5c0.3-0.2,0.5-0.5,0.7-0.9     c0.2-0.4,0.3-0.8,0.3-1.3c0-0.5-0.1-1-0.3-1.3c-0.2-0.4-0.4-0.6-0.7-0.9s-0.6-0.4-1-0.5c-0.4-0.1-0.8-0.1-1.1-0.1     c-0.4,0-0.7,0-0.9,0c-0.2,0-0.4,0-0.5,0V81c0.2,0,0.5,0,0.8,0C53.7,81,54,81,54.2,81z"></path>
					<path d="M64.2,81.8c0-0.8,0-1.6,0-2.4c0-0.8,0-1.6,0-2.3c0-0.7,0-1.4,0-2c0-0.6,0-1.1,0-1.5c0-0.3,0-0.5,0.1-0.7     c0.1-0.2,0.2-0.4,0.5-0.5c0.2-0.1,0.6-0.2,1-0.3c0.4,0,1-0.1,1.8-0.1c0.5,0,0.9,0.1,1.1,0.2c0.3,0.1,0.4,0.5,0.4,0.9     c0,0.5,0,1.2,0,1.9c0,0.8,0,1.5,0,2.4s0,1.7,0,2.5c0,0.8,0,1.6,0,2.2v9.5L64,91.8l0.1-3.4c0-1,0-2.1,0-3.3     C64.2,84,64.2,82.9,64.2,81.8z"></path>
					<path d="M75.6,82.2c0,2,0.4,3.5,1.4,4.5c0.9,1,2.2,1.6,3.8,1.6c0.7,0,1.3,0,1.8-0.1c0.5-0.1,0.9-0.2,1.2-0.3     c0.1,0.5,0.2,0.9,0.3,1.2c0.1,0.3,0.1,0.6,0.1,0.8c0,0.2,0,0.4-0.1,0.5c-0.1,0.1-0.1,0.2-0.2,0.3c-0.3,0.3-0.8,0.5-1.5,0.8     c-0.7,0.2-1.6,0.3-2.7,0.3c-1.4,0-2.6-0.2-3.7-0.5c-1.1-0.4-2-0.9-2.8-1.7c-0.8-0.8-1.4-1.8-1.8-3c-0.4-1.2-0.6-2.7-0.6-4.4     c0-3.5,0.8-6.1,2.3-7.8c1.5-1.7,3.7-2.6,6.4-2.6c1,0,1.8,0.1,2.6,0.3c0.8,0.2,1.3,0.5,1.6,0.8c0.1,0.1,0.2,0.2,0.2,0.3     c0.1,0.1,0.1,0.3,0.1,0.5c0,0.2,0,0.5-0.1,0.8c-0.1,0.3-0.2,0.7-0.3,1.2c-0.2-0.1-0.6-0.1-1.1-0.2c-0.5-0.1-1.1-0.2-1.8-0.2     c-1.6,0-2.9,0.6-3.8,1.7C76,78.2,75.6,79.9,75.6,82.2z"></path>
					<path d="M90.3,88.2c1.3,0,2.4,0,3.2,0c0.8,0,1.5,0,2,0c0.5,0,0.9,0,1.2-0.1c0.3,0,0.6-0.1,0.9-0.2c0,0.2,0.1,0.5,0.2,0.9     c0.1,0.4,0.1,0.8,0.1,1.2c0,0.5-0.2,0.9-0.5,1.2c-0.3,0.3-0.8,0.4-1.5,0.4H85.5c0-1.5,0-3,0-4.4c0-0.6,0-1.2,0-1.8s0-1.2,0-1.8     c0-0.6,0-1.1,0-1.6s0-0.9,0-1.3c0-1,0-2,0-2.7c0-0.8,0-1.5,0-2.1c0-0.7,0-1.3,0-1.9s0-1.3,0-2h12.1c0,0.6,0,1.1,0.1,1.5     c0,0.4,0,0.7,0,0.9c0,0.2,0,0.4-0.1,0.5c0,0.1-0.1,0.2-0.2,0.3c-0.1,0.1-0.3,0.2-0.5,0.2c-0.2,0-0.5,0.1-0.9,0.1l-5.8,0V80h6.5     v3.2h-6.5V88.2z"></path>
				</g>
			</g>
		</g>
	</symbol>
    
    <symbol viewBox="0 0 40 27.813" id="icon-mobilemenu">
        <path d="M40,3.469c0,1.916-1.553,3.469-3.469,3.469H3.469C1.553,6.938,0,5.384,0,3.469l0,0C0,1.553,1.553,0,3.469,0
            h33.063C38.447,0,40,1.553,40,3.469L40,3.469z"></path>
        <path d="M40,13.844c0,1.916-1.553,3.469-3.469,3.469H3.469C1.553,17.313,0,15.759,0,13.844l0,0
            c0-1.916,1.553-3.469,3.469-3.469h33.063C38.447,10.375,40,11.928,40,13.844L40,13.844z"></path>
        <path d="M40,24.344c0,1.916-1.553,3.469-3.469,3.469H3.469C1.553,27.813,0,26.26,0,24.344l0,0
            c0-1.916,1.553-3.469,3.469-3.469h33.063C38.447,20.875,40,22.428,40,24.344L40,24.344z"></path>
    </symbol>
    
    <symbol viewBox="0 0 16 16.031" id="icon-search">
        <path d="M15.544,13.538 L12.106,10.259 C12.798,9.213 13.203,7.960 13.203,6.611 C13.203,2.958 10.247,-0.004 6.599,-0.004 C2.952,-0.004 -0.005,2.958 -0.005,6.611 C-0.005,10.264 2.952,13.226 6.599,13.226 C7.952,13.226 9.209,12.817 10.256,12.118 L13.533,15.570 C14.513,16.587 15.532,15.549 15.532,15.549 C15.532,15.549 16.560,14.520 15.544,13.538 ZM1.739,6.611 C1.739,3.923 3.915,1.743 6.599,1.743 C9.283,1.743 11.459,3.923 11.459,6.611 C11.459,9.300 9.283,11.479 6.599,11.479 C3.915,11.479 1.739,9.300 1.739,6.611 Z"></path>
    </symbol>
	
	<symbol viewBox="0 0 40.25 37.563" id="icon-multisearch">
		<g id="Layer_3">
			<g>
				<path d="M2.516,4.64h17.641c1.319,0,2.389-1.008,2.389-2.25c0-1.244-1.069-2.25-2.389-2.25H2.516
					c-1.32,0-2.389,1.007-2.389,2.25C0.126,3.632,1.195,4.64,2.516,4.64z"></path>
				<path d="M19.935,9.282H2.516c-1.32,0-2.389,1.007-2.389,2.25s1.069,2.25,2.389,2.25h11.078
					C15.16,11.729,17.365,10.144,19.935,9.282z"></path>
				<path d="M11.573,18.424H2.516c-1.32,0-2.389,1.008-2.389,2.251c0,1.243,1.069,2.25,2.389,2.25h8.634
					c-0.039-0.391-0.063-0.785-0.063-1.186C11.086,20.59,11.265,19.483,11.573,18.424z"></path>
				<path d="M39.374,33.287l-5.767-5.501c1.161-1.754,1.84-3.856,1.84-6.119
					c0-6.127-4.958-11.096-11.078-11.096c-6.117,0-11.078,4.969-11.078,11.096c0,6.129,4.961,11.096,11.078,11.096
					c2.27,0,4.378-0.686,6.134-1.858l5.498,5.791c1.643,1.707,3.353-0.036,3.353-0.036S41.078,34.934,39.374,33.287z M16.217,21.667
					c0-4.512,3.65-8.166,8.152-8.166s8.153,3.654,8.153,8.166c0,4.51-3.651,8.166-8.153,8.166S16.217,26.177,16.217,21.667z"></path>
			</g>
		</g>
	</symbol>
	
	<symbol viewBox="0 0 512 512" id="icon-edit">
		<path d="M497.9 142.1l-46.1 46.1c-4.7 4.7-12.3 4.7-17 0l-111-111c-4.7-4.7-4.7-12.3 0-17l46.1-46.1c18.7-18.7 49.1-18.7 67.9 0l60.1 60.1c18.8 18.7 18.8 49.1 0 67.9zM284.2 99.8L21.6 362.4.4 483.9c-2.9 16.4 11.4 30.6 27.8 27.8l121.5-21.3 262.6-262.6c4.7-4.7 4.7-12.3 0-17l-111-111c-4.8-4.7-12.4-4.7-17.1 0zM124.1 339.9c-5.5-5.5-5.5-14.3 0-19.8l154-154c5.5-5.5 14.3-5.5 19.8 0s5.5 14.3 0 19.8l-154 154c-5.5 5.5-14.3 5.5-19.8 0zM88 424h48v36.3l-64.5 11.3-31.1-31.1L51.7 376H88v48z"></path>
	</symbol>

	<symbol viewBox="0 0 13 14" id="icon-link">
		<g id="Account" stroke="none" stroke-width="1" fill="none" fill-rule="evenodd">
			<path d="M8.29348169,5.32228155 C8.78436581,5.83009284 9.11444315,6.41407582 9.28371371,7.07423049 C9.45298427,7.73438517 9.45298427,8.39453985 9.28371371,9.05469452 C9.11444315,9.7148492 8.78436581,10.2903688 8.29348169,10.7812529 L6.56692331,12.5078113 C6.07603919,12.9986954 5.5005196,13.3287727 4.84036493,13.4980433 C4.18021025,13.6673139 3.52005558,13.6673139 2.8599009,13.4980433 C2.19974622,13.3287727 1.61999513,12.9944639 1.12064723,12.495116 C0.621299336,11.9957681 0.286990496,11.416017 0.117719937,10.7558623 C-0.051550622,10.0957077 -0.051550622,9.43555299 0.117719937,8.77539831 C0.286990496,8.11524364 0.617067834,7.53972405 1.10795195,7.04883993 L2.0727934,6.08399848 C2.19128283,5.96550905 2.33093094,5.94011849 2.49173771,6.00782679 C2.65254449,6.07553509 2.74141147,6.19402413 2.75833864,6.36329469 C2.77526581,6.82032485 2.8599009,7.26889162 3.01224429,7.70899461 C3.06302541,7.86133799 3.02917146,7.99675421 2.91068203,8.11524364 L2.58060469,8.47071154 C2.22513679,8.82617944 2.04317095,9.25358715 2.03470755,9.75293504 C2.02624416,10.2522829 2.19974622,10.6839225 2.55521413,11.0478538 C2.91068203,11.4117851 3.34232162,11.593751 3.85013291,11.593751 C4.3579442,11.593751 4.7895838,11.416017 5.1450517,11.0605491 L6.84621952,9.3593813 C7.20168742,9.00391339 7.37942137,8.5722738 7.37942137,8.06446251 C7.37942137,7.55665122 7.20168742,7.12501162 6.84621952,6.76954372 C6.76158443,6.68490863 6.66848557,6.60873694 6.56692331,6.54102864 C6.46536105,6.47332034 6.41457992,6.37175808 6.41457992,6.23634187 C6.39765275,5.93165509 6.49075162,5.67774945 6.69387613,5.47462493 L7.25246855,4.94142308 C7.32017685,4.87371478 7.40058005,4.83562893 7.49367891,4.82716554 C7.58677778,4.81870215 7.67564475,4.83986082 7.76027984,4.89064195 C7.94647718,5.02605816 8.12421114,5.16993816 8.29348169,5.32228155 Z M11.8735513,1.74221196 C12.3644354,2.25002325 12.6945127,2.83400623 12.8637833,3.4941609 C13.0330539,4.15431558 13.0330539,4.81447026 12.8637833,5.47462493 C12.6945127,6.13477961 12.3644354,6.7102992 11.8735513,7.20118332 L10.9087098,8.16602477 C10.7902204,8.2845142 10.6505723,8.30990476 10.4897655,8.24219646 C10.3289587,8.17448816 10.2400918,8.05599912 10.2231646,7.88672856 C10.2062374,7.4296984 10.1216023,6.98113163 9.96925895,6.54102864 C9.91847782,6.38868525 9.95233178,6.25326904 10.0708212,6.13477961 L10.4008985,5.77931171 C10.7563664,5.4238438 10.9383323,4.9964361 10.9467957,4.4970882 C10.9552591,3.9977403 10.781757,3.56610071 10.4262891,3.20216941 C10.0708212,2.83823812 9.63918161,2.65627228 9.13137032,2.65627228 C8.62355903,2.65627228 8.19191944,2.83400623 7.83645153,3.18947413 L6.13528371,4.89064195 C5.77981581,5.24610985 5.60208186,5.67774945 5.60208186,6.18556074 C5.60208186,6.69337203 5.77981581,7.12501162 6.13528371,7.48047953 C6.2199188,7.56511461 6.31301767,7.6412863 6.41457992,7.70899461 C6.51614218,7.77670291 6.56692331,7.87826516 6.56692331,8.01368138 C6.58385048,8.31836815 6.49075162,8.5722738 6.2876271,8.77539831 L5.72903468,9.30860017 C5.66132638,9.37630847 5.58092319,9.41439431 5.48782432,9.42285771 C5.39472546,9.4313211 5.30585848,9.41016242 5.22122339,9.3593813 C5.03502605,9.22396508 4.8572921,9.08008509 4.68802154,8.9277417 C4.19713742,8.41993041 3.86706009,7.83594743 3.69778953,7.17579275 C3.52851897,6.51563808 3.52851897,5.8554834 3.69778953,5.19532872 C3.86706009,4.53517405 4.19713742,3.95965446 4.68802154,3.46877034 L6.41457992,1.74221196 C6.90546404,1.25132784 7.48098363,0.921250501 8.14113831,0.751979942 C8.80129298,0.582709384 9.46144766,0.582709384 10.1216023,0.751979942 C10.781757,0.921250501 11.36574,1.25132784 11.8735513,1.74221196 Z" id="link" fill="#262626" fill-rule="nonzero"></path>
		</g>
	</symbol>

	<symbol viewBox="0 0 12 14" id="icon-trash">
		<g id="Account" stroke="none" stroke-width="1" fill="none" fill-rule="evenodd">
			<path d="M0.615767018,2.41921194 L0.615767018,1.70827614 C0.615767018,1.53900558 0.675011539,1.39512597 0.793500969,1.27663654 C0.911990399,1.15814711 1.05587001,1.09890259 1.22514056,1.09890259 L4.06888378,1.09890259 L4.29739887,0.616481864 C4.34817999,0.514919606 4.42435169,0.434516022 4.52591395,0.375271501 C4.6274762,0.31602698 4.73750185,0.286404526 4.85599128,0.286404526 L7.75051563,0.286404526 C7.86900506,0.286404526 7.97903071,0.31602698 8.08059297,0.375271501 C8.18215523,0.434516022 8.25832692,0.514919606 8.30910805,0.616481864 L8.53762313,1.09890259 L11.3813664,1.09890259 C11.5506369,1.09890259 11.6945165,1.15814711 11.8130059,1.27663654 C11.9314954,1.39512597 11.9907399,1.53900558 11.9907399,1.70827614 L11.9907399,2.41921194 C11.9907399,2.50384703 11.9611174,2.57578722 11.9018729,2.63503174 C11.8426284,2.69427626 11.7706882,2.72389871 11.6860531,2.72389871 L0.920453791,2.72389871 C0.835818706,2.72389871 0.763878515,2.69427626 0.704633993,2.63503174 C0.645389472,2.57578722 0.615767018,2.50384703 0.615767018,2.41921194 Z M11.1528513,3.86647411 L10.64504,12.1437981 C10.6281128,12.4654121 10.50116,12.7362445 10.2641815,12.9562962 C10.027203,13.1763479 9.74790683,13.2863735 9.42629289,13.2863735 L3.18021403,13.2863735 C2.85860008,13.2863735 2.57930387,13.1763479 2.3423254,12.9562962 C2.10534693,12.7362445 1.97839411,12.4654121 1.96146693,12.1437981 L1.45365565,3.86647411 C1.45365565,3.78183903 1.4832781,3.70566734 1.54252262,3.63795903 C1.60176714,3.57025073 1.67370733,3.53639678 1.75834242,3.53639678 L10.8481645,3.53639678 C10.9327996,3.53639678 11.0047398,3.57025073 11.0639843,3.63795903 C11.1232288,3.70566734 11.1528513,3.78183903 11.1528513,3.86647411 Z" id="trash" fill="#262626" fill-rule="nonzero"></path>
		</g>
	</symbol>
	
	<symbol viewBox="0 0 16 14" id="iconEyeClose">
		<g id="Step-Up" stroke="none" stroke-width="1" fill="none" fill-rule="evenodd" stroke-linecap="round">
			<g id="01_b" transform="translate(-1371.000000, -287.000000)" stroke="#959595" stroke-width="2">
				<g id="Stroke-2" transform="translate(1372.000000, 288.000000)">
					<path d="M14,6 C14,6 12.333,0.667 7,0.667 C1.666,0.667 0,6 0,6 C0,6 1.666,11.333 7,11.333 C12.333,11.333 14,6 14,6 Z M9,6 C9,4.896 8.104,4 7,4 C5.895,4 5,4.896 5,6 C5,7.104 5.895,8 7,8 C8.104,8 9,7.104 9,6 Z M13,0 L1,12 L13,0 Z" id="Stroke-1"></path>
				</g>
			</g>
		</g>
	</symbol>
	
	<symbol viewBox="0 0 16 14" id="iconEyeOpen">
		<g id="Step-Up" stroke="none" stroke-width="1" fill="none" fill-rule="evenodd" stroke-linecap="round" stroke-linejoin="round">
			<g id="01" transform="translate(-1371.000000, -287.000000)" stroke="#959595" stroke-width="2">
				<g id="Group" transform="translate(1049.000000, 26.000000)">
					<g id="Group-3" transform="translate(0.000000, 72.000000)">
						<g id="Group-2" transform="translate(0.000000, 149.000000)">
							<g id="Text-Field-(Active)-Copy">
								<path d="M337,47 C337,47 335.333,41.667 330,41.667 C324.667,41.667 323,47 323,47 C323,47 324.667,52.333 330,52.333 C335.333,52.333 337,47 337,47 Z M330,49 C328.896,49 328,48.104 328,47 C328,45.896 328.896,45 330,45 C331.104,45 332,45.896 332,47 C332,48.104 331.104,49 330,49 Z" id="Stroke-1"></path>
							</g>
						</g>
					</g>
				</g>
			</g>
		</g>
	</symbol>
	
	

	<symbol viewBox="0 0 11 12" id="icon-refresh">
		<path d="M9.396,10.243 C7.248,12.564 3.780,12.580 1.610,10.300 C1.530,10.386 1.481,10.441 1.482,10.443 C1.482,10.443 1.475,10.451 1.475,10.451 C1.475,10.451 1.057,10.902 1.057,10.902 C1.019,10.944 0.981,10.974 0.945,11.000 C0.933,11.008 0.923,11.013 0.911,11.019 C0.885,11.034 0.860,11.045 0.836,11.052 C0.825,11.055 0.814,11.059 0.803,11.060 C0.778,11.064 0.753,11.063 0.730,11.057 C0.723,11.056 0.716,11.056 0.709,11.054 C0.681,11.044 0.654,11.027 0.631,11.002 C0.626,10.998 0.622,10.991 0.618,10.985 C0.598,10.960 0.580,10.929 0.566,10.893 C0.561,10.881 0.556,10.870 0.552,10.857 C0.537,10.809 0.524,10.756 0.519,10.692 C0.519,10.692 0.224,7.841 0.224,7.841 C0.203,7.594 0.373,7.410 0.603,7.432 C0.603,7.432 3.240,7.751 3.240,7.751 C3.300,7.757 3.349,7.770 3.393,7.787 C3.405,7.792 3.416,7.796 3.427,7.802 C3.460,7.818 3.489,7.837 3.512,7.858 C3.517,7.863 3.523,7.867 3.528,7.872 C3.550,7.897 3.566,7.926 3.575,7.957 C3.578,7.964 3.577,7.972 3.578,7.980 C3.583,8.005 3.584,8.031 3.581,8.058 C3.580,8.070 3.577,8.082 3.574,8.094 C3.567,8.120 3.557,8.147 3.543,8.175 C3.538,8.187 3.533,8.199 3.525,8.211 C3.502,8.251 3.473,8.291 3.435,8.333 C3.435,8.333 3.057,8.741 3.057,8.741 C3.059,8.743 2.995,8.813 2.894,8.922 C4.358,10.434 6.678,10.416 8.117,8.861 C8.748,8.179 9.106,7.313 9.191,6.423 C9.214,6.182 9.401,6.000 9.625,6.000 C9.625,6.000 10.566,6.000 10.566,6.000 C10.688,6.000 10.804,6.055 10.887,6.153 C10.970,6.250 11.011,6.380 11.000,6.511 C10.895,7.872 10.360,9.202 9.396,10.243 ZM10.399,4.567 C10.399,4.567 7.761,4.248 7.761,4.248 C7.702,4.242 7.653,4.229 7.609,4.212 C7.596,4.208 7.586,4.203 7.575,4.197 C7.542,4.182 7.513,4.163 7.490,4.141 C7.485,4.136 7.478,4.132 7.474,4.127 C7.451,4.102 7.436,4.073 7.426,4.042 C7.424,4.036 7.425,4.027 7.423,4.019 C7.419,3.994 7.417,3.968 7.421,3.941 C7.422,3.929 7.425,3.917 7.428,3.905 C7.434,3.879 7.445,3.852 7.458,3.824 C7.464,3.812 7.469,3.800 7.476,3.788 C7.500,3.749 7.529,3.708 7.567,3.666 C7.567,3.666 8.110,3.080 8.110,3.080 C6.647,1.565 4.325,1.582 2.885,3.138 C2.254,3.820 1.896,4.686 1.811,5.576 C1.788,5.817 1.601,6.000 1.377,6.000 C1.377,6.000 0.436,6.000 0.436,6.000 C0.314,6.000 0.198,5.944 0.115,5.847 C0.032,5.749 -0.009,5.619 0.001,5.488 C0.107,4.127 0.642,2.797 1.606,1.756 C3.753,-0.564 7.219,-0.581 9.389,1.697 C9.389,1.697 9.520,1.556 9.520,1.556 C9.520,1.556 9.527,1.549 9.527,1.549 C9.527,1.549 9.945,1.097 9.945,1.097 C9.983,1.056 10.021,1.025 10.057,1.000 C10.069,0.991 10.079,0.986 10.090,0.980 C10.116,0.966 10.141,0.954 10.166,0.947 C10.177,0.944 10.188,0.941 10.199,0.940 C10.224,0.936 10.248,0.936 10.271,0.942 C10.279,0.944 10.286,0.943 10.293,0.945 C10.321,0.956 10.348,0.973 10.371,0.997 C10.376,1.002 10.379,1.008 10.384,1.014 C10.404,1.039 10.422,1.070 10.436,1.106 C10.441,1.118 10.445,1.129 10.450,1.142 C10.465,1.190 10.478,1.244 10.483,1.307 C10.483,1.307 10.778,4.158 10.778,4.158 C10.799,4.405 10.628,4.589 10.399,4.567 Z" id="icon-refresh-path-1" fill="#ffffff" fill-rule="evenodd"></path>
	</symbol>

	<symbol viewBox="0 0 22 14" id="icon-arrow-left">
		<path d="M0.386,6.084 C0.386,6.084 6.749,0.395 6.749,0.395 C7.582,-0.381 8.338,-0.067 8.338,1.229 C8.338,1.229 8.338,3.258 8.338,3.258 C8.338,3.258 8.338,3.931 8.338,3.931 C8.338,3.931 20.229,5.111 20.229,5.111 C20.480,5.118 20.718,5.177 20.932,5.277 C21.145,5.377 21.336,5.517 21.495,5.689 C21.654,5.859 21.782,6.060 21.870,6.281 C21.958,6.502 22.007,6.745 22.007,6.998 C22.007,7.252 21.958,7.495 21.870,7.716 C21.782,7.938 21.654,8.139 21.495,8.309 C21.336,8.481 21.145,8.622 20.932,8.722 C20.718,8.822 20.480,8.882 20.229,8.889 C20.229,8.889 8.338,10.069 8.338,10.069 C8.338,10.069 8.338,10.790 8.338,10.790 C8.338,10.790 8.338,12.774 8.338,12.774 C8.338,14.077 7.569,14.372 6.749,13.609 C6.749,13.609 0.386,7.921 0.386,7.921 C-0.155,7.416 -0.155,6.589 0.386,6.084 Z" id="icon-arrow-left-path-1" fill-rule="evenodd"></path>
	</symbol>
	
	<symbol viewBox="0 0 16 3" id="icon-ellipsis">
		<circle cx="14.5" cy="1.5" r="1.5"></circle>
		<circle cx="8" cy="1.5" r="1.5"></circle>
		<circle cx="1.5" cy="1.5" r="1.5"></circle>
	</symbol>

	<symbol viewBox="0 0 23 20" id="icon-home">
		<path d="M21.719,8.571 C21.719,8.571 20.826,7.813 20.826,7.813 C20.826,7.813 11.946,0.298 11.946,0.298 C11.679,0.077 11.324,-0.021 10.973,-0.010 C10.621,-0.021 10.266,0.077 9.999,0.298 C9.999,0.298 1.118,7.813 1.118,7.813 C1.118,7.813 0.226,8.571 0.226,8.571 C-0.106,8.905 -0.106,9.446 0.226,9.780 C0.393,9.948 0.612,10.031 0.831,10.029 C0.831,10.030 0.831,10.030 0.831,10.030 C0.831,10.030 2.362,10.030 2.362,10.030 C2.362,10.030 2.362,18.905 2.362,18.905 C2.362,19.508 2.847,19.996 3.447,19.996 C3.447,19.996 9.291,19.996 9.291,19.996 C9.291,19.996 9.291,12.763 9.291,12.763 C9.291,12.763 12.755,12.763 12.755,12.763 C12.755,12.763 12.755,19.996 12.755,19.996 C12.755,19.996 18.598,19.996 18.598,19.996 C19.197,19.996 19.683,19.508 19.683,18.905 C19.683,18.905 19.683,10.030 19.683,10.030 C19.683,10.030 21.115,10.030 21.115,10.030 C21.115,10.030 21.115,10.030 21.115,10.029 C21.334,10.031 21.553,9.948 21.719,9.780 C22.051,9.446 22.052,8.905 21.719,8.571 Z" id="icon-home-path-1" fill-rule="evenodd"></path>
	</symbol>

	<symbol viewBox="0 0 30 30" id="icon-home-tab">
		<circle fill="#ED1C24" cx="15.001" cy="15" r="14"></circle>
		<path fill="#FFF" d="M15.001 30c-8.271 0-15-6.729-15-15s6.729-15 15-15C23.271 0 30 6.729 30 15s-6.729 15-14.999 15zm0-28c-7.168 0-13 5.832-13 13s5.832 13 13 13S28 22.168 28 15 22.169 2 15.001 2z"></path>
		<path fill="#FFF" d="M22.752 13.216l-.646-.548-6.412-5.427a1.05 1.05 0 0 0-.702-.222 1.056 1.056 0 0 0-.704.222l-6.413 5.427-.645.548a.62.62 0 0 0 0 .873.6.6 0 0 0 .437.18v.001h1.105v6.409c0 .436.351.788.783.788h10.942a.786.786 0 0 0 .783-.788V14.27h1.035v-.001a.605.605 0 0 0 .436-.18.62.62 0 0 0 .001-.873z"></path>
	</symbol>
	  

	<symbol viewBox="0 0 117 94" id="icon-trolley-large">
		<path d="M113.912,44.190 C113.912,44.190 35.947,47.923 35.947,47.923 C35.947,47.923 33.952,53.458 33.952,53.458 C33.007,56.079 32.528,58.820 32.528,61.603 C32.528,61.603 32.528,67.732 32.528,67.732 C32.528,67.732 113.336,67.732 113.336,67.732 C113.336,67.732 113.336,74.128 113.336,74.128 C113.336,74.128 29.284,74.128 29.284,74.128 C27.492,74.128 26.040,72.696 26.040,70.930 C26.040,70.930 26.040,61.603 26.040,61.603 C26.040,58.087 26.646,54.627 27.840,51.316 C27.840,51.316 30.225,44.697 30.225,44.697 C30.225,44.697 18.035,7.152 18.035,7.152 C18.035,7.152 13.865,6.402 13.865,6.402 C13.865,6.402 3.238,6.402 3.238,6.402 C1.446,6.402 -0.006,4.970 -0.006,3.204 C-0.006,1.438 1.446,0.006 3.238,0.006 C3.238,0.006 14.159,0.006 14.159,0.006 C14.354,0.006 14.549,0.024 14.742,0.058 C14.742,0.058 21.163,1.213 21.163,1.213 C21.163,1.213 114.202,13.994 114.202,13.994 C115.805,14.215 116.999,15.566 116.999,17.162 C116.999,17.162 116.999,40.996 116.999,40.996 C116.999,42.702 115.641,44.107 113.912,44.190 ZM34.134,10.766 C34.134,10.060 33.553,9.487 32.836,9.487 C32.119,9.487 31.539,10.060 31.539,10.766 C31.539,10.766 31.539,27.907 31.539,27.907 C31.539,28.613 32.119,29.186 32.836,29.186 C33.553,29.186 34.134,28.613 34.134,27.907 C34.134,27.907 34.134,10.766 34.134,10.766 ZM44.774,12.289 C44.774,11.582 44.194,11.010 43.476,11.010 C42.759,11.010 42.179,11.582 42.179,12.289 C42.179,12.289 42.179,39.041 42.179,39.041 C42.179,39.748 42.759,40.320 43.476,40.320 C44.194,40.320 44.774,39.748 44.774,39.041 C44.774,39.041 44.774,12.289 44.774,12.289 ZM55.415,13.812 C55.415,13.105 54.834,12.533 54.117,12.533 C53.400,12.533 52.819,13.105 52.819,13.812 C52.819,13.812 52.819,38.663 52.819,38.663 C52.819,39.370 53.400,39.943 54.117,39.943 C54.834,39.943 55.415,39.370 55.415,38.663 C55.415,38.663 55.415,13.812 55.415,13.812 ZM66.055,15.334 C66.055,14.628 65.474,14.055 64.757,14.055 C64.040,14.055 63.460,14.628 63.460,15.334 C63.460,15.334 63.460,38.286 63.460,38.286 C63.460,38.992 64.040,39.565 64.757,39.565 C65.474,39.565 66.055,38.992 66.055,38.286 C66.055,38.286 66.055,15.334 66.055,15.334 ZM76.695,16.857 C76.695,16.151 76.115,15.578 75.398,15.578 C74.681,15.578 74.100,16.151 74.100,16.857 C74.100,16.857 74.100,37.908 74.100,37.908 C74.100,38.614 74.681,39.187 75.398,39.187 C76.115,39.187 76.695,38.614 76.695,37.908 C76.695,37.908 76.695,16.857 76.695,16.857 ZM87.336,18.380 C87.336,17.674 86.755,17.101 86.038,17.101 C85.321,17.101 84.741,17.674 84.741,18.380 C84.741,18.380 84.741,37.531 84.741,37.531 C84.741,38.237 85.321,38.810 86.038,38.810 C86.755,38.810 87.336,38.237 87.336,37.531 C87.336,37.531 87.336,18.380 87.336,18.380 ZM97.976,19.903 C97.976,19.196 97.396,18.624 96.679,18.624 C95.962,18.624 95.381,19.196 95.381,19.903 C95.381,19.903 95.381,37.153 95.381,37.153 C95.381,37.859 95.962,38.432 96.679,38.432 C97.396,38.432 97.976,37.859 97.976,37.153 C97.976,37.153 97.976,19.903 97.976,19.903 ZM108.617,21.426 C108.617,20.719 108.036,20.147 107.319,20.147 C106.602,20.147 106.021,20.719 106.021,21.426 C106.021,21.426 106.021,36.775 106.021,36.775 C106.021,37.481 106.602,38.054 107.319,38.054 C108.036,38.054 108.617,37.481 108.617,36.775 C108.617,36.775 108.617,21.426 108.617,21.426 ZM34.031,76.554 C38.913,76.554 42.871,80.455 42.871,85.268 C42.871,90.081 38.913,93.982 34.031,93.982 C29.149,93.982 25.191,90.081 25.191,85.268 C25.191,80.455 29.149,76.554 34.031,76.554 ZM104.495,76.554 C109.378,76.554 113.336,80.455 113.336,85.268 C113.336,90.081 109.378,93.982 104.495,93.982 C99.613,93.982 95.655,90.081 95.655,85.268 C95.655,80.455 99.613,76.554 104.495,76.554 Z" id="icon-trolley-large-path-1" fill="#5c5c5c" fill-rule="evenodd"></path>
	</symbol>
    
    <symbol viewBox="0 0 125.6 97.219" id="icon-login-trolley">
        <path d="M119.103,76.370 C113.818,78.489 107.819,75.975 105.729,70.763 C104.938,68.792 104.824,66.714 105.268,64.776 L71.007,78.516 C72.667,79.611 74.020,81.192 74.810,83.163 C76.901,88.375 74.302,94.337 69.017,96.457 C63.733,98.576 57.735,96.061 55.644,90.849 C54.613,88.279 54.733,85.528 55.745,83.142 C48.184,83.149 41.045,78.701 38.098,71.354 L35.248,64.248 L20.839,28.319 L2.919,34.020 C1.731,34.396 0.468,33.754 0.097,32.582 C-0.274,31.407 0.401,30.169 1.577,29.775 L21.494,23.439 C21.499,23.437 21.505,23.439 21.510,23.437 C21.514,23.436 21.516,23.433 21.520,23.432 L97.851,0.084 C98.970,-0.259 100.160,0.300 100.590,1.373 L111.384,28.285 C112.874,32.002 111.019,36.258 107.248,37.770 L40.267,64.633 L42.288,69.673 C45.253,77.066 53.766,80.636 61.266,77.628 L111.524,57.472 C116.807,55.353 122.806,57.867 124.895,63.076 C126.985,68.288 124.386,74.251 119.103,76.370 ZM25.163,26.972 L31.946,43.885 L46.966,37.862 L40.693,22.222 L25.163,26.972 ZM59.894,16.348 L43.466,21.374 L49.647,36.786 L65.421,30.460 L59.992,16.921 C59.916,16.734 59.888,16.539 59.894,16.348 ZM78.975,10.512 L62.482,15.557 C62.550,15.650 62.628,15.735 62.673,15.846 L68.102,29.385 L83.875,23.059 L79.072,11.083 C78.998,10.896 78.968,10.702 78.975,10.512 ZM97.161,4.949 L81.564,9.720 C81.631,9.813 81.709,9.897 81.754,10.008 L86.557,21.983 L101.577,15.960 L97.161,4.949 ZM93.194,38.611 L105.591,33.640 C107.052,33.054 107.771,31.404 107.194,29.966 L102.638,18.606 L87.618,24.630 L93.168,38.469 C93.187,38.516 93.181,38.564 93.194,38.611 ZM90.566,39.665 C90.544,39.622 90.506,39.591 90.487,39.544 L84.937,25.705 L69.164,32.031 L74.767,46.002 L90.566,39.665 ZM72.086,47.077 L66.483,33.106 L50.708,39.432 L56.311,53.403 L72.086,47.077 ZM53.630,54.479 L48.027,40.508 L33.007,46.532 L38.610,60.502 L53.630,54.479 ZM63.095,81.690 C60.121,82.882 58.658,86.238 59.834,89.169 C61.011,92.103 64.387,93.519 67.360,92.326 C70.335,91.133 71.798,87.777 70.621,84.843 C69.445,81.912 66.069,80.497 63.095,81.690 ZM120.705,64.757 C119.530,61.825 116.154,60.410 113.180,61.603 C110.206,62.796 108.743,66.151 109.919,69.083 C111.095,72.017 114.471,73.432 117.446,72.239 C120.419,71.047 121.882,67.691 120.705,64.757 ZM5.660,94.060 L8.273,94.060 C9.069,94.060 9.713,94.714 9.713,95.520 C9.713,96.326 9.069,96.979 8.273,96.979 L5.660,96.979 C4.864,96.979 4.220,96.326 4.220,95.520 C4.220,94.714 4.864,94.060 5.660,94.060 ZM13.883,78.044 L15.400,78.748 C16.166,78.962 16.611,79.764 16.394,80.541 C16.178,81.317 15.381,81.773 14.615,81.559 L13.098,80.856 C12.332,80.642 11.887,79.839 12.104,79.063 C12.321,78.286 13.117,77.831 13.883,78.044 ZM47.554,90.995 L23.283,83.980 C22.517,83.766 22.072,82.964 22.289,82.187 C22.506,81.411 23.303,80.955 24.069,81.169 L48.340,88.183 C49.106,88.397 49.551,89.200 49.334,89.976 C49.117,90.753 48.320,91.209 47.554,90.995 ZM17.273,94.060 L50.780,94.060 C51.575,94.060 52.220,94.714 52.220,95.520 C52.220,96.326 51.575,96.979 50.780,96.979 L17.273,96.979 C16.478,96.979 15.834,96.326 15.834,95.520 C15.834,94.714 16.478,94.060 17.273,94.060 Z"></path>
    </symbol>


	<symbol viewBox="0 0 16 17" id="icon-search">
		<path d="M15.544,13.538 C15.544,13.538 12.106,10.259 12.106,10.259 C12.798,9.213 13.203,7.960 13.203,6.611 C13.203,2.958 10.247,-0.004 6.599,-0.004 C2.952,-0.004 -0.005,2.958 -0.005,6.611 C-0.005,10.264 2.952,13.226 6.599,13.226 C7.952,13.226 9.209,12.817 10.256,12.118 C10.256,12.118 13.533,15.570 13.533,15.570 C14.513,16.587 15.532,15.549 15.532,15.549 C15.532,15.549 16.560,14.520 15.544,13.538 ZM1.739,6.611 C1.739,3.922 3.915,1.743 6.599,1.743 C9.283,1.743 11.459,3.922 11.459,6.611 C11.459,9.300 9.283,11.479 6.599,11.479 C3.915,11.479 1.739,9.300 1.739,6.611 Z" id="icon-search-path-1" fill="#146e8c" fill-rule="evenodd"></path>
	</symbol>

	<symbol viewBox="0 0 70 71" id="icon-search-large">
		<path d="M69.182,69.374 C68.747,69.811 68.178,70.029 67.607,70.029 C67.035,70.029 66.467,69.811 66.031,69.374 C66.031,69.374 48.755,52.044 48.755,52.044 C43.583,56.507 36.874,59.224 29.532,59.224 C13.246,59.224 -0.005,45.937 -0.005,29.606 C-0.005,13.275 13.246,-0.013 29.532,-0.013 C45.818,-0.013 59.066,13.275 59.066,29.606 C59.066,36.969 56.356,43.698 51.906,48.885 C51.906,48.885 69.182,66.215 69.182,66.215 C70.053,67.087 70.053,68.501 69.182,69.374 ZM54.609,29.606 C54.609,15.739 43.360,4.456 29.532,4.456 C15.703,4.456 4.452,15.739 4.452,29.606 C4.452,43.472 15.703,54.755 29.532,54.755 C36.401,54.755 42.630,51.967 47.164,47.464 C47.193,47.432 47.203,47.390 47.234,47.360 C47.265,47.328 47.306,47.318 47.339,47.290 C51.829,42.743 54.609,36.495 54.609,29.606 ZM45.191,29.606 C45.191,20.947 38.166,13.903 29.532,13.903 C28.789,13.903 28.188,13.301 28.188,12.556 C28.188,11.811 28.789,11.209 29.532,11.209 C39.649,11.209 47.878,19.460 47.878,29.606 C47.878,30.351 47.277,30.953 46.534,30.953 C45.791,30.953 45.191,30.351 45.191,29.606 Z" id="icon-search-large-path-1" fill-rule="evenodd"></path>
	</symbol>

	<symbol id="icon-filter" viewBox="0 0 40.211 41.475">
		<polygon points="24.844,15.047 40.197,0.177 0.197,0.177 15.551,15.048 15.551,31.693 15.622,31.693 24.843,41.214 
		24.843,31.693 24.844,31.693 "></polygon>
	</symbol>

	<symbol viewBox="0 0 44 40" id="icon-alert">
		<g id="icon-alert-icon-alertsvg">
			<path d="M39.234,32.261 C39.234,32.261 25.109,6.361 25.109,6.361 C23.384,3.198 20.562,3.198 18.836,6.361 C18.836,6.361 4.710,32.261 4.710,32.261 C2.985,35.425 4.397,38.013 7.847,38.013 C7.847,38.013 36.097,38.013 36.097,38.013 C39.547,38.013 40.959,35.425 39.234,32.261 Z" id="icon-alert-path-1" fill="#262626" fill-rule="evenodd"></path>
			<path d="M43.070,33.249 C43.070,33.249 25.806,2.778 25.806,2.778 C23.698,-0.943 20.249,-0.943 18.141,2.778 C18.141,2.778 0.875,33.249 0.875,33.249 C-1.233,36.971 0.492,40.015 4.709,40.015 C4.709,40.015 39.237,40.015 39.237,40.015 C43.453,40.015 45.179,36.971 43.070,33.249 ZM21.973,33.255 C20.621,33.255 19.525,32.138 19.525,30.760 C19.525,29.382 20.621,28.266 21.973,28.266 C23.324,28.266 24.420,29.382 24.420,30.760 C24.420,32.138 23.324,33.255 21.973,33.255 ZM21.994,25.347 C20.655,25.347 19.569,16.341 19.569,14.977 C19.571,13.615 20.656,12.505 21.997,12.507 C23.336,12.503 24.422,13.612 24.420,14.979 C24.421,16.341 23.332,25.347 21.994,25.347 Z" id="icon-alert-path-2" fill="#ffcc00" fill-rule="evenodd"></path>
		</g>
	</symbol>
	
	<symbol viewBox="-5.25 -5.375 54.5 50.625" id="icon-alert-stroked">
		<g>
			<path id="path-2_2_" fill="#FFCC00" d="M43.07,33.249L25.806,2.778c-2.108-3.721-5.558-3.721-7.665,0L0.875,33.249
				c-2.107,3.722-0.383,6.767,3.834,6.767h34.528C43.453,40.016,45.179,36.971,43.07,33.249z"></path>
			<path id="path-2_1_" fill="#F0F0F0" d="M21.973-0.013c1.39,0,2.778,0.93,3.833,2.791L43.07,33.249
				c2.109,3.722,0.383,6.767-3.833,6.767H4.709c-4.217,0-5.941-3.045-3.834-6.767L18.141,2.778
				C19.195,0.917,20.584-0.013,21.973-0.013 M21.973-5.013c-3.283,0-6.266,1.941-8.183,5.326L-3.475,30.784
				c-1.915,3.382-2.062,6.952-0.404,9.797c1.643,2.818,4.773,4.435,8.588,4.435h34.528c3.815,0,6.946-1.617,8.589-4.437
				c1.658-2.845,1.51-6.415-0.406-9.796L30.157,0.313C28.239-3.072,25.256-5.013,21.973-5.013L21.973-5.013z"></path>
		</g>
		<g>
			<ellipse fill="#262626" cx="21.973" cy="30.76" rx="2.446" ry="2.495"></ellipse>
			<path fill="#262626" d="M21.994,25.348c1.338,0,2.427-9.007,2.426-10.369c0.002-1.367-1.084-2.476-2.423-2.472
				c-1.341-0.002-2.426,1.108-2.428,2.47C19.569,16.341,20.655,25.348,21.994,25.348z"></path>
		</g>
	</symbol>

	<symbol viewBox="0 0 28 28" id="icon-not-available">
		<path d="M14.000,-0.000 C6.268,-0.000 0.000,6.268 0.000,14.000 C0.000,21.733 6.268,28.000 14.000,28.000 C21.733,28.000 28.000,21.733 28.000,14.000 C28.000,6.268 21.733,-0.000 14.000,-0.000 ZM14.000,3.697 C16.177,3.697 18.193,4.376 19.857,5.529 C19.857,5.529 5.529,19.857 5.529,19.857 C4.376,18.193 3.697,16.177 3.697,14.000 C3.697,8.310 8.310,3.697 14.000,3.697 ZM14.000,24.303 C11.823,24.303 9.807,23.624 8.143,22.471 C8.143,22.471 22.471,8.143 22.471,8.143 C23.624,9.807 24.303,11.823 24.303,14.000 C24.303,19.690 19.689,24.303 14.000,24.303 Z" id="icon-not-available-path-1" fill="#e01a22" fill-rule="evenodd"></path>
	</symbol>

	<symbol viewBox="0 0 25 28" id="icon-down">
		<path d="M16.775,19.055 C16.775,19.055 16.753,19.049 16.753,19.049 C16.156,18.879 15.816,18.266 15.992,17.679 C15.992,17.679 16.794,15.489 16.794,15.489 C16.794,15.489 16.206,15.322 16.206,15.322 C16.206,15.322 14.935,18.844 14.935,18.844 C14.747,19.469 14.080,19.829 13.445,19.649 C13.445,19.649 13.422,19.642 13.422,19.642 C12.787,19.461 12.424,18.808 12.612,18.183 C12.612,18.183 13.883,14.662 13.883,14.662 C13.883,14.662 13.287,14.492 13.287,14.492 C13.277,14.538 13.264,14.584 13.248,14.631 C13.248,14.631 11.881,18.424 11.881,18.424 C11.693,19.049 11.026,19.409 10.391,19.229 C10.391,19.229 10.368,19.222 10.368,19.222 C9.733,19.042 9.370,18.388 9.558,17.763 C9.558,17.763 10.925,13.970 10.925,13.970 C10.941,13.924 10.961,13.880 10.982,13.837 C10.982,13.837 10.377,13.664 10.377,13.664 C10.366,13.711 10.354,13.757 10.337,13.803 C10.337,13.803 6.760,23.475 6.760,23.475 C6.604,23.994 6.049,24.294 5.521,24.144 C5.521,24.144 5.502,24.139 5.502,24.139 C4.974,23.988 4.673,23.445 4.829,22.925 C4.829,22.925 8.636,11.096 8.636,11.096 C8.636,11.096 7.833,11.864 7.833,11.864 C7.833,11.864 7.131,14.202 7.131,14.202 C6.943,14.827 5.984,16.310 4.888,15.998 C4.888,15.998 4.546,15.901 4.546,15.901 C4.319,15.836 4.189,15.602 4.256,15.379 C4.256,15.379 5.793,10.261 5.793,10.261 C5.793,10.261 11.094,5.211 11.094,5.211 C11.094,5.211 11.094,5.211 11.094,5.211 C12.558,3.730 14.668,3.502 16.814,4.155 C19.790,5.061 22.411,7.782 19.456,15.018 C18.725,16.809 18.174,18.299 18.174,18.299 C17.997,18.886 17.371,19.225 16.775,19.055 Z" id="icon-down-path-1" stroke-width="1" stroke-linejoin="round" stroke="#3f3f41" fill="#e01a22" fill-rule="evenodd"></path>
	</symbol>
	
	<symbol viewBox="0 0 118 14" id="icon-down-badge">
		<path class="st0" d="M.68 6.446c0-.4-.002-.88-.01-1.44l-.02-1.71c-.006-.58-.01-1.133-.01-1.66V.346c.19-.026.46-.053.81-.08.355-.026.74-.05 1.16-.07S3.468.16 3.92.146c.454-.013.874-.02 1.26-.02 1.014 0 1.914.127 2.7.38.788.254 1.45.657 1.99 1.21.54.553.95 1.257 1.23 2.11.28.854.42 1.88.42 3.08 0 1.24-.136 2.297-.41 3.17-.272.873-.68 1.59-1.22 2.15-.54.56-1.202.97-1.99 1.23-.786.26-1.7.39-2.74.39-.2 0-.512-.01-.94-.03-.426-.02-.876-.047-1.35-.08-.473-.033-.92-.07-1.34-.11s-.73-.08-.93-.12c.014-.76.027-1.54.04-2.34.014-.68.024-1.437.03-2.27.007-.834.01-1.65.01-2.45zm4.5 4.94c.454 0 .868-.073 1.24-.22.374-.146.688-.393.94-.74.254-.347.45-.807.59-1.38.14-.573.21-1.287.21-2.14 0-.813-.07-1.493-.21-2.04-.14-.547-.34-.99-.6-1.33-.26-.34-.576-.583-.95-.73-.373-.146-.792-.22-1.26-.22h-.72c-.24 0-.413.007-.52.02v2.5c0 .56-.002 1.147-.01 1.76s-.01 1.21-.01 1.782v2.66c.107.026.284.046.53.06s.504.018.77.018zm7.78-4.38c0-1.24.134-2.3.4-3.18.268-.88.654-1.598 1.16-2.15s1.125-.958 1.85-1.21 1.558-.38 2.49-.38c.934 0 1.764.126 2.49.38s1.344.656 1.85 1.21.894 1.27 1.16 2.15c.268.88.4 1.94.4 3.18 0 1.24-.132 2.296-.4 3.17-.266.873-.652 1.586-1.16 2.14-.506.553-1.123.957-1.85 1.21s-1.556.38-2.49.38c-.933 0-1.763-.127-2.49-.38s-1.342-.657-1.85-1.21c-.506-.554-.892-1.267-1.16-2.14-.266-.873-.4-1.93-.4-3.17zm3.34 0c0 1.613.224 2.763.67 3.45s1.078 1.03 1.89 1.03c.828 0 1.46-.344 1.9-1.03s.66-1.837.66-3.45c0-.813-.056-1.507-.17-2.08-.112-.574-.28-1.04-.5-1.4-.22-.36-.486-.62-.8-.78-.312-.16-.676-.24-1.09-.24-.812 0-1.442.343-1.89 1.03-.446.687-.67 1.842-.67 3.47zM40.41.786c.06-.174.177-.304.35-.39.174-.087.428-.147.76-.18.334-.034.788-.05 1.36-.05.348 0 .55.1.61.3.06.2.058.48-.01.84l-2.92 12.4c-.546.052-1.086.1-1.62.14-.466.026-.956.043-1.47.05-.513.006-.963-.01-1.35-.05-.306-1.8-.58-3.434-.82-4.9-.106-.613-.21-1.227-.31-1.84l-.27-1.67-.2-1.26c-.053-.34-.086-.55-.1-.63l-.09.63c-.046.34-.11.757-.19 1.25-.08.494-.166 1.04-.26 1.64l-.28 1.82c-.226 1.44-.48 3.048-.76 4.82-.612.054-1.192.1-1.74.14-.466.028-.946.048-1.44.06-.493.015-.886-.005-1.18-.06l-2.62-12.28c-.052-.266-.076-.49-.07-.67.007-.18.078-.322.21-.43.134-.106.354-.182.66-.23.307-.046.74-.07 1.3-.07.254 0 .458.018.61.05s.278.09.37.17.164.188.21.32.084.308.11.52l1.62 10.3 1.6-10.22c.027-.212.094-.392.2-.54.107-.145.268-.262.48-.35.214-.085.49-.15.83-.19.34-.04.764-.06 1.27-.06.294 0 .538.008.73.02.194.015.348.05.46.11.114.06.197.145.25.25.054.108.094.248.12.42l1.66 10.56 1.78-10.06c.04-.28.09-.51.15-.68zm4.49 5.66c0-.4-.003-.86-.01-1.38-.007-.52-.01-1.03-.01-1.53s-.003-.96-.01-1.38c-.007-.42-.01-.73-.01-.93s.027-.368.08-.5.163-.244.33-.33c.167-.087.4-.147.7-.18.3-.034.696-.05 1.19-.05.213 0 .376.03.49.09.113.06.237.19.37.39l5.1 8.32-.11-.59c-.034-.18-.06-.36-.08-.54-.02-.18-.037-.37-.05-.57-.013-.2-.02-.435-.02-.7 0-.294-.003-.715-.01-1.26-.007-.548-.01-1.105-.01-1.67s-.004-1.08-.01-1.54c-.007-.46-.01-.75-.01-.87 0-.2.026-.368.08-.5s.157-.244.31-.33c.153-.087.37-.147.65-.18.28-.034.64-.05 1.08-.05.347 0 .607.05.78.15.173.1.26.316.26.65 0 .292-.003.696-.01 1.21s-.017 1.066-.03 1.66c-.013.593-.023 1.187-.03 1.78-.007.593-.01 1.122-.01 1.59v6.54l-3.14.1-5.06-8.12c.04.187.08.4.12.64l.09.76c.033.294.05.613.05.96v5.66l-3.14.1.04-2.44c.013-.72.023-1.516.03-2.39.006-.874.01-1.73.01-2.57zm17.2 0c0-.4-.004-.88-.01-1.44l-.02-1.71c-.008-.58-.01-1.134-.01-1.66V.346c.186-.028.456-.054.81-.08.353-.027.74-.05 1.16-.07s.855-.038 1.31-.05c.453-.014.873-.02 1.26-.02 1.013 0 1.913.126 2.7.38.786.253 1.45.656 1.99 1.21s.95 1.256 1.23 2.11c.28.853.42 1.88.42 3.08 0 1.24-.138 2.296-.41 3.17-.273.872-.68 1.59-1.22 2.15-.54.56-1.204.97-1.99 1.23s-1.7.39-2.74.39c-.2 0-.514-.01-.94-.03-.427-.02-.877-.048-1.35-.08-.474-.034-.92-.07-1.34-.11s-.73-.08-.93-.12c.012-.76.025-1.54.04-2.34.012-.68.022-1.438.03-2.27.006-.835.01-1.65.01-2.45zm4.5 4.94c.453 0 .866-.074 1.24-.22.373-.147.687-.394.94-.74.253-.348.45-.808.59-1.38.14-.574.21-1.288.21-2.14 0-.814-.07-1.494-.21-2.04-.14-.548-.34-.99-.6-1.33-.26-.34-.578-.584-.95-.73-.374-.147-.794-.22-1.26-.22h-.72c-.24 0-.415.006-.522.02v2.5c0 .56-.003 1.146-.01 1.76S65.3 8.07 65.3 8.646v2.66c.106.024.283.044.53.06.246.012.503.02.77.02zm7.78-4.38c0-1.24.133-2.3.4-3.18s.652-1.6 1.16-2.15c.505-.555 1.122-.96 1.85-1.21s1.556-.38 2.49-.38c.932 0 1.762.125 2.49.38.726.25 1.342.655 1.85 1.21s.893 1.27 1.16 2.15.398 1.94.398 3.18c0 1.24-.133 2.295-.4 3.17-.266.872-.652 1.585-1.16 2.14-.506.552-1.122.956-1.85 1.21-.727.252-1.557.38-2.49.38-.933 0-1.763-.128-2.49-.38s-1.343-.658-1.85-1.21c-.506-.555-.893-1.268-1.16-2.14-.265-.874-.4-1.93-.4-3.17zm3.34 0c0 1.612.223 2.762.67 3.45.446.686 1.076 1.03 1.89 1.03.826 0 1.46-.345 1.9-1.03.44-.688.66-1.838.66-3.45 0-.814-.058-1.508-.17-2.08-.114-.575-.28-1.04-.5-1.4-.22-.36-.487-.62-.8-.78s-.678-.24-1.09-.24c-.814 0-1.444.342-1.89 1.03-.448.686-.67 1.84-.67 3.47zm24.11-6.22c.06-.174.176-.304.35-.39.173-.087.427-.147.76-.18s.786-.05 1.36-.05c.346 0 .55.1.61.3.06.2.056.48-.01.84l-2.92 12.4c-.548.052-1.088.1-1.62.14-.468.026-.958.043-1.47.05-.515.006-.965-.01-1.352-.05-.307-1.8-.58-3.434-.82-4.9-.106-.613-.21-1.227-.31-1.84l-.27-1.67-.2-1.26-.1-.63c-.014.08-.044.29-.09.63-.048.34-.11.757-.19 1.25-.08.494-.167 1.04-.26 1.64-.094.6-.188 1.21-.28 1.82l-.76 4.82c-.614.054-1.193.1-1.74.14-.467.028-.947.048-1.44.06-.493.015-.887-.005-1.18-.06l-2.62-12.28c-.054-.266-.077-.49-.07-.67.007-.18.077-.322.21-.43.134-.106.354-.182.66-.23s.74-.07 1.3-.07c.254 0 .457.018.61.05s.276.09.37.17c.093.08.163.188.21.32s.083.308.11.52l1.62 10.3 1.6-10.22c.026-.212.093-.392.2-.54.106-.145.267-.262.48-.35.213-.085.49-.15.83-.19s.763-.06 1.27-.06c.293 0 .536.008.73.02.192.015.346.05.46.11.112.06.196.145.25.25.053.108.093.248.12.42l1.66 10.56 1.78-10.06c.042-.28.092-.51.15-.68zm4.49 5.66c0-.4-.004-.86-.01-1.38-.008-.52-.01-1.03-.01-1.53s-.005-.96-.012-1.38-.01-.73-.01-.93.026-.368.08-.5.163-.244.33-.33c.167-.087.4-.147.7-.18s.696-.05 1.19-.05c.213 0 .376.03.49.09.112.06.235.19.37.39l5.1 8.32-.11-.59s-.06-.36-.08-.54c-.02-.18-.037-.37-.05-.57-.014-.2-.02-.435-.02-.7 0-.294-.004-.715-.01-1.26-.008-.548-.01-1.105-.01-1.67s-.005-1.08-.01-1.54c-.01-.46-.012-.75-.012-.87 0-.2.026-.368.08-.5s.157-.244.31-.33c.153-.087.37-.147.65-.18.28-.034.64-.05 1.08-.05.347 0 .606.05.78.15.173.1.26.316.26.65 0 .292-.003.696-.01 1.21s-.017 1.066-.03 1.66c-.014.593-.023 1.187-.03 1.78-.007.593-.01 1.122-.01 1.59v6.54l-3.14.1-5.06-8.12c.04.187.08.4.12.64l.09.76c.032.294.05.613.05.96v5.66l-3.14.1c.013-.786.025-1.6.04-2.44.013-.72.022-1.516.03-2.39.01-.874.013-1.73.013-2.57z" fill="#ffffff"></path>
	</symbol>
	
	<symbol viewBox="0 0 21 21" id="icon-cancel">
		<path d="M10.500,21.000 C4.701,21.000 0.000,16.299 0.000,10.500 C0.000,4.701 4.701,0.000 10.500,0.000 C16.299,0.000 21.000,4.701 21.000,10.500 C21.000,16.299 16.299,21.000 10.500,21.000 ZM14.714,7.660 C15.094,7.280 15.094,6.665 14.714,6.286 C14.335,5.906 13.720,5.906 13.340,6.286 C13.340,6.286 10.500,9.126 10.500,9.126 C10.500,9.126 7.660,6.286 7.660,6.286 C7.280,5.906 6.665,5.906 6.286,6.286 C5.906,6.665 5.906,7.280 6.286,7.660 C6.286,7.660 9.126,10.500 9.126,10.500 C9.126,10.500 6.286,13.340 6.286,13.340 C5.906,13.719 5.906,14.335 6.286,14.714 C6.665,15.094 7.280,15.094 7.660,14.714 C7.660,14.714 10.500,11.874 10.500,11.874 C10.500,11.874 13.340,14.714 13.340,14.714 C13.720,15.094 14.335,15.094 14.714,14.714 C15.094,14.335 15.094,13.719 14.714,13.340 C14.714,13.340 11.874,10.500 11.874,10.500 C11.874,10.500 14.714,7.660 14.714,7.660 Z" id="icon-cancel-path-1" fill="#146e8c" fill-rule="evenodd"></path>
	</symbol>

	<symbol viewBox="0 0 20 14" id="icon-back">
		<path d="M18.977,6.042 C18.977,6.042 3.474,6.042 3.474,6.042 C3.474,6.042 8.220,1.612 8.220,1.612 C8.619,1.239 8.619,0.636 8.220,0.264 C7.822,-0.108 7.175,-0.108 6.776,0.264 C6.776,0.264 0.288,6.321 0.288,6.321 C-0.111,6.694 -0.111,7.296 0.288,7.669 C0.288,7.669 6.776,13.727 6.776,13.727 C6.975,13.913 7.237,14.006 7.498,14.006 C7.760,14.006 8.021,13.913 8.220,13.727 C8.619,13.354 8.619,12.750 8.220,12.378 C8.220,12.378 3.474,7.948 3.474,7.948 C3.474,7.948 18.977,7.948 18.977,7.948 C19.540,7.948 19.998,7.521 19.998,6.995 C19.998,6.469 19.540,6.042 18.977,6.042 Z" id="icon-back-path-1" fill="#262626" fill-rule="evenodd"></path>
	</symbol>

	<symbol viewBox="0 0 8 8" id="icon-cross">
		<path d="M4.952,3.956 C4.952,3.956 7.737,6.740 7.737,6.740 C8.012,7.015 8.012,7.462 7.737,7.737 C7.461,8.012 7.015,8.012 6.740,7.737 C6.740,7.737 3.956,4.953 3.956,4.953 C3.956,4.953 1.172,7.737 1.172,7.737 C0.897,8.012 0.451,8.012 0.176,7.737 C-0.099,7.462 -0.099,7.015 0.176,6.740 C0.176,6.740 2.960,3.956 2.960,3.956 C2.960,3.956 0.176,1.172 0.176,1.172 C-0.099,0.897 -0.099,0.451 0.176,0.176 C0.451,-0.099 0.897,-0.099 1.172,0.176 C1.172,0.176 3.956,2.960 3.956,2.960 C3.956,2.960 6.740,0.176 6.740,0.176 C7.015,-0.099 7.461,-0.099 7.737,0.176 C8.012,0.451 8.012,0.897 7.737,1.172 C7.737,1.172 4.952,3.956 4.952,3.956 Z" id="icon-cross-path-1" fill-rule="evenodd"></path> </symbol><symbol viewBox="0 0 13 7" id="icon-dropdown-dark">
		<path d="M12.733,1.493 C12.733,1.493 7.265,6.625 7.265,6.625 C7.239,6.657 7.225,6.695 7.194,6.725 C7.005,6.900 6.756,6.982 6.508,6.978 C6.260,6.982 6.011,6.900 5.822,6.725 C5.790,6.695 5.777,6.657 5.750,6.625 C5.750,6.625 0.282,1.493 0.282,1.493 C-0.087,1.152 -0.087,0.598 0.282,0.257 C0.651,-0.085 1.250,-0.085 1.619,0.257 C1.619,0.257 6.508,4.845 6.508,4.845 C6.508,4.845 11.397,0.257 11.397,0.257 C11.766,-0.085 12.364,-0.085 12.733,0.257 C13.103,0.598 13.103,1.152 12.733,1.493 Z" id="icon-dropdown-dark-path-1" fill="#4c4c4c" fill-rule="evenodd"></path>
	</symbol>

	<symbol viewBox="0 0 7 13" id="icon-arrow">
	  	<path d="M6.725,7.178 C6.695,7.210 6.657,7.223 6.625,7.250 L1.493,12.718 C1.152,13.087 0.598,13.087 0.257,12.718 C-0.085,12.349 -0.085,11.750 0.257,11.381 L4.845,6.492 L0.257,1.604 C-0.085,1.234 -0.085,0.636 0.257,0.267 C0.598,-0.102 1.152,-0.102 1.493,0.267 L6.625,5.735 C6.657,5.761 6.695,5.775 6.725,5.807 C6.900,5.996 6.982,6.244 6.978,6.492 C6.982,6.740 6.900,6.989 6.725,7.178 Z"></path>
	</symbol>

	<symbol viewBox="0 0 9 4" id="icon-dropdown-small">
		<path d="M4.092,3.999 C4.092,3.999 0.008,0.002 0.008,0.002 C0.008,0.002 8.177,0.002 8.177,0.002 C8.177,0.002 4.092,3.999 4.092,3.999 Z" id="icon-dropdown-small-path-1" fill-rule="evenodd"></path>
	</symbol>

	<symbol viewBox="0 0 16 16" id="icon-grid">
		<path d="M15.000,16.000 C15.000,16.000 10.000,16.000 10.000,16.000 C9.448,16.000 9.000,15.552 9.000,15.000 C9.000,15.000 9.000,10.000 9.000,10.000 C9.000,9.448 9.448,9.000 10.000,9.000 C10.000,9.000 15.000,9.000 15.000,9.000 C15.552,9.000 16.000,9.448 16.000,10.000 C16.000,10.000 16.000,15.000 16.000,15.000 C16.000,15.552 15.552,16.000 15.000,16.000 ZM15.000,7.000 C15.000,7.000 10.000,7.000 10.000,7.000 C9.448,7.000 9.000,6.552 9.000,6.000 C9.000,6.000 9.000,1.000 9.000,1.000 C9.000,0.448 9.448,-0.000 10.000,-0.000 C10.000,-0.000 15.000,-0.000 15.000,-0.000 C15.552,-0.000 16.000,0.448 16.000,1.000 C16.000,1.000 16.000,6.000 16.000,6.000 C16.000,6.552 15.552,7.000 15.000,7.000 ZM6.000,16.000 C6.000,16.000 1.000,16.000 1.000,16.000 C0.448,16.000 0.000,15.552 0.000,15.000 C0.000,15.000 0.000,10.000 0.000,10.000 C0.000,9.448 0.448,9.000 1.000,9.000 C1.000,9.000 6.000,9.000 6.000,9.000 C6.552,9.000 7.000,9.448 7.000,10.000 C7.000,10.000 7.000,15.000 7.000,15.000 C7.000,15.552 6.552,16.000 6.000,16.000 ZM6.000,7.000 C6.000,7.000 1.000,7.000 1.000,7.000 C0.448,7.000 0.000,6.552 0.000,6.000 C0.000,6.000 0.000,1.000 0.000,1.000 C0.000,0.448 0.448,-0.000 1.000,-0.000 C1.000,-0.000 6.000,-0.000 6.000,-0.000 C6.552,-0.000 7.000,0.448 7.000,1.000 C7.000,1.000 7.000,6.000 7.000,6.000 C7.000,6.552 6.552,7.000 6.000,7.000 Z" id="icon-grid-path-1" fill="#5c5c5c" fill-rule="evenodd"></path>
	</symbol>

	<symbol viewBox="0 0 19 24" id="icon-list">
		<path d="M1.080,23.270 C1.080,23.270 17.665,23.270 17.665,23.270 C18.258,23.270 18.739,22.799 18.739,22.218 C18.739,22.218 18.739,3.656 18.739,3.656 C18.739,3.075 18.258,2.604 17.665,2.604 C17.665,2.604 15.762,2.604 15.762,2.604 C15.762,2.604 15.762,1.305 15.762,1.305 C15.762,0.587 15.168,0.005 14.436,0.005 C13.704,0.005 13.109,0.587 13.109,1.305 C13.109,1.305 13.109,2.604 13.109,2.604 C13.109,2.604 10.699,2.604 10.699,2.604 C10.699,2.604 10.699,1.305 10.699,1.305 C10.699,0.587 10.104,0.005 9.372,0.005 C8.640,0.005 8.046,0.587 8.046,1.305 C8.046,1.305 8.046,2.604 8.046,2.604 C8.046,2.604 5.636,2.604 5.636,2.604 C5.636,2.604 5.636,1.305 5.636,1.305 C5.636,0.587 5.041,0.005 4.309,0.005 C3.577,0.005 2.983,0.587 2.983,1.305 C2.983,1.305 2.983,2.604 2.983,2.604 C2.983,2.604 1.080,2.604 1.080,2.604 C0.487,2.604 0.006,3.075 0.006,3.656 C0.006,3.656 0.006,22.218 0.006,22.218 C0.006,22.799 0.487,23.270 1.080,23.270 ZM3.214,6.907 C3.214,6.496 3.553,6.164 3.972,6.164 C3.972,6.164 14.773,6.164 14.773,6.164 C15.192,6.164 15.531,6.496 15.531,6.907 C15.531,7.316 15.192,7.649 14.773,7.649 C14.773,7.649 3.972,7.649 3.972,7.649 C3.553,7.649 3.214,7.316 3.214,6.907 ZM3.214,10.238 C3.214,9.828 3.553,9.496 3.972,9.496 C3.972,9.496 14.773,9.496 14.773,9.496 C15.192,9.496 15.531,9.828 15.531,10.238 C15.531,10.648 15.192,10.981 14.773,10.981 C14.773,10.981 3.972,10.981 3.972,10.981 C3.553,10.981 3.214,10.648 3.214,10.238 ZM3.214,13.570 C3.214,13.160 3.553,12.828 3.972,12.828 C3.972,12.828 14.773,12.828 14.773,12.828 C15.192,12.828 15.531,13.160 15.531,13.570 C15.531,13.980 15.192,14.312 14.773,14.312 C14.773,14.312 3.972,14.312 3.972,14.312 C3.553,14.312 3.214,13.980 3.214,13.570 ZM3.214,16.901 C3.214,16.491 3.553,16.159 3.972,16.159 C3.972,16.159 14.773,16.159 14.773,16.159 C15.192,16.159 15.531,16.491 15.531,16.901 C15.531,17.311 15.192,17.644 14.773,17.644 C14.773,17.644 3.972,17.644 3.972,17.644 C3.553,17.644 3.214,17.311 3.214,16.901 Z" id="icon-list-path-1" fill-rule="evenodd"></path>
	</symbol>

	<symbol viewBox="0 0 22 28" id="icon-account-list">
		<g stroke="none" stroke-width="1" fill="none" fill-rule="evenodd">
			<g fill="#262626">
				<path d="M20.499503,26.261718 C20.005776,26.7499591 19.3474734,27.0187661 18.6474783,27.0187661 L3.07752389,27.0187661 C1.61938356,27.0187661 0.433341655,25.8480845 0.433341655,24.4096933 L0.433341655,2.94134732 C0.433341655,2.5935441 0.719703299,2.31157114 1.07189521,2.31157114 L3.89930501,2.31157114 L3.89930501,1.32302002 C3.89930501,0.975216799 4.18456948,0.692146667 4.53785856,0.692146667 C4.89005047,0.692146667 5.17531494,0.975216799 5.17531494,1.32302002 L5.17531494,2.31157114 L7.07342086,2.31157114 L7.07342086,1.32302002 C7.07342086,0.975216799 7.3597825,0.692146667 7.71197441,0.692146667 C8.06416632,0.692146667 8.35052796,0.975216799 8.35052796,1.32302002 L8.35052796,2.31157114 L10.2486339,2.31157114 L10.2486339,1.32302002 C10.2486339,0.975216799 10.5338984,0.692146667 10.8860903,0.692146667 C11.2393793,0.692146667 11.5246438,0.975216799 11.5246438,1.32302002 L11.5246438,2.31157114 L13.4227497,2.31157114 L13.4227497,1.32302002 C13.4227497,0.975216799 13.7091114,0.692146667 14.0613033,0.692146667 C14.4134952,0.692146667 14.6998568,0.975216799 14.6998568,1.32302002 L14.6998568,2.31157114 L16.5968656,2.31157114 L16.5968656,1.32302002 C16.5968656,0.975216799 16.8832272,0.692146667 17.2354191,0.692146667 C17.5876111,0.692146667 17.8739727,0.975216799 17.8739727,1.32302002 L17.8739727,2.31157114 L20.627872,2.31157114 C20.9800639,2.31157114 21.2653284,2.5935441 21.2653284,2.94134732 L21.2664256,24.4338311 C21.2664256,25.1151743 20.986647,25.7822543 20.499503,26.261718 Z M19.9893185,3.57112351 L17.8739727,3.57112351 L17.8739727,4.75497107 C17.8739727,5.1027743 17.5876111,5.38474726 17.2354191,5.38474726 C16.8832272,5.38474726 16.5968656,5.1027743 16.5968656,4.75497107 L16.5968656,3.57112351 L14.6998568,3.57112351 L14.6998568,4.75497107 C14.6998568,5.1027743 14.4134952,5.38474726 14.0613033,5.38474726 C13.7091114,5.38474726 13.4227497,5.1027743 13.4227497,4.75497107 L13.4227497,3.57112351 L11.5246438,3.57112351 L11.5246438,4.75497107 C11.5246438,5.1027743 11.2393793,5.38474726 10.8860903,5.38474726 C10.5338984,5.38474726 10.2486339,5.1027743 10.2486339,4.75497107 L10.2486339,3.57112351 L8.35052796,3.57112351 L8.35052796,4.75497107 C8.35052796,5.1027743 8.06416632,5.38474726 7.71197441,5.38474726 C7.3597825,5.38474726 7.07342086,5.1027743 7.07342086,4.75497107 L7.07342086,3.57112351 L5.17531494,3.57112351 L5.17531494,4.75497107 C5.17531494,5.1027743 4.89005047,5.38474726 4.53785856,5.38474726 C4.18456948,5.38474726 3.89930501,5.1027743 3.89930501,4.75497107 L3.89930501,3.57112351 L1.71044876,3.57112351 L1.71044876,24.4096933 C1.71044876,25.1535753 2.32376738,25.7592137 3.07752389,25.7592137 L18.6474783,25.7592137 C19.0018645,25.7592137 19.3474734,25.6176786 19.5976284,25.3708151 C19.8466862,25.1250488 19.9904157,24.7838286 19.9904157,24.4338311 L19.9893185,3.57112351 Z" id="Shape" fill-rule="nonzero"></path>
				<g transform="translate(4.668065, 9.219093)">
					<path d="M8.88636364,8.5 L8.88636364,7.34090909 C8.88636364,6.9141436 9.23232542,6.56818182 9.65909091,6.56818182 C10.0858564,6.56818182 10.4318182,6.9141436 10.4318182,7.34090909 L10.4318182,8.5 L11.5909091,8.5 C12.0176746,8.5 12.3636364,8.84596178 12.3636364,9.27272727 C12.3636364,9.69949276 12.0176746,10.0454545 11.5909091,10.0454545 L10.4318182,10.0454545 L10.4318182,11.2045455 C10.4318182,11.6313109 10.0858564,11.9772727 9.65909091,11.9772727 C9.23232542,11.9772727 8.88636364,11.6313109 8.88636364,11.2045455 L8.88636364,10.0454545 L7.72727273,10.0454545 C7.30050724,10.0454545 6.95454545,9.69949276 6.95454545,9.27272727 C6.95454545,8.84596178 7.30050724,8.5 7.72727273,8.5 L8.88636364,8.5 Z M0.772727273,0 L10.0454545,4.4408921e-16 C10.47222,3.65693661e-16 10.8181818,0.345961784 10.8181818,0.772727273 C10.8181818,1.19949276 10.47222,1.54545455 10.0454545,1.54545455 L0.772727273,1.54545455 C0.345961784,1.54545455 5.22636989e-17,1.19949276 0,0.772727273 C-5.22636989e-17,0.345961784 0.345961784,7.83955484e-17 0.772727273,0 Z M0.772727273,3.86363636 L6.18181818,3.86363636 C6.60858367,3.86363636 6.95454545,4.20959815 6.95454545,4.63636364 C6.95454545,5.06312912 6.60858367,5.40909091 6.18181818,5.40909091 L0.772727273,5.40909091 C0.345961784,5.40909091 5.22636989e-17,5.06312912 0,4.63636364 C-5.22636989e-17,4.20959815 0.345961784,3.86363636 0.772727273,3.86363636 Z M0.772727273,8.5 L4.63636364,8.5 C5.06312912,8.5 5.40909091,8.84596178 5.40909091,9.27272727 C5.40909091,9.69949276 5.06312912,10.0454545 4.63636364,10.0454545 L0.772727273,10.0454545 C0.345961784,10.0454545 5.22636989e-17,9.69949276 0,9.27272727 C-5.22636989e-17,8.84596178 0.345961784,8.5 0.772727273,8.5 Z" id="Combined-Shape"></path>
				</g>
			</g>
		</g>
	</symbol>

	<symbol viewBox="0 -0.5 16 16" id="icon-add-to-list">
		<path id="Rectangle-15" fill="#4C4C4C" d="M1,0.25h12c0.553,0,1,0.448,1,1l0,0c0,0.552-0.447,1-1,1H1c-0.552,0-1-0.448-1-1l0,0
			C0,0.698,0.448,0.25,1,0.25z"></path>
		<path id="Rectangle-15_1_" fill="#4C4C4C" d="M1,5.25h7c0.553,0,1,0.448,1,1l0,0c0,0.552-0.447,1-1,1H1c-0.552,0-1-0.448-1-1l0,0
			C0,5.698,0.448,5.25,1,5.25z"></path>
		<path id="Rectangle-15_2_" fill="#4C4C4C" d="M1,10.25h5c0.552,0,1,0.447,1,1l0,0c0,0.553-0.448,1-1,1H1c-0.552,0-1-0.447-1-1l0,0
			C0,10.697,0.448,10.25,1,10.25z"></path>
		<path fill="#4C4C4C" d="M15,10.25h-1.5v-1.5c0-0.553-0.447-1-1-1s-1,0.447-1,1v1.5H10c-0.553,0-1,0.447-1,1s0.447,1,1,1h1.5v1.5
			c0,0.553,0.447,1,1,1s1-0.447,1-1v-1.5H15c0.553,0,1-0.447,1-1S15.553,10.25,15,10.25z"></path>
	</symbol>

	<symbol viewBox="0 0 29 29" id="icon-zoom">
		<path d="M22.1057546,18.9712254 L28.3732273,24.8157382 C29.3053399,25.6849473 29.3563333,27.1452072 28.4871242,28.0773198 C27.6179151,29.0094325 26.1576552,29.0604259 25.2255425,28.1912168 L18.8138118,22.2121812 C16.8951172,23.4876336 14.5920352,24.2307692 12.1153846,24.2307692 C5.42424245,24.2307692 -1.59161573e-12,18.8065268 -1.59161573e-12,12.1153846 C-1.59161573e-12,5.42424245 5.42424245,1.77635684e-15 12.1153846,1.77635684e-15 C18.8065268,1.77635684e-15 24.2307692,5.42424245 24.2307692,12.1153846 C24.2307692,14.6601421 23.4461998,17.0216536 22.1057546,18.9712254 Z M12.1153846,20.7692308 C16.8947719,20.7692308 20.7692308,16.8947719 20.7692308,12.1153846 C20.7692308,7.33599736 16.8947719,3.46153846 12.1153846,3.46153846 C7.33599736,3.46153846 3.46153846,7.33599736 3.46153846,12.1153846 C3.46153846,16.8947719 7.33599736,20.7692308 12.1153846,20.7692308 Z M13.0714286,10.9285714 L15.9285714,10.9285714 C16.5203051,10.9285714 17,11.4082663 17,12 C17,12.5917337 16.5203051,13.0714286 15.9285714,13.0714286 L13.0714286,13.0714286 L13.0714286,15.9285714 C13.0714286,16.5203051 12.5917337,17 12,17 C11.4082663,17 10.9285714,16.5203051 10.9285714,15.9285714 L10.9285714,13.0714286 L8.07142857,13.0714286 C7.47969491,13.0714286 7,12.5917337 7,12 C7,11.4082663 7.47969491,10.9285714 8.07142857,10.9285714 L10.9285714,10.9285714 L10.9285714,8.07142857 C10.9285714,7.47969491 11.4082663,7 12,7 C12.5917337,7 13.0714286,7.47969491 13.0714286,8.07142857 L13.0714286,10.9285714 Z"></path>
	</symbol>
		

	<symbol viewBox="0 0 21 21" id="icon-loading">
		<path d="M10.000,21.000 C15.523,21.000 20.000,16.618 20.000,11.212 C20.000,8.779 19.093,6.554 17.592,4.841 C17.463,4.694 17.278,4.607 17.080,4.599 C16.882,4.592 16.689,4.665 16.549,4.802 C16.549,4.802 15.243,6.080 15.243,6.080 C14.984,6.334 14.965,6.738 15.198,7.015 C16.160,8.156 16.738,9.618 16.738,11.212 C16.738,14.855 13.721,17.808 10.000,17.808 C6.279,17.808 3.262,14.855 3.262,11.212 C3.262,7.570 6.279,4.617 10.000,4.617 C10.000,4.617 10.000,5.485 10.000,5.485 C10.000,5.565 10.010,5.634 10.024,5.697 C10.028,5.716 10.034,5.732 10.040,5.750 C10.053,5.791 10.068,5.828 10.087,5.859 C10.096,5.874 10.105,5.889 10.115,5.902 C10.138,5.932 10.165,5.955 10.195,5.974 C10.204,5.980 10.211,5.989 10.220,5.993 C10.261,6.014 10.305,6.025 10.354,6.026 C10.364,6.026 10.375,6.023 10.385,6.022 C10.430,6.019 10.480,6.007 10.531,5.988 C10.548,5.982 10.563,5.975 10.581,5.967 C10.644,5.937 10.710,5.899 10.778,5.843 C10.778,5.843 13.894,3.407 13.894,3.407 C14.160,3.190 14.160,2.836 13.894,2.620 C13.894,2.620 10.778,0.183 10.778,0.183 C10.710,0.127 10.644,0.089 10.581,0.059 C10.563,0.050 10.548,0.044 10.531,0.038 C10.480,0.018 10.430,0.007 10.385,0.004 C10.375,0.003 10.364,-0.000 10.354,-0.000 C10.305,0.001 10.261,0.012 10.220,0.032 C10.211,0.037 10.204,0.045 10.195,0.051 C10.165,0.070 10.138,0.094 10.115,0.124 C10.105,0.137 10.096,0.152 10.087,0.165 C10.068,0.198 10.053,0.235 10.040,0.276 C10.034,0.294 10.028,0.309 10.024,0.329 C10.010,0.392 10.000,0.460 10.000,0.540 C10.000,0.540 10.000,1.409 10.000,1.409 C10.000,1.409 10.000,1.424 10.000,1.424 C4.477,1.424 -0.000,5.806 0.000,11.212 C0.000,16.618 4.477,21.000 10.000,21.000 Z" id="icon-loading-path-1" class="cls-2" fill-rule="evenodd"></path>
	</symbol>

	<symbol viewBox="0 0 22 28" id="icon-shop-list">
		<path d="M19.201,28.013 C19.201,28.013 2.803,28.013 2.803,28.013 C1.265,28.013 0.014,26.767 0.014,25.235 C0.014,25.235 0.014,2.387 0.014,2.387 C0.014,2.017 0.316,1.717 0.688,1.717 C0.688,1.717 3.670,1.717 3.670,1.717 C3.670,1.717 3.670,0.665 3.670,0.665 C3.670,0.295 3.971,-0.006 4.343,-0.006 C4.715,-0.006 5.016,0.295 5.016,0.665 C5.016,0.665 5.016,1.717 5.016,1.717 C5.016,1.717 7.019,1.717 7.019,1.717 C7.019,1.717 7.019,0.665 7.019,0.665 C7.019,0.295 7.320,-0.006 7.692,-0.006 C8.064,-0.006 8.365,0.295 8.365,0.665 C8.365,0.665 8.365,1.717 8.365,1.717 C8.365,1.717 10.368,1.717 10.368,1.717 C10.368,1.717 10.368,0.665 10.368,0.665 C10.368,0.295 10.669,-0.006 11.041,-0.006 C11.413,-0.006 11.714,0.295 11.714,0.665 C11.714,0.665 11.714,1.717 11.714,1.717 C11.714,1.717 13.717,1.717 13.717,1.717 C13.717,1.717 13.717,0.665 13.717,0.665 C13.717,0.295 14.018,-0.006 14.390,-0.006 C14.762,-0.006 15.063,0.295 15.063,0.665 C15.063,0.665 15.063,1.717 15.063,1.717 C15.063,1.717 17.065,1.717 17.065,1.717 C17.065,1.717 17.065,0.665 17.065,0.665 C17.065,0.295 17.367,-0.006 17.739,-0.006 C18.110,-0.006 18.412,0.295 18.412,0.665 C18.412,0.665 18.412,1.717 18.412,1.717 C18.412,1.717 21.317,1.717 21.317,1.717 C21.688,1.717 21.990,2.017 21.990,2.387 C21.990,2.387 21.990,25.235 21.990,25.235 C21.990,26.767 20.739,28.013 19.201,28.013 ZM20.643,3.057 C20.643,3.057 18.412,3.057 18.412,3.057 C18.412,3.057 18.412,4.317 18.412,4.317 C18.412,4.687 18.110,4.988 17.739,4.988 C17.367,4.988 17.065,4.687 17.065,4.317 C17.065,4.317 17.065,3.057 17.065,3.057 C17.065,3.057 15.063,3.057 15.063,3.057 C15.063,3.057 15.063,4.317 15.063,4.317 C15.063,4.687 14.762,4.988 14.390,4.988 C14.018,4.988 13.717,4.687 13.717,4.317 C13.717,4.317 13.717,3.057 13.717,3.057 C13.717,3.057 11.714,3.057 11.714,3.057 C11.714,3.057 11.714,4.317 11.714,4.317 C11.714,4.687 11.413,4.988 11.041,4.988 C10.669,4.988 10.368,4.687 10.368,4.317 C10.368,4.317 10.368,3.057 10.368,3.057 C10.368,3.057 8.365,3.057 8.365,3.057 C8.365,3.057 8.365,4.317 8.365,4.317 C8.365,4.687 8.064,4.988 7.692,4.988 C7.320,4.988 7.019,4.687 7.019,4.317 C7.019,4.317 7.019,3.057 7.019,3.057 C7.019,3.057 5.016,3.057 5.016,3.057 C5.016,3.057 5.016,4.317 5.016,4.317 C5.016,4.687 4.715,4.988 4.343,4.988 C3.971,4.988 3.670,4.687 3.670,4.317 C3.670,4.317 3.670,3.057 3.670,3.057 C3.670,3.057 1.361,3.057 1.361,3.057 C1.361,3.057 1.361,25.235 1.361,25.235 C1.361,26.028 2.008,26.672 2.803,26.672 C2.803,26.672 19.201,26.672 19.201,26.672 C19.996,26.672 20.643,26.028 20.643,25.235 C20.643,25.235 20.643,3.057 20.643,3.057 ZM9.172,18.962 C9.088,19.046 8.978,19.088 8.867,19.088 C8.757,19.088 8.647,19.046 8.563,18.962 C8.563,18.962 5.747,16.159 5.747,16.159 C5.579,15.991 5.579,15.719 5.747,15.551 C5.915,15.384 6.188,15.384 6.357,15.551 C6.357,15.551 8.867,18.051 8.867,18.051 C8.867,18.051 15.648,11.300 15.648,11.300 C15.816,11.132 16.089,11.132 16.257,11.300 C16.425,11.468 16.425,11.740 16.257,11.908 C16.257,11.908 9.172,18.962 9.172,18.962 Z" id="icon-shop-list-path-1" fill-rule="evenodd"></path>
	</symbol>

	<symbol viewBox="0 0 50 50" id="icon-info-circle">
		<path id="info-circle" fill="#262626" d="M25,0c4.502,0,8.67,1.125,12.5,3.377s6.871,5.292,9.123,9.123S50,20.497,50,25
			s-1.125,8.67-3.377,12.5s-5.293,6.871-9.123,9.123S29.502,50,25,50c-4.502,0-8.669-1.125-12.5-3.377S5.628,41.33,3.377,37.5
			S0,29.503,0,25s1.125-8.669,3.377-12.5S8.669,5.628,12.5,3.377S20.498,0,25,0z M25,45.161c3.629,0,6.989-0.907,10.08-2.722
			c3.092-1.814,5.545-4.268,7.359-7.359c1.814-3.091,2.722-6.451,2.722-10.08s-0.907-6.989-2.722-10.081s-4.268-5.544-7.359-7.359
			C31.989,5.746,28.629,4.839,25,4.839s-6.989,0.907-10.081,2.722s-5.544,4.268-7.359,7.359S4.839,21.371,4.839,25
			s0.907,6.989,2.722,10.08c1.814,3.092,4.268,5.545,7.359,7.359S21.371,45.161,25,45.161z M25,11.089c1.143,0,2.134,0.42,2.974,1.26
			c0.841,0.84,1.261,1.832,1.261,2.974c0,1.142-0.42,2.133-1.261,2.974c-0.84,0.84-1.831,1.26-2.974,1.26s-2.134-0.42-2.974-1.26
			c-0.84-0.84-1.26-1.832-1.26-2.974c0-1.143,0.42-2.134,1.26-2.974C22.866,11.509,23.857,11.089,25,11.089z M30.645,36.693
			c0,0.336-0.117,0.622-0.352,0.857c-0.236,0.234-0.521,0.353-0.857,0.353h-8.871c-0.336,0-0.622-0.118-0.857-0.353
			c-0.235-0.235-0.353-0.521-0.353-0.857v-2.419c0-0.337,0.118-0.622,0.353-0.856c0.235-0.236,0.521-0.354,0.857-0.354h1.21v-6.451
			h-1.21c-0.336,0-0.622-0.118-0.857-0.354c-0.235-0.234-0.353-0.521-0.353-0.856v-2.419c0-0.336,0.118-0.622,0.353-0.857
			c0.235-0.235,0.521-0.353,0.857-0.353h6.451c0.336,0,0.622,0.117,0.857,0.353s0.353,0.521,0.353,0.857v10.081h1.21
			c0.336,0,0.621,0.117,0.857,0.354c0.234,0.234,0.352,0.52,0.352,0.856V36.693z"></path>
	</symbol>

	<symbol viewBox="0 0 91 91" id="icon-sponsored" width="100%" height="100%">
		<g id="Artboard" stroke="none" stroke-width="1" fill="none" fill-rule="evenodd">
        <rect id="Rectangle" x="0" y="0" width="91" height="91"></rect>
        <path d="M0,19 L49.75,19 C51.6992825,19 53.4879322,19.4891281 55.0064507,20.3578857 C56.5249693,21.2266434 57.7733566,22.4750307 58.6421143,23.9935493 C59.5108719,25.5120678 60,27.3007175 60,29.25 C60,31.1992825 59.5108719,32.9879322 58.6421143,34.5064507 C57.7733566,36.0249693 56.5249693,37.2733566 55.0064507,38.1421143 C53.4879322,39.0108719 51.6992825,39.5 49.75,39.5 L0,39.5 L0,19 Z" id="Rectangle" fill="#DEDBDB" fill-rule="nonzero"></path>
        <path d="M0,18 L49.75,18 C51.6992825,18 53.4879322,18.4891281 55.0064507,19.3578857 C56.5249693,20.2266434 57.7733566,21.4750307 58.6421143,22.9935493 C59.5108719,24.5120678 60,26.3007175 60,28.25 C60,30.1992825 59.5108719,31.9879322 58.6421143,33.5064507 C57.7733566,35.0249693 56.5249693,36.2733566 55.0064507,37.1421143 C53.4879322,38.0108719 51.6992825,38.5 49.75,38.5 L0,38.5 L0,18 Z" id="Rectangle" fill="#F0F0F0" fill-rule="nonzero"></path>
        <path d="M7.08,32.4015397 L7.08,24.5295397 L11.616,24.5295397 L11.616,25.3695397 L8.076,25.3695397 L8.076,28.0335397 L11.076,28.0335397 L11.076,28.8735397 L8.076,28.8735397 L8.076,32.4015397 L7.08,32.4015397 Z M15.276,32.5455397 C14.883998,32.5455397 14.5180017,32.4755404 14.178,32.3355397 C13.8379983,32.195539 13.5420013,31.995541 13.29,31.7355397 C13.0379987,31.4755384 12.8400007,31.1575415 12.696,30.7815397 C12.5519993,30.4055378 12.48,29.9775421 12.48,29.4975397 C12.48,29.0175373 12.5539993,28.5875416 12.702,28.2075397 C12.8500007,27.8275378 13.0459988,27.505541 13.29,27.2415397 C13.5340012,26.9775383 13.8119984,26.7755404 14.124,26.6355397 C14.4360016,26.495539 14.7599983,26.4255397 15.096,26.4255397 C15.4640018,26.4255397 15.7939985,26.489539 16.086,26.6175397 C16.3780015,26.7455403 16.621999,26.9295385 16.818,27.1695397 C17.014001,27.4095409 17.1639995,27.697538 17.268,28.0335397 C17.3720005,28.3695413 17.424,28.7455376 17.424,29.1615397 C17.424,29.2655402 17.422,29.3675392 17.418,29.4675397 C17.414,29.5675402 17.4040001,29.6535393 17.388,29.7255397 L13.452,29.7255397 C13.4920002,30.3495428 13.6859983,30.8435378 14.034,31.2075397 C14.3820017,31.5715415 14.8359972,31.7535397 15.396,31.7535397 C15.6760014,31.7535397 15.9339988,31.7115401 16.17,31.6275397 C16.4060012,31.5435392 16.6319989,31.4335403 16.848,31.2975397 L17.196,31.9455397 C16.9399987,32.1055405 16.6560016,32.2455391 16.344,32.3655397 C16.0319984,32.4855403 15.676002,32.5455397 15.276,32.5455397 Z M13.44,29.0175397 L16.56,29.0175397 C16.56,28.4255367 16.4340013,27.9755412 16.182,27.6675397 C15.9299987,27.3595381 15.5760023,27.2055397 15.12,27.2055397 C14.911999,27.2055397 14.7140009,27.2455393 14.526,27.3255397 C14.3379991,27.4055401 14.1680008,27.5235389 14.016,27.6795397 C13.8639992,27.8355404 13.7380005,28.0255385 13.638,28.2495397 C13.5379995,28.4735408 13.4720002,28.7295382 13.44,29.0175397 Z M20.208,32.5455397 C19.7199976,32.5455397 19.3140016,32.4015411 18.99,32.1135397 C18.6659984,31.8255382 18.504,31.4175423 18.504,30.8895397 C18.504,30.2495365 18.7879972,29.7595414 19.356,29.4195397 C19.9240028,29.079538 20.8319938,28.8415403 22.08,28.7055397 C22.08,28.5215387 22.0620002,28.3415405 22.026,28.1655397 C21.9899998,27.9895388 21.9280004,27.8335403 21.84,27.6975397 C21.7519996,27.561539 21.6300008,27.4515401 21.474,27.3675397 C21.3179992,27.2835392 21.1200012,27.2415397 20.88,27.2415397 C20.5439983,27.2415397 20.2280015,27.305539 19.932,27.4335397 C19.6359985,27.5615403 19.3720012,27.7055389 19.14,27.8655397 L18.756,27.1815397 C19.0280014,27.0055388 19.359998,26.8355405 19.752,26.6715397 C20.144002,26.5075388 20.5759976,26.4255397 21.048,26.4255397 C21.7600036,26.4255397 22.2759984,26.6435375 22.596,27.0795397 C22.9160016,27.5155418 23.076,28.097536 23.076,28.8255397 L23.076,32.4015397 L22.26,32.4015397 L22.176,31.7055397 L22.14,31.7055397 C21.8599986,31.9375408 21.5600016,32.1355388 21.24,32.2995397 C20.9199984,32.4635405 20.5760018,32.5455397 20.208,32.5455397 Z M20.496,31.7535397 C20.7760014,31.7535397 21.0399988,31.6875403 21.288,31.5555397 C21.5360012,31.423539 21.7999986,31.2295409 22.08,30.9735397 L22.08,29.3535397 C21.5919976,29.41754 21.1820017,29.4935392 20.85,29.5815397 C20.5179983,29.6695401 20.250001,29.7735391 20.046,29.8935397 C19.841999,30.0135403 19.6940005,30.1515389 19.602,30.3075397 C19.5099995,30.4635404 19.464,30.6335387 19.464,30.8175397 C19.464,31.1535413 19.563999,31.3935389 19.764,31.5375397 C19.964001,31.6815404 20.2079986,31.7535397 20.496,31.7535397 Z M26.748,32.5455397 C26.4359984,32.5455397 26.1740011,32.4975401 25.962,32.4015397 C25.7499989,32.3055392 25.5780007,32.1735405 25.446,32.0055397 C25.3139993,31.8375388 25.2200003,31.6335409 25.164,31.3935397 C25.1079997,31.1535385 25.08,30.8895411 25.08,30.6015397 L25.08,27.3735397 L24.216,27.3735397 L24.216,26.6295397 L25.128,26.5695397 L25.248,24.9375397 L26.076,24.9375397 L26.076,26.5695397 L27.648,26.5695397 L27.648,27.3735397 L26.076,27.3735397 L26.076,30.6135397 C26.076,30.9735415 26.1419993,31.2515387 26.274,31.4475397 C26.4060007,31.6435406 26.6399983,31.7415397 26.976,31.7415397 C27.0800005,31.7415397 27.1919994,31.7255398 27.312,31.6935397 C27.4320006,31.6615395 27.5399995,31.6255399 27.636,31.5855397 L27.828,32.3295397 C27.6679992,32.3855399 27.4940009,32.4355394 27.306,32.4795397 C27.1179991,32.5235399 26.9320009,32.5455397 26.748,32.5455397 Z M30.672,32.5455397 C30.0479969,32.5455397 29.5940014,32.3535416 29.31,31.9695397 C29.0259986,31.5855377 28.884,31.0175434 28.884,30.2655397 L28.884,26.5695397 L29.88,26.5695397 L29.88,30.1335397 C29.88,30.6855424 29.9659991,31.0835384 30.138,31.3275397 C30.3100009,31.5715409 30.5879981,31.6935397 30.972,31.6935397 C31.2760015,31.6935397 31.5439988,31.6155404 31.776,31.4595397 C32.0080012,31.3035389 32.2639986,31.0535414 32.544,30.7095397 L32.544,26.5695397 L33.528,26.5695397 L33.528,32.4015397 L32.712,32.4015397 L32.628,31.4895397 L32.592,31.4895397 C32.3199986,31.8095413 32.0340015,32.0655387 31.734,32.2575397 C31.4339985,32.4495406 31.080002,32.5455397 30.672,32.5455397 Z M35.496,32.4015397 L35.496,26.5695397 L36.312,26.5695397 L36.396,27.6255397 L36.432,27.6255397 C36.632001,27.2575378 36.8739986,26.9655407 37.158,26.7495397 C37.4420014,26.5335386 37.7519983,26.4255397 38.088,26.4255397 C38.3200012,26.4255397 38.5279991,26.4655393 38.712,26.5455397 L38.52,27.4095397 C38.4239995,27.3775395 38.3360004,27.3535397 38.256,27.3375397 C38.1759996,27.3215396 38.0760006,27.3135397 37.956,27.3135397 C37.7079988,27.3135397 37.4500013,27.4135387 37.182,27.6135397 C36.9139987,27.8135407 36.680001,28.1615372 36.48,28.6575397 L36.48,32.4015397 L35.496,32.4015397 Z M42.024,32.5455397 C41.631998,32.5455397 41.2660017,32.4755404 40.926,32.3355397 C40.5859983,32.195539 40.2900013,31.995541 40.038,31.7355397 C39.7859987,31.4755384 39.5880007,31.1575415 39.444,30.7815397 C39.2999993,30.4055378 39.228,29.9775421 39.228,29.4975397 C39.228,29.0175373 39.3019993,28.5875416 39.45,28.2075397 C39.5980007,27.8275378 39.7939988,27.505541 40.038,27.2415397 C40.2820012,26.9775383 40.5599984,26.7755404 40.872,26.6355397 C41.1840016,26.495539 41.5079983,26.4255397 41.844,26.4255397 C42.2120018,26.4255397 42.5419985,26.489539 42.834,26.6175397 C43.1260015,26.7455403 43.369999,26.9295385 43.566,27.1695397 C43.762001,27.4095409 43.9119995,27.697538 44.016,28.0335397 C44.1200005,28.3695413 44.172,28.7455376 44.172,29.1615397 C44.172,29.2655402 44.17,29.3675392 44.166,29.4675397 C44.162,29.5675402 44.1520001,29.6535393 44.136,29.7255397 L40.2,29.7255397 C40.2400002,30.3495428 40.4339983,30.8435378 40.782,31.2075397 C41.1300017,31.5715415 41.5839972,31.7535397 42.144,31.7535397 C42.4240014,31.7535397 42.6819988,31.7115401 42.918,31.6275397 C43.1540012,31.5435392 43.3799989,31.4335403 43.596,31.2975397 L43.944,31.9455397 C43.6879987,32.1055405 43.4040016,32.2455391 43.092,32.3655397 C42.7799984,32.4855403 42.424002,32.5455397 42.024,32.5455397 Z M40.188,29.0175397 L43.308,29.0175397 C43.308,28.4255367 43.1820013,27.9755412 42.93,27.6675397 C42.6779987,27.3595381 42.3240023,27.2055397 41.868,27.2055397 C41.659999,27.2055397 41.4620009,27.2455393 41.274,27.3255397 C41.0859991,27.4055401 40.9160008,27.5235389 40.764,27.6795397 C40.6119992,27.8355404 40.4860005,28.0255385 40.386,28.2495397 C40.2859995,28.4735408 40.2200002,28.7295382 40.188,29.0175397 Z M47.604,32.5455397 C46.8679963,32.5455397 46.2820022,32.2815423 45.846,31.7535397 C45.4099978,31.225537 45.192,30.4735445 45.192,29.4975397 C45.192,29.0255373 45.2619993,28.5995416 45.402,28.2195397 C45.5420007,27.8395378 45.7279988,27.517541 45.96,27.2535397 C46.1920012,26.9895383 46.4599985,26.7855404 46.764,26.6415397 C47.0680015,26.4975389 47.3879983,26.4255397 47.724,26.4255397 C48.0600017,26.4255397 48.3519988,26.4855391 48.6,26.6055397 C48.8480012,26.7255403 49.0999987,26.8895386 49.356,27.0975397 L49.308,26.1015397 L49.308,23.8575397 L50.304,23.8575397 L50.304,32.4015397 L49.488,32.4015397 L49.404,31.7175397 L49.368,31.7175397 C49.1359988,31.9415408 48.8700015,32.1355388 48.57,32.2995397 C48.2699985,32.4635405 47.9480017,32.5455397 47.604,32.5455397 Z M47.82,31.7175397 C48.0920014,31.7175397 48.3479988,31.6515403 48.588,31.5195397 C48.8280012,31.387539 49.0679988,31.185541 49.308,30.9135397 L49.308,27.8655397 C49.0599988,27.6415385 48.8220011,27.4835401 48.594,27.3915397 C48.3659989,27.2995392 48.1320012,27.2535397 47.892,27.2535397 C47.6599988,27.2535397 47.442001,27.3075391 47.238,27.4155397 C47.033999,27.5235402 46.8560008,27.6755387 46.704,27.8715397 C46.5519992,28.0675406 46.4320004,28.3015383 46.344,28.5735397 C46.2559996,28.845541 46.212,29.149538 46.212,29.4855397 C46.212,30.1895432 46.3519986,30.7375377 46.632,31.1295397 C46.9120014,31.5215416 47.3079974,31.7175397 47.82,31.7175397 Z" id="Featured" fill="#5C5C5C" fill-rule="nonzero"></path>
    	</g>
		</symbol>

	<symbol viewBox="0 0 70 70" id="icon-specials">
		<path class="st0" d="M70 35c0 19.3-15.7 35-35 35S0 54.3 0 35 15.7 0 35 0s35 15.7 35 35" fill="#ffffff"></path>
		<path class="st0" d="M66.7 35c0 17.5-14.2 31.7-31.7 31.7S3.3 52.5 3.3 35 17.5 3.3 35 3.3 66.7 17.5 66.7 35" fill="#ffffff"></path>
		<path class="st1" d="M35 60c-13.8 0-25-11.2-25-25s11.2-25 25-25 25 11.2 25 25-11.2 25-25 25m0-58.3C16.6 1.7 1.7 16.6 1.7 35S16.6 68.3 35 68.3 68.3 53.4 68.3 35 53.4 1.7 35 1.7" fill="#E01A22"></path>
		<path d="M36.3 25.8c-1.3 0-2.2.2-2.8.7-.6.4-.9 1-.9 1.8 0 .7.3 1.3.9 1.7.6.4 1.3.8 2.1 1.2.8.4 1.8.8 2.7 1.1 1 .4 1.9.9 2.7 1.6.8.6 1.5 1.4 2.1 2.4s.9 2.2.9 3.8c0 1.3-.2 2.4-.5 3.4-.3.9-.8 1.7-1.4 2.3-.6.6-1.3 1.1-2.1 1.5s-1.7.6-2.6.8V53l-5.1.2v-4.9c-.7 0-1.3-.1-2-.2s-1.3-.3-1.9-.5c-.4-.2-1-.4-1.4-.6-.5-.2-.8-.5-1-.7-.1-.1-.3-.3-.4-.5s-.1-.4-.1-.7.1-.7.2-1.2.3-1 .7-1.7c1.3.3 2.5.6 3.7.9 1.2.3 2.3.4 3.5.4s2.1-.2 2.7-.7c.6-.5.9-1.1.9-1.9s-.3-1.5-.9-2c-.6-.5-1.3-.9-2.1-1.3s-1.8-.8-2.7-1.1c-1-.4-1.9-.9-2.7-1.5-.8-.6-1.5-1.4-2.1-2.3-.6-.9-.9-2.2-.9-3.7 0-1.3.2-2.4.6-3.3s1-1.7 1.6-2.3c.7-.6 1.4-1.1 2.2-1.4.8-.3 1.6-.6 2.4-.7v-3c0-.3 0-.6.1-.9.1-.2.3-.4.6-.6s.7-.3 1.2-.3c.5-.1 1.1-.1 1.9-.1.5 0 .8.1 1.1.3.2.2.3.6.3 1.2l-.1 3.2c.4 0 .9.1 1.4.2.6.1 1.1.3 1.6.4s1 .4 1.5.6c.4.2.8.4 1 .6.1.1.2.3.3.5s.1.5.1.8-.1.7-.3 1.1c-.2.5-.4 1-.7 1.7-.8-.1-1.7-.3-2.8-.6-1.2-.4-2.3-.6-3.5-.6z"></path>
	</symbol>

	<symbol viewBox="0 0 30 30" id="icon-specials-tab">
		<path fill="#FFFFFF" d="M15,30C6.729,30,0,23.271,0,15C0,6.729,6.729,0,15,0s15,6.729,15,15C30,23.271,23.271,30,15,30L15,30z"></path>
		<path fill="#E01A22" d="M15,24.849c-5.437,0-9.85-4.411-9.85-9.849c0-5.437,4.413-9.85,9.85-9.85s9.848,4.413,9.848,9.85
			C24.848,20.438,20.437,24.849,15,24.849 M15,1.879C7.751,1.88,1.88,7.752,1.88,15c0,7.249,5.872,13.119,13.12,13.119
			c7.25,0,13.12-5.87,13.12-13.119C28.119,7.752,22.249,1.88,15,1.879"></path>
		<path d="M15.511,11.375c-0.511,0-0.865,0.079-1.102,0.276c-0.236,0.158-0.354,0.393-0.354,0.708c0,0.276,0.118,0.514,0.354,0.672
			c0.237,0.156,0.512,0.314,0.827,0.472c0.314,0.157,0.708,0.314,1.065,0.433c0.394,0.158,0.748,0.354,1.063,0.63
			c0.314,0.236,0.591,0.551,0.826,0.945c0.235,0.394,0.354,0.867,0.354,1.497c0,0.514-0.076,0.947-0.195,1.341
			c-0.113,0.339-0.301,0.648-0.553,0.903c-0.242,0.243-0.521,0.441-0.826,0.593c-0.314,0.157-0.669,0.235-1.025,0.315v1.931
			l-2.009,0.078v-1.932c-0.276,0-0.512-0.038-0.788-0.077s-0.513-0.119-0.749-0.198c-0.158-0.077-0.394-0.156-0.551-0.235
			c-0.15-0.062-0.285-0.155-0.395-0.275c-0.039-0.039-0.117-0.119-0.157-0.199c-0.04-0.076-0.04-0.155-0.04-0.274
			c0-0.116,0.04-0.276,0.08-0.472c0.039-0.197,0.117-0.396,0.276-0.671c0.512,0.12,0.983,0.236,1.458,0.355
			c0.472,0.118,0.905,0.158,1.378,0.158c0.473,0,0.827-0.079,1.063-0.277c0.232-0.179,0.363-0.456,0.354-0.747
			c0.009-0.303-0.122-0.593-0.354-0.788c-0.254-0.203-0.531-0.375-0.826-0.513c-0.345-0.168-0.701-0.313-1.064-0.434
			c-0.378-0.148-0.737-0.348-1.064-0.591c-0.324-0.253-0.604-0.56-0.827-0.906c-0.236-0.355-0.354-0.866-0.354-1.458
			c0-0.511,0.079-0.945,0.237-1.299c0.157-0.355,0.393-0.671,0.629-0.907c0.277-0.235,0.552-0.432,0.867-0.552
			c0.315-0.118,0.629-0.235,0.946-0.275V8.42c0-0.118,0-0.236,0.039-0.354c0.058-0.097,0.139-0.178,0.237-0.236
			c0.143-0.085,0.307-0.126,0.472-0.118C15,7.672,15.236,7.672,15.55,7.672c0.197,0,0.315,0.041,0.438,0.119
			c0.076,0.078,0.115,0.236,0.115,0.473l-0.039,1.26c0.157,0,0.354,0.04,0.553,0.079c0.235,0.04,0.433,0.118,0.629,0.157
			c0.197,0.04,0.395,0.159,0.591,0.238c0.157,0.078,0.314,0.156,0.394,0.236c0.04,0.04,0.079,0.118,0.119,0.196
			c0.038,0.079,0.038,0.197,0.038,0.316c0,0.117-0.038,0.275-0.117,0.432c-0.079,0.197-0.158,0.395-0.276,0.67
			c-0.373-0.053-0.741-0.132-1.102-0.236C16.448,11.458,15.983,11.377,15.511,11.375z"></path>
	</symbol>
	
	<symbol viewBox="0 0 96 24" id="icon-specials-badge">
		<g id="Roudel">
			<path class="st0" d="M2.3 13c0-4.5.7-8.9 1.9-13H1.8C.6 4.2 0 8.5 0 13c0 3.8.5 7.5 1.3 11h2.3c-.8-3.5-1.3-7.2-1.3-11zM91.8 0c1.2 4.1 1.9 8.5 1.9 13 0 3.8-.5 7.5-1.3 11h2.3c.8-3.5 1.3-7.2 1.3-11 0-4.5-.6-8.9-1.8-13h-2.4zm-9.5 13c0-4.6-.9-9-2.6-13H16.3c-1.6 4-2.6 8.4-2.6 13 0 3.8.6 7.5 1.8 11h64.9c1.2-3.4 1.9-7.1 1.9-11z" fill="#ffffff"></path>
			<path class="st1" d="M16.3 0H4.2C3 4.1 2.3 8.5 2.3 13c0 3.8.5 7.5 1.3 11h11.9c-1.2-3.5-1.8-7.2-1.8-11 0-4.6.9-9 2.6-13zm75.5 0H79.7c1.6 4 2.6 8.4 2.6 13 0 3.8-.6 7.5-1.8 11h11.9c.9-3.5 1.3-7.2 1.3-11 0-4.5-.7-8.9-1.9-13z" fill="#D61A22"></path>
		</g>
		<g id="Text">
			<path d="M22 8.5c-.7 0-1.1.3-1.1.9 0 .2.1.5.4.7.2.2.5.4.9.6.3.2.7.5 1.1.7s.8.6 1.1.9l.9 1.2c.2.5.4 1 .4 1.6 0 1.2-.4 2-1.1 2.6-.7.6-1.9.9-3.4.9-1 0-1.8-.1-2.5-.3s-1.1-.4-1.3-.7c-.1-.1-.1-.2-.2-.2 0-.1-.1-.2-.1-.4s0-.4.1-.6c.1-.2.2-.5.3-.9.6.2 1.2.3 1.7.4.5.1 1 .1 1.5.1.4 0 .7-.1.9-.2.2-.1.3-.4.3-.6 0-.3-.1-.5-.4-.8-.2-.2-.5-.5-.9-.7s-.6-.4-1-.7c-.4-.3-.8-.5-1.1-.9-.3-.3-.6-.7-.9-1.2-.2-.4-.4-1-.4-1.6 0-.6.1-1.1.3-1.6.2-.4.5-.8.9-1.1.4-.3.9-.5 1.4-.6s1.1-.2 1.7-.2c.9 0 1.6.1 2.2.3.6.2 1.1.4 1.2.6l.2.2s.1.2 0 .4c0 .2-.1.4-.1.6s0 .6-.2 1c-.4-.1-.8-.2-1.3-.2s-1-.2-1.5-.2zm4.7 3.3V6.1c.2 0 .4 0 .8-.1.3 0 .7 0 1.1-.1.4 0 .8 0 1.3-.1h1.4c.7 0 1.4.1 2.1.3s1.2.5 1.6.8c.5.4.8.8 1.1 1.4.3.6.4 1.2.4 2 0 .7-.1 1.4-.4 1.9-.2.5-.6 1-1 1.3-.4.3-.9.6-1.5.8-.6.2-1.2.2-1.9.2h-.6c-.3 0-.5 0-.7-.1v4l-3.6.1v-6c-.1-.2-.1-.5-.1-.7zm4.2.3c.2 0 .4 0 .6-.1.2-.1.4-.2.5-.3.1-.1.3-.3.4-.5.1-.2.1-.5.1-.9 0-.3 0-.6-.1-.8-.1-.3-.2-.5-.4-.6-.1-.1-.3-.2-.5-.3s-.4-.1-.6-.1h-.7v3.4h.3s.2.2.4.2zm9.9 3.9h3.9s.4 0 .5-.1c0 .1.1.4.1.7 0 .3.1.6.1.9 0 .4-.1.6-.3.8-.2.2-.6.3-1.1.3h-6.8V6.2h8V8c0 .2 0 .3-.1.4 0 .1-.1.1-.1.2-.1.1-.2.1-.3.1h-4V11h3.9v2.4h-3.9l.1 2.6zm8.9-3.5c0 1.1.3 2 .8 2.6.5.6 1.2.9 2.1.9.4 0 .7 0 1-.1.3 0 .5-.1.7-.2.1.4.2.7.2.9 0 .2.1.4.1.6s0 .3-.1.4-.1.2-.2.2c-.2.2-.5.4-1 .5s-1 .2-1.7.2c-.9 0-1.7-.1-2.4-.3s-1.3-.6-1.8-1.1c-.5-.5-.9-1.1-1.1-1.9s-.3-1.6-.3-2.7c0-2.2.5-3.9 1.4-5s2.3-1.6 4.1-1.6c.7 0 1.2.1 1.7.2s.8.3 1 .5c.1.1.1.2.2.2 0 .1.1.2.1.4s0 .4-.1.6-.1.5-.2.9c-.1 0-.4-.1-.6-.1-.3-.1-.6-.1-1-.1-.9 0-1.6.3-2.1 1-.6.7-.8 1.7-.8 3zm5.9-.1V7.1c0-.2 0-.4.1-.5 0-.1.2-.3.3-.3.2-.1.4-.1.8-.2.2-.1.7-.1 1.3-.1.4 0 .7.1.9.2.2.1.3.3.3.7v11.8l-3.6.1v-4.1c-.1-.9-.1-1.6-.1-2.3zM66.8 6c.5 0 .9 0 1.2.2.3.1.5.4.6.8l3 10.1c.1.3.1.6.1.8s-.1.4-.2.5c-.1.1-.2.1-.2.2-.1 0-.3.1-.5.1H68l-.8-2.9h-3.3l-.7 2.9h-2.5c-.2 0-.3 0-.4-.1-.1 0-.1-.1-.2-.2s-.2-.3-.3-.5c0-.2 0-.4.1-.8l3-10c.1-.2.1-.4.3-.6s.3-.3.5-.4c.3 0 .6 0 1.1-.1s1.1 0 2 0zm-1.1 3l-.2-.9-.1.9-1 4.2h2.4L65.7 9zm11.8 6.9h1.7s.4 0 .5-.1c0 .1 0 .2.1.3 0 .1 0 .3.1.4 0 .2 0 .3.1.5v.5c0 .4-.1.6-.3.8-.2.2-.6.3-1.1.3h-6.3V7.1c0-.2 0-.4.1-.5 0-.1.2-.3.3-.3.2-.1.4-.1.8-.2.3-.1.7-.1 1.3-.1.4 0 .7.1.9.2.2.1.3.3.3.7l-.1 9h1.6z" id="Layer_2"></path>
		</g>
	</symbol>
    
    <symbol id="icon-crosssell" viewBox="0 9.417 22.875 13.25">
        <path fill="#5C5C5C" d="M16.355,22.538c-0.348,0-0.672-0.134-0.917-0.373c-0.503-0.496-0.503-1.31,0.001-1.805l2.358-3.072
            c0.33-0.325,0.518-0.772,0.518-1.249c0-0.474-0.189-0.919-0.531-1.255l-2.333-3.055c-0.516-0.512-0.516-1.321-0.013-1.82
            c0.245-0.239,0.571-0.371,0.917-0.371c0.35,0,0.676,0.132,0.918,0.372l5.197,5.225c0.244,0.242,0.379,0.562,0.379,0.901
            c0.002,0.342-0.135,0.661-0.381,0.904l-5.195,5.225C17.025,22.404,16.701,22.538,16.355,22.538L16.355,22.538z"></path>
        <path fill="#5C5C5C" d="M6.492,9.538c0.347,0,0.672,0.133,0.918,0.373c0.502,0.498,0.502,1.309-0.001,1.805l-2.358,3.069
            c-0.329,0.325-0.517,0.773-0.517,1.248c0.001,0.474,0.189,0.921,0.531,1.256l2.334,3.056c0.515,0.511,0.515,1.324,0.012,1.823
            c-0.245,0.236-0.571,0.37-0.918,0.37c-0.349,0-0.676-0.134-0.918-0.373l-5.196-5.228C0.135,16.697,0,16.378,0,16.037
            c-0.001-0.341,0.135-0.662,0.38-0.905l5.194-5.221C5.82,9.671,6.145,9.538,6.492,9.538L6.492,9.538z"></path>
        <rect x="4.143" y="14.566" fill="#5C5C5C" width="15.525" height="2.943"></rect>
    </symbol>
	
	<symbol viewBox="0 0 31 31" id="icon-specialty-stores">
		<g transform="translate(2.527 2.5)" stroke="#FFF" stroke-width="2" fill="none" fill-rule="evenodd">
			<circle fill="#454543" cx="13" cy="13" r="14"></circle>
			<path d="M20.354 9.606V8.393A1.893 1.893 0 0 0 18.46 6.5h-1.212a1.893 1.893 0 0 0-1.894 1.893v1.213c0 1.046.848 1.894 1.894 1.894h1.212a1.894 1.894 0 0 0 1.894-1.894zm-9 0V8.393A1.893 1.893 0 0 0 9.46 6.5H8.248a1.893 1.893 0 0 0-1.894 1.893v1.213c0 1.046.848 1.894 1.894 1.894H9.46a1.894 1.894 0 0 0 1.894-1.894zM9.46 20.5H8.248a1.894 1.894 0 0 1-1.894-1.894v-1.213c0-1.046.848-1.893 1.894-1.893H9.46c1.046 0 1.894.847 1.894 1.893v1.213A1.894 1.894 0 0 1 9.46 20.5zM20.354 18h-5 5zm-2.5 2.5v-5 5z" stroke-linecap="round"></path>
		</g>
	</symbol>

	<symbol viewBox="0 0 14 12" id="icon-tick">
		<path d="M13.914,0.055 C13.166,-0.552 7.364,4.349 4.444,6.968 C2.725,5.744 0.492,4.446 0.105,4.927 C-0.493,5.674 1.939,10.213 2.704,11.157 C2.758,11.224 2.835,11.256 2.893,11.314 C2.952,11.375 2.983,11.450 3.051,11.506 C3.112,11.554 3.187,11.571 3.254,11.613 C3.361,11.683 3.470,11.738 3.587,11.790 C3.758,11.865 3.923,11.922 4.104,11.956 C4.197,11.973 4.286,11.981 4.380,11.988 C4.590,12.003 4.793,11.995 5.002,11.957 C5.076,11.944 5.145,11.925 5.218,11.903 C5.439,11.841 5.642,11.750 5.839,11.626 C5.868,11.607 5.903,11.604 5.932,11.584 C5.964,11.561 5.979,11.528 6.009,11.505 C6.106,11.430 6.219,11.384 6.303,11.293 C7.138,10.395 14.874,0.833 13.914,0.055 Z" id="icon-tick-path-1" fill-rule="evenodd"></path>
	</symbol>
	
	<symbol viewBox="0 0 113.39 113.39" id="icon-plus">
		<polygon points="113.389,42.365 71.028,42.365 71.028,0.004 42.361,0.004 42.361,42.365 0,42.365 0,71.031 42.361,71.032 
		42.361,113.394 71.028,113.394 71.028,71.032 113.389,71.033 "></polygon>
	</symbol>
	
	<symbol viewBox="-414.238 281.139 25 29" id="icon-up">
        <path d="M-389.747,291.718l-10.511-9.897c-0.052-0.063-0.077-0.135-0.139-0.194c-0.363-0.337-0.843-0.496-1.319-0.488
            c-0.476-0.008-0.954,0.151-1.316,0.488c-0.062,0.059-0.088,0.131-0.139,0.194l-10.512,9.897c-0.71,0.659-0.71,1.726,0,2.384
            c0.708,0.66,1.858,0.66,2.57,0l7.521-7.083v21.24c0,1.038,0.839,1.881,1.874,1.881c1.035,0,1.875-0.843,1.875-1.881v-21.241
            l7.525,7.085c0.708,0.66,1.86,0.66,2.569,0C-389.038,293.444-389.038,292.376-389.747,291.718z"></path>
    </symbol>

	<symbol id="icon-roundedtick" viewBox="0 0 16 13">
		<path d="M15.083,1.167c-0.612-0.65-1.605-0.65-2.218,0L5.69,8.318L3.092,5.944c-0.613-0.65-1.605-0.65-2.218,0
		s-0.613,1.704,0,2.354l3.707,3.552c0.294,0.312,0.692,0.488,1.109,0.488c0.416,0,0.815-0.176,1.109-0.488l8.284-8.329
		C15.696,2.87,15.696,1.816,15.083,1.167z"></path>
	</symbol>
    
    <symbol viewBox="0 0 65 65" id="icon-success">
        <circle fill="#0B8B44" cx="32.5" cy="32.5" r="32.5"></circle>
        <path fill="#FFFFFF" d="M47.604,22.125c-1.26-1.338-3.303-1.338-4.564,0L28.268,36.852l-5.349-4.889c-1.261-1.34-3.303-1.34-4.565,0
            s-1.262,3.511,0,4.848l7.631,7.312c0.605,0.643,1.424,1.005,2.283,1.005c0.856,0,1.678-0.362,2.283-1.005l17.053-17.151
            C48.865,25.631,48.865,23.461,47.604,22.125z"></path>
	</symbol>
	
    <symbol viewBox="0 0 65 65" id="icon-success-white">
        <circle fill="#FFFFFF" cx="32.5" cy="32.5" r="32.5"></circle>
        <path fill="#0B8B44" d="M47.604,22.125c-1.26-1.338-3.303-1.338-4.564,0L28.268,36.852l-5.349-4.889c-1.261-1.34-3.303-1.34-4.565,0
            s-1.262,3.511,0,4.848l7.631,7.312c0.605,0.643,1.424,1.005,2.283,1.005c0.856,0,1.678-0.362,2.283-1.005l17.053-17.151
            C48.865,25.631,48.865,23.461,47.604,22.125z"></path>
    </symbol>
	
	<symbol viewBox="0 0 22 22" id="radio-checked">
		<path fill="#909090" d="M11,1c5.514,0,10,4.486,10,10c0,5.514-4.486,10-10,10C5.486,21,1,16.514,1,11C1,5.486,5.486,1,11,1 M11,0
			C4.925,0,0,4.925,0,11s4.925,11,11,11s11-4.925,11-11S17.075,0,11,0L11,0z"></path>
		<circle fill="#4C4C4D" cx="11" cy="11" r="5"></circle>
	</symbol>

	<symbol viewBox="0 0 22 22" id="radio-focus">
		<path fill="#45A7DE" d="M11,1c5.514,0,10,4.486,10,10c0,5.514-4.486,10-10,10C5.486,21,1,16.514,1,11C1,5.486,5.486,1,11,1 M11,0
			C4.925,0,0,4.925,0,11s4.925,11,11,11s11-4.925,11-11S17.075,0,11,0L11,0z"></path>
	</symbol>

	<symbol viewBox="0 0 22 22" id="radio-unchecked">
		<path fill="#CCCCCC" d="M11,1c5.514,0,10,4.486,10,10c0,5.514-4.486,10-10,10C5.486,21,1,16.514,1,11C1,5.486,5.486,1,11,1 M11,0
			C4.925,0,0,4.925,0,11s4.925,11,11,11s11-4.925,11-11S17.075,0,11,0L11,0z"></path>
	</symbol>

	<!--Superbar Icons-->
	<symbol viewBox="0 0 31.039 25.229" id="icon-feedback">
		<path d="M7.254,25.229c-0.104,0-0.209-0.021-0.31-0.063c-0.302-0.127-0.498-0.428-0.498-0.762v-6.495H5.254
		C2.357,17.909,0,15.504,0,12.549V5.604c0-2.956,2.357-5.36,5.254-5.36h20.517c2.897,0,5.254,2.404,5.254,5.36v6.945
		c0,2.956-2.357,5.36-5.254,5.36H14.763l-6.937,7.078C7.671,25.145,7.464,25.229,7.254,25.229z M5.254,1.893
		c-2.006,0-3.638,1.665-3.638,3.711v6.945c0,2.046,1.632,3.711,3.638,3.711h2c0.446,0,0.808,0.369,0.808,0.824v5.328l5.794-5.911
		c0.152-0.155,0.358-0.241,0.572-0.241h11.342c2.006,0,3.638-1.665,3.638-3.711V5.604c0-2.047-1.632-3.711-3.638-3.711H5.254z"></path>
	</symbol>
	
	<symbol viewBox="0 0 29 40" id="icon-orders">
        <path d="M28.924,6.289c-0.047-0.114-0.115-0.221-0.207-0.315c-0.002,0-0.002-0.001-0.002-0.001
            c-0.006-0.003-0.002-0.002-0.002-0.002c-0.002-0.001-0.002-0.002-0.002-0.002s-0.002,0-0.004-0.002L23.32,0.579
            c-0.002-0.002-0.002-0.003-0.004-0.003c0-0.003-0.002-0.003-0.002-0.003l0,0c-0.191-0.188-0.443-0.287-0.701-0.287
            c-0.002,0-0.006,0-0.008,0H3.756c-2.278,0-3.694,1.416-3.694,3.694v32.327C0.062,38.584,1.478,40,3.756,40h21.551
            C27.584,40,29,38.584,29,36.305V6.673C29,6.537,28.975,6.407,28.924,6.289z M23.614,3.701l1.973,1.973h-1.973V3.701z M27,36.307
            C27,37.479,26.479,38,25.307,38H3.756c-1.172,0-1.694-0.521-1.694-1.693V3.98c0-1.172,0.523-1.694,1.694-1.694h17.857v4.388
            c0,0.552,0.447,1,1,1H27V36.307z"></path>
        <path d="M19.919,31.918H9.145c-0.552,0-1-0.447-1-1s0.448-1,1-1h10.774c0.554,0,1,0.447,1,1
            S20.473,31.918,19.919,31.918L19.919,31.918z"></path>
        <path d="M19.919,23.836H9.145c-0.552,0-1-0.447-1-1s0.448-1,1-1h10.774c0.554,0,1,0.447,1,1
            S20.473,23.836,19.919,23.836L19.919,23.836z"></path>
        <path d="M19.919,15.755H9.145c-0.552,0-1-0.448-1-1s0.448-1,1-1h10.774c0.554,0,1,0.448,1,1
            S20.473,15.755,19.919,15.755L19.919,15.755z"></path>
    </symbol>

    
    <symbol viewBox="0 0 34 31.719" id="icon-past-orders">
        <path d="M31.933,18.688 C30.684,17.667 29.043,17.416 27.282,17.944 C27.444,17.543 27.672,17.110 27.971,16.813 C28.266,16.521 28.270,16.042 27.981,15.744 C27.693,15.446 27.219,15.442 26.923,15.733 C26.213,16.436 25.838,17.443 25.659,18.069 C25.399,17.975 25.142,17.900 24.887,17.840 C24.878,14.911 22.917,7.908 19.867,6.101 L19.270,1.616 C19.138,0.694 18.343,-0.001 17.420,-0.001 L15.814,-0.001 C14.893,-0.001 14.096,0.694 13.964,1.623 L13.359,6.103 C11.845,7.001 10.600,9.169 9.729,11.500 C9.699,11.496 9.674,11.482 9.643,11.482 L0.811,11.482 C0.360,11.482 -0.006,11.851 -0.006,12.307 L-0.006,30.906 C-0.006,31.362 0.360,31.732 0.811,31.732 L12.546,31.732 L14.116,31.732 L20.681,31.732 C21.387,31.732 22.079,31.547 22.694,31.209 C23.258,31.542 23.803,31.667 24.309,31.667 C24.868,31.667 25.379,31.522 25.816,31.359 C25.868,31.345 25.949,31.333 26.109,31.305 C26.139,31.299 26.180,31.299 26.302,31.300 C26.355,31.296 26.398,31.299 26.512,31.319 C26.591,31.333 26.671,31.345 26.695,31.350 C27.671,31.712 28.967,31.982 30.345,30.862 C30.345,30.862 30.346,30.862 30.346,30.861 L30.427,30.800 C33.379,28.570 33.999,25.667 33.999,23.624 C33.999,21.289 33.420,19.905 31.933,18.688 ZM15.582,1.853 C15.598,1.737 15.698,1.649 15.814,1.649 L17.420,1.649 C17.536,1.649 17.637,1.736 17.652,1.844 L18.158,5.646 L15.069,5.646 L15.582,1.853 ZM1.628,13.132 L9.184,13.132 C8.642,14.966 8.340,16.728 8.340,17.862 L8.340,27.482 C8.340,28.466 8.686,29.361 9.243,30.082 L1.628,30.082 L1.628,13.132 ZM14.116,30.082 L12.546,30.082 C11.127,30.082 9.973,28.915 9.973,27.482 L9.973,17.862 C9.973,14.850 12.387,7.658 14.684,7.314 C14.702,7.311 14.717,7.300 14.734,7.296 L18.493,7.296 C18.511,7.300 18.525,7.311 18.544,7.314 C20.800,7.652 23.163,14.585 23.247,17.687 C22.262,17.741 21.359,18.070 20.602,18.688 C19.117,19.906 18.538,21.289 18.538,23.624 C18.538,25.435 19.034,27.919 21.199,30.013 C21.029,30.048 20.857,30.082 20.681,30.082 L14.116,30.082 ZM29.531,29.588 L29.406,29.685 C29.406,29.685 29.405,29.685 29.405,29.685 C28.746,30.221 28.170,30.287 27.206,29.929 C27.122,29.898 26.945,29.861 26.689,29.815 C26.549,29.790 26.399,29.782 26.302,29.789 C26.136,29.780 25.989,29.790 25.775,29.828 C25.595,29.860 25.416,29.898 25.328,29.931 C24.368,30.287 23.792,30.223 23.132,29.686 L23.006,29.588 C20.551,27.734 20.035,25.321 20.035,23.624 C20.035,21.737 20.416,20.788 21.545,19.863 C22.166,19.356 22.858,19.179 23.521,19.179 C24.120,19.179 24.696,19.324 25.173,19.499 C25.293,19.542 25.510,19.587 25.729,19.626 L25.848,19.648 C25.983,19.673 26.118,19.684 26.284,19.687 C26.419,19.684 26.555,19.673 26.685,19.648 L26.808,19.626 C27.027,19.587 27.245,19.542 27.367,19.498 C28.367,19.131 29.809,18.897 30.991,19.863 C32.121,20.788 32.502,21.737 32.502,23.624 C32.502,25.321 31.986,27.734 29.531,29.588 Z"></path>
    </symbol>

	<symbol viewBox="0 0 30 31" id="icon-past-orders-tab">
		<g transform="translate(2 2.5)" stroke="#FFF" stroke-width="2" fill="none" fill-rule="evenodd">
			<circle fill="#454543" cx="13" cy="13" r="14"></circle>
			<path d="M11 17h4-4zm0-3h4-4zm0-3h4-4zm5-5v2h2l-2-2zm2 2v11c0 .641-.359 1-1 1H9c-.641 0-1-.359-1-1V7c0-.641.359-1 1-1h7l2 2z" stroke-linecap="round" stroke-linejoin="round"></path>
		</g>
	</symbol>

	<symbol viewBox="0 0 27 35" id="icon-past-orders-superbar">
		<path d="M8.543 26.929h9.429-9.429zm0-7.072h9.429-9.429zm0-7.071h9.429-9.429zM20.33 1v4.714h4.714L20.33 1zm4.714 4.714v25.929c0 1.51-.846 2.357-2.357 2.357H3.829c-1.511 0-2.357-.846-2.357-2.357V3.357C1.472 1.847 2.318 1 3.829 1h16.5l4.714 4.714z" stroke="#D0D0D0" stroke-width="2" fill="none" fill-rule="evenodd" stroke-linecap="round" stroke-linejoin="round"></path>
	</symbol>
        
    <symbol viewBox="0 0 113.91 101" id="icon-notauthorised">
      <path d="M111.912,11.925 L110.496,11.925 L110.496,8.381 C110.496,3.757 106.755,-0.006 102.156,-0.006 C97.444,-0.006 93.610,3.849 93.610,8.588 L93.610,11.925 L92.195,11.925 C91.091,11.925 90.197,12.825 90.197,13.935 L90.197,19.887 L23.287,14.164 C23.283,14.164 23.280,14.166 23.276,14.165 C23.270,14.165 23.266,14.162 23.261,14.161 L2.419,12.604 C1.181,12.530 0.094,13.443 0.001,14.691 C-0.092,15.936 0.842,17.020 2.085,17.113 L20.836,18.515 L20.836,65.621 C20.836,73.664 25.805,80.558 32.825,83.411 C30.998,85.277 29.863,87.826 29.863,90.640 C29.863,96.345 34.495,100.985 40.186,100.985 C45.880,100.985 50.511,96.345 50.511,90.640 C50.511,88.483 49.844,86.480 48.711,84.821 L85.618,84.821 C84.485,86.480 83.818,88.483 83.818,90.640 C83.818,96.345 88.449,100.985 94.143,100.985 C99.835,100.985 104.466,96.345 104.466,90.640 C104.466,84.938 99.835,80.299 94.143,80.299 L40.001,80.299 C31.922,80.299 25.350,73.714 25.350,65.621 L25.350,60.105 L97.508,60.105 C101.570,60.105 104.876,56.793 104.876,52.724 L104.876,32.467 L111.912,32.467 C113.016,32.467 113.910,31.567 113.910,30.458 L113.910,13.935 C113.910,12.825 113.016,11.925 111.912,11.925 ZM94.143,84.821 C97.346,84.821 99.952,87.432 99.952,90.640 C99.952,93.852 97.346,96.463 94.143,96.463 C90.939,96.463 88.332,93.852 88.332,90.640 C88.332,87.432 90.939,84.821 94.143,84.821 ZM40.186,84.821 C43.391,84.821 45.997,87.432 45.997,90.640 C45.997,93.852 43.391,96.463 40.186,96.463 C36.984,96.463 34.377,93.852 34.377,90.640 C34.377,87.432 36.984,84.821 40.186,84.821 ZM97.606,8.588 C97.606,6.065 99.647,4.013 102.156,4.013 C104.551,4.013 106.500,5.972 106.500,8.381 L106.500,11.925 L97.606,11.925 L97.606,8.588 ZM41.531,55.583 L25.350,55.583 L25.350,40.290 L41.531,40.290 L41.531,55.583 ZM41.531,37.393 L25.350,37.393 L25.350,18.880 L41.531,20.274 L41.531,37.393 ZM61.413,55.583 L44.419,55.583 L44.419,40.290 L61.413,40.290 L61.413,55.583 ZM61.413,22.574 L61.413,37.393 L44.419,37.393 L44.419,20.522 L61.536,21.997 C61.458,22.175 61.413,22.369 61.413,22.574 ZM64.301,55.583 L64.301,40.290 L81.293,40.290 L81.293,55.438 C81.293,55.490 81.316,55.533 81.322,55.583 L64.301,55.583 ZM81.293,24.284 L81.293,37.393 L64.301,37.393 L64.301,22.574 C64.301,22.452 64.260,22.343 64.232,22.229 L81.415,23.709 C81.338,23.887 81.293,24.080 81.293,24.284 ZM100.362,52.724 C100.362,54.300 99.081,55.583 97.508,55.583 L84.152,55.583 C84.158,55.533 84.182,55.490 84.182,55.438 L84.182,40.290 L100.362,40.290 L100.362,52.724 ZM100.362,37.393 L84.182,37.393 L84.182,24.284 C84.182,24.163 84.140,24.055 84.112,23.942 L84.178,23.947 C86.343,24.117 88.338,24.268 90.197,24.405 L90.197,30.458 C90.197,31.567 91.091,32.467 92.195,32.467 L100.362,32.467 L100.362,37.393 ZM109.914,28.448 L94.193,28.448 L94.193,15.944 L109.914,15.944 L109.914,28.448 Z" class="cls-1"></path>
    </symbol>


	<symbol viewBox="0 0 25 32" id="icon-recipes-plain">
		<path d="M21.023,31.999 C18.828,31.999 17.043,30.207 17.043,28.005 C17.043,27.963 17.047,27.922 17.054,27.882 C17.054,27.882 18.781,18.093 18.781,18.093 C18.781,18.093 18.624,18.093 18.624,18.093 C17.416,18.093 16.434,17.107 16.434,15.894 C16.434,15.894 16.434,7.825 16.434,7.825 C16.434,4.653 19.484,0.540 23.416,-0.008 C23.813,-0.060 24.220,0.059 24.523,0.323 C24.828,0.589 25.003,0.975 25.003,1.379 C25.003,1.379 25.003,28.005 25.003,28.005 C25.003,30.207 23.217,31.999 21.023,31.999 ZM23.595,1.379 C20.414,1.838 17.842,5.276 17.842,7.825 C17.842,7.825 17.842,15.894 17.842,15.894 C17.842,16.327 18.192,16.680 18.624,16.680 C18.624,16.680 19.535,16.680 19.535,16.680 C19.560,16.677 19.582,16.665 19.608,16.665 C19.608,16.665 21.705,16.665 21.705,16.665 C22.093,16.665 22.409,16.982 22.409,17.372 C22.409,17.762 22.093,18.078 21.705,18.078 C21.705,18.078 20.213,18.078 20.213,18.078 C20.213,18.078 18.451,28.063 18.451,28.063 C18.482,29.459 19.624,30.586 21.023,30.586 C22.441,30.586 23.595,29.428 23.595,28.005 C23.595,28.005 23.595,1.379 23.595,1.379 ZM8.249,14.234 C8.249,14.234 9.411,27.945 9.411,27.945 C9.414,30.208 7.628,32.000 5.434,32.000 C3.239,32.000 1.454,30.208 1.454,28.005 C1.454,28.005 2.603,14.234 2.603,14.234 C1.111,13.888 -0.004,12.544 -0.004,10.943 C-0.004,10.943 -0.004,8.803 -0.004,8.803 C-0.004,8.803 -0.004,8.261 -0.004,8.261 C-0.004,8.261 -0.004,0.851 -0.004,0.851 C-0.004,0.461 0.312,0.145 0.700,0.145 C1.089,0.145 1.404,0.461 1.404,0.851 C1.404,0.851 1.404,8.261 1.404,8.261 C1.404,8.261 1.404,8.803 1.404,8.803 C1.404,8.803 1.404,10.943 1.404,10.943 C1.404,12.026 2.282,12.907 3.361,12.907 C3.558,12.907 3.746,12.990 3.879,13.135 C4.012,13.280 4.079,13.475 4.062,13.672 C4.062,13.672 2.860,28.064 2.860,28.064 C2.862,29.429 4.016,30.587 5.434,30.587 C6.852,30.587 8.006,29.429 8.006,28.005 C8.006,28.005 6.789,13.673 6.789,13.673 C6.772,13.476 6.838,13.281 6.972,13.135 C7.105,12.990 7.293,12.907 7.490,12.907 C8.569,12.907 9.446,12.026 9.446,10.943 C9.446,10.943 9.446,8.803 9.446,8.803 C9.446,8.803 9.446,8.261 9.446,8.261 C9.446,8.261 9.446,0.851 9.446,0.851 C9.446,0.461 9.762,0.145 10.150,0.145 C10.539,0.145 10.854,0.461 10.854,0.851 C10.854,0.851 10.854,8.261 10.854,8.261 C10.854,8.261 10.854,8.803 10.854,8.803 C10.854,8.803 10.854,10.943 10.854,10.943 C10.854,12.544 9.740,13.887 8.249,14.234 ZM7.000,9.509 C6.612,9.509 6.296,9.193 6.296,8.803 C6.296,8.803 6.296,0.851 6.296,0.851 C6.296,0.461 6.612,0.145 7.000,0.145 C7.389,0.145 7.704,0.461 7.704,0.851 C7.704,0.851 7.704,8.803 7.704,8.803 C7.704,9.193 7.389,9.509 7.000,9.509 ZM3.850,9.509 C3.462,9.509 3.147,9.193 3.147,8.803 C3.147,8.803 3.147,0.851 3.147,0.851 C3.147,0.461 3.462,0.145 3.850,0.145 C4.239,0.145 4.554,0.461 4.554,0.851 C4.554,0.851 4.554,8.803 4.554,8.803 C4.554,9.193 4.239,9.509 3.850,9.509 Z" id="icon-recipes-plain-path-1" fill-rule="evenodd"></path>
	</symbol>

	<symbol id="icon-account" viewBox="0 0 30 31">
		<path d="M18.549,16.662c2.318-2.053,3.684-5.796,3.684-8.619c0.037-4.21-3.262-7.892-7.26-8.043
			c-3.944,0.15-7.244,3.835-7.206,8.041c-0.001,2.822,1.366,6.566,3.697,8.621C5.13,16.742,0,21.977,0,28.408v1.844
			C0,30.666,0.331,31,0.738,31h28.523C29.67,31,30,30.666,30,30.252v-1.844C30,21.98,24.877,16.75,18.549,16.662 M9.243,8.035
			c-0.031-3.426,2.618-6.422,5.729-6.542c3.166,0.122,5.814,3.116,5.785,6.542v0.006c0,3.354-2.34,8.35-5.562,8.613h-0.354
			C11.583,16.391,9.242,11.395,9.243,8.035 M28.523,29.506H1.476v-1.098c0-5.656,4.545-10.26,10.132-10.26h3.224
			c0.063,0.004,0.124,0.02,0.188,0.021c0.063-0.002,0.123-0.018,0.186-0.021h3.187c5.586,0,10.131,4.604,10.131,10.26V29.506z"></path>
	</symbol>


	<symbol viewBox="0 0 35 21" id="icon-delivery">
		<path d="M32.462,18.462 C32.462,18.462 31.851,18.462 31.851,18.462 C31.574,20.024 30.231,21.215 28.613,21.215 C26.995,21.215 25.652,20.024 25.374,18.462 C25.374,18.462 17.985,18.462 17.985,18.462 C17.707,20.024 16.364,21.215 14.746,21.215 C13.128,21.215 11.785,20.024 11.508,18.462 C11.508,18.462 8.579,18.462 8.579,18.462 C8.256,18.462 7.994,18.197 7.994,17.869 C7.994,17.869 7.994,8.734 7.994,8.734 C7.994,8.734 5.719,8.734 5.719,8.734 C5.512,8.734 5.345,8.563 5.345,8.354 C5.345,8.144 5.512,7.974 5.719,7.974 C5.719,7.974 7.994,7.974 7.994,7.974 C7.994,7.974 7.994,4.889 7.994,4.889 C7.994,4.889 3.380,4.889 3.380,4.889 C3.173,4.889 3.006,4.718 3.006,4.509 C3.006,4.299 3.173,4.129 3.380,4.129 C3.380,4.129 7.994,4.129 7.994,4.129 C7.994,4.129 7.994,0.595 7.994,0.595 C7.994,0.268 8.256,0.002 8.579,0.002 C8.579,0.002 24.975,0.002 24.975,0.002 C25.298,0.002 25.560,0.268 25.560,0.595 C25.560,0.595 25.560,4.806 25.560,4.806 C25.560,4.806 25.560,5.117 25.560,5.117 C25.560,5.117 29.593,5.117 29.593,5.117 C30.358,5.117 31.066,5.536 31.442,6.211 C31.442,6.211 34.510,11.717 34.510,11.717 C34.559,11.806 34.585,11.907 34.585,12.009 C34.585,12.009 34.585,16.309 34.585,16.309 C34.585,17.496 33.633,18.462 32.462,18.462 ZM28.613,20.147 C29.851,20.147 30.858,19.125 30.858,17.869 C30.858,16.614 29.851,15.592 28.613,15.592 C27.375,15.592 26.368,16.614 26.368,17.869 C26.368,19.125 27.375,20.147 28.613,20.147 ZM14.746,20.147 C15.984,20.147 16.991,19.125 16.991,17.869 C16.991,16.614 15.984,15.592 14.746,15.592 C13.508,15.592 12.501,16.614 12.501,17.869 C12.501,19.125 13.508,20.147 14.746,20.147 ZM30.424,6.795 C30.255,6.492 29.937,6.304 29.593,6.304 C29.593,6.304 25.560,6.304 25.560,6.304 C25.560,6.304 25.560,11.308 25.560,11.308 C25.560,11.308 32.938,11.308 32.938,11.308 C32.938,11.308 30.424,6.795 30.424,6.795 ZM33.416,12.495 C33.416,12.495 24.975,12.495 24.975,12.495 C24.652,12.495 24.390,12.229 24.390,11.901 C24.390,11.901 24.390,5.710 24.390,5.710 C24.390,5.710 24.390,4.806 24.390,4.806 C24.390,4.806 24.390,1.188 24.390,1.188 C24.390,1.188 9.164,1.188 9.164,1.188 C9.164,1.188 9.164,4.129 9.164,4.129 C9.164,4.129 12.089,4.129 12.089,4.129 C12.295,4.129 12.463,4.299 12.463,4.509 C12.463,4.718 12.295,4.889 12.089,4.889 C12.089,4.889 9.164,4.889 9.164,4.889 C9.164,4.889 9.164,7.974 9.164,7.974 C9.164,7.974 12.089,7.974 12.089,7.974 C12.295,7.974 12.463,8.144 12.463,8.354 C12.463,8.563 12.295,8.734 12.089,8.734 C12.089,8.734 9.164,8.734 9.164,8.734 C9.164,8.734 9.164,17.276 9.164,17.276 C9.164,17.276 11.508,17.276 11.508,17.276 C11.785,15.714 13.128,14.524 14.746,14.524 C16.364,14.524 17.707,15.714 17.985,17.276 C17.985,17.276 25.374,17.276 25.374,17.276 C25.652,15.714 26.995,14.524 28.613,14.524 C30.231,14.524 31.574,15.714 31.851,17.276 C31.851,17.276 32.462,17.276 32.462,17.276 C32.988,17.276 33.416,16.842 33.416,16.309 C33.416,16.309 33.416,12.495 33.416,12.495 ZM3.754,8.354 C3.754,8.563 3.586,8.734 3.380,8.734 C3.380,8.734 2.700,8.734 2.700,8.734 C2.494,8.734 2.326,8.563 2.326,8.354 C2.326,8.144 2.494,7.974 2.700,7.974 C2.700,7.974 3.380,7.974 3.380,7.974 C3.586,7.974 3.754,8.144 3.754,8.354 ZM1.041,4.889 C1.041,4.889 0.361,4.889 0.361,4.889 C0.154,4.889 -0.013,4.718 -0.013,4.509 C-0.013,4.299 0.154,4.129 0.361,4.129 C0.361,4.129 1.041,4.129 1.041,4.129 C1.247,4.129 1.415,4.299 1.415,4.509 C1.415,4.718 1.247,4.889 1.041,4.889 Z" id="icon-delivery-path-1" fill-rule="evenodd"></path>
	</symbol>
    
    <symbol id="icon-free-delivery-roundal" viewBox="0 0 164 60.009">
        <g opacity="0.3">
            <path d="M45.842,29.96h5.449c1.657,0,3-1.343,3-3v-6.375h5.423c0.513,0,0.988-0.141,1.411-0.367v6.742c0,1.657,1.343,3,3,3h5.449
                c1.657,0,3-1.343,3-3v-1.676l2.654,3.491c0.567,0.746,1.451,1.185,2.388,1.185h6.68c0.547,0,1.069-0.152,1.522-0.42
                c0.444,0.26,0.955,0.42,1.507,0.42h14.751c0.638,0,1.227-0.202,1.713-0.541c0.485,0.339,1.074,0.541,1.713,0.541h14.754
                c1.656,0,3-1.343,3-3V22.8c0-1.396-0.953-2.567-2.242-2.903c0.9-0.518,1.51-1.49,1.51-2.604v-4.16c0-0.539-0.143-1.045-0.393-1.482
                c0.686-0.55,1.125-1.394,1.125-2.341v-4.16c0-1.656-1.344-3-3-3h-14.754c-0.639,0-1.228,0.202-1.713,0.542
                c-0.486-0.34-1.075-0.542-1.713-0.542H87.326c-1.657,0-3,1.344-3,3v17.015l-3.064-3.87c0.418-0.412,0.8-0.855,1.144-1.33
                c1.126-1.559,1.697-3.518,1.697-5.823c0-1.727-0.375-3.228-1.115-4.464C82.29,5.51,81.34,4.54,80.167,3.792
                c-1.111-0.699-2.318-1.157-3.604-1.374c-1.059-0.179-2.291-0.269-3.663-0.269h-8.774c-0.697,0-1.33,0.247-1.839,0.646
                c-0.51-0.399-1.143-0.646-1.839-0.646H45.842c-1.657,0-3,1.344-3,3V26.96C42.842,28.618,44.186,29.96,45.842,29.96z"></path>
            <path d="M163.506,33.663c-0.535-0.936-1.529-1.514-2.607-1.514h-6.025c-1.113,0-2.135,0.616-2.654,1.602l-1.504,2.855l-1.588-2.898
                c-0.527-0.961-1.535-1.559-2.631-1.559h-6.238c-1.026,0-1.966,0.535-2.515,1.395c-0.989-0.555-2.044-0.938-3.165-1.126
                c-1.059-0.179-2.291-0.269-3.662-0.269h-8.773c-0.639,0-1.228,0.202-1.713,0.542c-0.486-0.34-1.075-0.542-1.713-0.542h-14.752
                c-0.585,0-1.127,0.175-1.589,0.464c-0.468-0.289-1.003-0.464-1.568-0.464h-5.538c-1.304,0-2.458,0.842-2.856,2.083l-1.89,5.885
                l-1.89-5.885c-0.398-1.241-1.553-2.083-2.856-2.083h-5.684c-0.616,0-1.197,0.207-1.692,0.548c-0.488-0.343-1.079-0.548-1.72-0.548
                H64.935c-1.657,0-3,1.344-3,3v3.809c0,1.656,1.343,3,3,3h0.135v8.194h-0.135c-0.536,0-1.031,0.151-1.466,0.397
                c-0.527-0.461-1.209-0.749-1.964-0.749h-6.082V35.149c0-1.656-1.343-3-3-3h-5.479c-0.837,0-1.593,0.345-2.137,0.897
                c-0.544-0.553-1.3-0.897-2.137-0.897H27.919c-1.657,0-3,1.344-3,3v2.229c-0.909-1.199-1.992-2.229-3.265-3.042
                c-1.524-0.978-3.19-1.605-4.947-1.862c-1.475-0.215-3.07-0.324-4.74-0.324H5.199c-1.657,0-3,1.344-3,3v21.813c0,1.656,1.343,3,3,3
                h6.826c1.653,0,3.241-0.118,4.722-0.352c1.744-0.274,3.379-0.899,4.861-1.857c1.257-0.797,2.364-1.856,3.311-3.139v2.348
                c0,1.656,1.343,3,3,3H42.67c0.837,0,1.593-0.345,2.137-0.897c0.544,0.553,1.3,0.897,2.137,0.897h14.561
                c0.639,0,1.229-0.203,1.715-0.544c0.487,0.341,1.076,0.544,1.715,0.544h11.748c1.657,0,3-1.344,3-3v-3.809
                c0-1.658-1.343-3.001-3-3.001h-0.135v-8.194h0.135c0.891,0,1.683-0.396,2.232-1.014l5.843,16.994
                c0.417,1.212,1.556,2.024,2.837,2.024h5.713c1.28,0,2.421-0.813,2.837-2.024l4.82-14.017v13.042c0,1.656,1.344,3,3.001,3h14.752
                c0.638,0,1.227-0.202,1.713-0.542c0.485,0.34,1.074,0.542,1.713,0.542h5.449c1.656,0,3-1.344,3-3v-1.676l2.652,3.491
                c0.568,0.746,1.451,1.185,2.389,1.185h6.68c1.15,0,2.199-0.658,2.701-1.693c0.04-0.083,0.068-0.168,0.101-0.253
                c0.428,1.135,1.515,1.946,2.8,1.946h5.469c1.656,0,3-1.344,3-3V48.67l7.098-11.994C164.03,35.75,164.04,34.599,163.506,33.663z
                 M15.616,43.654c0.292,0.605,0.441,1.405,0.441,2.379c0,0.983-0.141,1.781-0.417,2.37c-0.225,0.479-0.522,0.822-0.937,1.084
                c-0.325,0.203-0.633,0.308-0.965,0.324c-0.02,0.002-0.04,0.002-0.06,0.004v-7.529c0.311,0.031,0.61,0.128,0.91,0.293
                C15.058,42.844,15.391,43.188,15.616,43.654z M43.943,49.516v0.571c-0.165-0.077-0.336-0.144-0.516-0.19
                C43.614,49.79,43.785,49.659,43.943,49.516z M139.28,48.293c0.418-0.412,0.799-0.855,1.143-1.33
                c0.679-0.938,1.13-2.039,1.401-3.256l3.091,5.238v6.523c-0.073-0.127-0.155-0.251-0.248-0.368L139.28,48.293z"></path>
        </g>
        <g>
            <path d="M58.69,7.16h-9.155v4.116h8.423v4.16h-8.423v9.375h-5.449V3H58.69V7.16z"></path>
            <path fill="#FFFFFF" d="M58.69,3v4.16h-9.155v4.116h8.423v4.16h-8.423v9.375h-5.449V3H58.69 M58.69,0H44.085c-1.657,0-3,1.343-3,3
                v21.812c0,1.657,1.343,3,3,3h5.449c1.657,0,3-1.343,3-3v-6.375h5.423c1.657,0,3-1.343,3-3v-4.16c0-0.623-0.19-1.202-0.515-1.681
                C61.198,9.05,61.69,8.163,61.69,7.16V3C61.69,1.343,60.347,0,58.69,0L58.69,0z"></path>
            <path d="M82.539,24.812h-6.68l-6.079-7.998h-1.963v7.998h-5.449V3h8.774c1.211,0,2.266,0.076,3.164,0.227s1.729,0.466,2.49,0.945
                c0.781,0.498,1.401,1.13,1.86,1.897s0.688,1.741,0.688,2.922c0,1.67-0.376,3.025-1.128,4.065s-1.758,1.868-3.018,2.483
                L82.539,24.812z M73.721,9.68c0-0.547-0.105-1.018-0.315-1.414s-0.559-0.701-1.047-0.916c-0.342-0.146-0.723-0.239-1.143-0.278
                s-0.942-0.059-1.567-0.059h-1.831v5.874h1.567c0.762,0,1.409-0.046,1.941-0.139s0.984-0.291,1.355-0.593
                c0.352-0.273,0.613-0.601,0.784-0.981S73.721,10.295,73.721,9.68z"></path>
            <path fill="#FFFFFF" d="M71.143,3c1.211,0,2.266,0.076,3.164,0.227s1.729,0.466,2.49,0.945c0.781,0.498,1.401,1.13,1.86,1.897
                s0.688,1.741,0.688,2.922c0,1.67-0.376,3.025-1.128,4.065s-1.758,1.868-3.018,2.483l7.339,9.272h-6.68l-6.079-7.998h-1.963v7.998
                h-5.449V3H71.143 M67.817,12.888h1.567c0.762,0,1.409-0.046,1.941-0.139s0.984-0.291,1.355-0.593
                c0.352-0.273,0.613-0.601,0.784-0.981s0.256-0.879,0.256-1.494c0-0.547-0.105-1.018-0.315-1.414s-0.559-0.701-1.047-0.916
                c-0.342-0.146-0.723-0.239-1.143-0.278s-0.942-0.059-1.567-0.059h-1.831V12.888 M71.143,0h-8.774c-1.657,0-3,1.343-3,3v21.812
                c0,1.657,1.343,3,3,3h5.449c1.657,0,3-1.343,3-3v-1.676l2.654,3.491c0.567,0.746,1.451,1.185,2.388,1.185h6.68
                c1.15,0,2.2-0.658,2.701-1.693s0.366-2.267-0.348-3.168l-5.387-6.806c0.418-0.411,0.8-0.855,1.144-1.33
                c1.126-1.558,1.697-3.517,1.697-5.823c0-1.727-0.375-3.228-1.115-4.463c-0.698-1.167-1.647-2.137-2.821-2.886
                c-1.111-0.698-2.318-1.157-3.604-1.374C73.747,0.09,72.514,0,71.143,0L71.143,0z"></path>
            <path d="M85.569,24.812V3h14.751v4.16h-9.302v3.823h8.569v4.16h-8.569v5.508h9.302v4.16H85.569z"></path>
            <path fill="#FFFFFF" d="M100.32,3v4.16h-9.302v3.823h8.569v4.16h-8.569v5.508h9.302v4.16H85.569V3H100.32 M100.32,0H85.569
                c-1.657,0-3,1.343-3,3v21.812c0,1.657,1.343,3,3,3h14.751c1.656,0,3-1.343,3-3v-4.16c0-1.395-0.952-2.568-2.242-2.903
                c0.901-0.518,1.51-1.49,1.51-2.604v-4.16c0-0.539-0.143-1.045-0.392-1.482c0.686-0.55,1.124-1.394,1.124-2.341V3
                C103.32,1.343,101.976,0,100.32,0L100.32,0z"></path>
            <path d="M103.745,24.812V3h14.754v4.16h-9.302v3.823h8.569v4.16h-8.569v5.508h9.302v4.16H103.745z"></path>
            <path fill="#FFFFFF" d="M118.499,3v4.16h-9.302v3.823h8.569v4.16h-8.569v5.508h9.302v4.16h-14.754V3H118.499 M118.499,0h-14.754
                c-1.657,0-3,1.343-3,3v21.812c0,1.657,1.343,3,3,3h14.754c1.657,0,3-1.343,3-3v-4.16c0-1.395-0.952-2.568-2.242-2.903
                c0.901-0.518,1.51-1.49,1.51-2.604v-4.16c0-0.539-0.142-1.045-0.392-1.482c0.686-0.55,1.124-1.394,1.124-2.341V3
                C121.499,1.343,120.156,0,118.499,0L118.499,0z"></path>
        </g>
        <g>
            <path d="M22.925,43.928c0,2.031-0.444,3.85-1.333,5.457s-2.012,2.839-3.369,3.699c-1.133,0.732-2.366,1.203-3.699,1.414
                c-1.333,0.209-2.751,0.314-4.255,0.314H3.442V33h6.768c1.533,0,2.969,0.098,4.307,0.293s2.593,0.669,3.765,1.421
                c1.436,0.918,2.568,2.156,3.398,3.713S22.925,41.818,22.925,43.928z M17.3,43.884c0-1.436-0.247-2.664-0.74-3.684
                s-1.252-1.819-2.278-2.395c-0.742-0.41-1.521-0.635-2.336-0.674s-1.79-0.059-2.922-0.059H8.921v13.652h0.103
                c1.23,0,2.268-0.022,3.113-0.066s1.648-0.305,2.41-0.784c0.898-0.566,1.582-1.348,2.051-2.344S17.3,45.319,17.3,43.884z"></path>
            <path fill="#FFFFFF" d="M10.21,33c1.533,0,2.969,0.098,4.307,0.293s2.593,0.669,3.765,1.421c1.436,0.918,2.568,2.156,3.398,3.713
                s1.245,3.391,1.245,5.5c0,2.031-0.444,3.85-1.333,5.457s-2.012,2.839-3.369,3.699c-1.133,0.732-2.366,1.203-3.699,1.414
                c-1.333,0.209-2.751,0.314-4.255,0.314H3.442V33H10.21 M8.921,50.725h0.103c1.23,0,2.268-0.022,3.113-0.066s1.648-0.305,2.41-0.784
                c0.898-0.566,1.582-1.348,2.051-2.344s0.703-2.212,0.703-3.647s-0.247-2.664-0.74-3.684s-1.252-1.819-2.278-2.395
                c-0.742-0.41-1.521-0.635-2.336-0.674s-1.79-0.059-2.922-0.059H8.921V50.725 M10.21,30H3.442c-1.657,0-3,1.343-3,3v21.812
                c0,1.656,1.343,3,3,3h6.826c1.653,0,3.241-0.118,4.722-0.352c1.744-0.274,3.379-0.899,4.861-1.857
                c1.757-1.113,3.234-2.721,4.365-4.766c1.133-2.049,1.708-4.373,1.708-6.909c0-2.597-0.538-4.922-1.598-6.912
                c-1.071-2.01-2.562-3.635-4.43-4.83c-1.524-0.978-3.19-1.605-4.947-1.862C13.476,30.109,11.88,30,10.21,30L10.21,30z
                 M11.921,47.666v-7.529c0.311,0.032,0.61,0.128,0.91,0.294c0.47,0.265,0.803,0.609,1.028,1.075
                c0.292,0.605,0.441,1.406,0.441,2.379c0,0.984-0.141,1.781-0.417,2.37c-0.225,0.479-0.522,0.823-0.937,1.083
                c-0.325,0.204-0.633,0.308-0.965,0.325C11.96,47.664,11.941,47.665,11.921,47.666L11.921,47.666z"></path>
            <path d="M26.162,54.812V33h14.751v4.16h-9.302v3.823h8.569v4.16h-8.569v5.508h9.302v4.16H26.162z"></path>
            <path fill="#FFFFFF" d="M40.913,33v4.16h-9.302v3.823h8.569v4.16h-8.569v5.508h9.302v4.16H26.162V33H40.913 M40.913,30H26.162
                c-1.657,0-3,1.343-3,3v21.812c0,1.656,1.343,3,3,3h14.751c1.657,0,3-1.344,3-3v-4.16c0-1.395-0.952-2.568-2.242-2.903
                c0.902-0.518,1.51-1.49,1.51-2.604v-4.16c0-0.539-0.142-1.045-0.391-1.482c0.685-0.55,1.124-1.394,1.124-2.341V33
                C43.913,31.343,42.57,30,40.913,30L40.913,30z"></path>
            <path d="M59.747,54.812H45.187V33h5.479v17.651h9.082V54.812z"></path>
            <path fill="#FFFFFF" d="M50.665,33v17.651h9.082v4.16H45.187V33H50.665 M50.665,30h-5.479c-1.657,0-3,1.343-3,3v21.812
                c0,1.656,1.343,3,3,3h14.561c1.657,0,3-1.344,3-3v-4.16c0-1.657-1.343-3-3-3h-6.082V33C53.665,31.343,52.322,30,50.665,30
                L50.665,30z"></path>
            <path d="M74.926,54.812H63.178v-3.809h3.135V36.809h-3.135V33h11.748v3.809h-3.135v14.194h3.135V54.812z"></path>
            <path fill="#FFFFFF" d="M74.926,33v3.809h-3.135v14.194h3.135v3.809H63.178v-3.809h3.135V36.809h-3.135V33H74.926 M74.926,30
                H63.178c-1.657,0-3,1.343-3,3v3.809c0,1.657,1.343,3,3,3h0.135v8.194h-0.135c-1.657,0-3,1.343-3,3v3.809c0,1.656,1.343,3,3,3
                h11.748c1.657,0,3-1.344,3-3v-3.809c0-1.657-1.343-3-3-3h-0.135v-8.194h0.135c1.657,0,3-1.343,3-3V33
                C77.926,31.343,76.583,30,74.926,30L74.926,30z"></path>
            <path d="M99.051,33l-7.5,21.812h-5.713L78.338,33h5.684l4.746,14.78L93.514,33H99.051z"></path>
            <path fill="#FFFFFF" d="M99.051,33l-7.5,21.812h-5.713L78.338,33h5.684l4.746,14.78L93.514,33H99.051 M99.051,30h-5.537
                c-1.304,0-2.458,0.842-2.856,2.083l-1.89,5.885l-1.89-5.885C86.479,30.842,85.325,30,84.021,30h-5.684
                c-0.969,0-1.879,0.468-2.442,1.257s-0.71,1.802-0.395,2.718l7.5,21.812c0.417,1.212,1.556,2.024,2.837,2.024h5.713
                c1.281,0,2.42-0.813,2.837-2.024l7.5-21.812c0.315-0.917,0.168-1.929-0.396-2.718C100.93,30.468,100.02,30,99.051,30L99.051,30z"></path>
            <path d="M102.208,54.812V33h14.752v4.16h-9.303v3.823h8.57v4.16h-8.57v5.508h9.303v4.16H102.208z"></path>
            <path fill="#FFFFFF" d="M116.959,33v4.16h-9.303v3.823h8.57v4.16h-8.57v5.508h9.303v4.16h-14.752V33H116.959 M116.959,30h-14.752
                c-1.657,0-3,1.343-3,3v21.812c0,1.656,1.344,3,3,3h14.752c1.656,0,3-1.344,3-3v-4.16c0-1.395-0.953-2.568-2.242-2.903
                c0.901-0.518,1.51-1.49,1.51-2.604v-4.16c0-0.539-0.143-1.045-0.392-1.482c0.685-0.55,1.124-1.394,1.124-2.341V33
                C119.959,31.343,118.616,30,116.959,30L116.959,30z"></path>
            <path d="M140.555,54.812h-6.68l-6.078-7.998h-1.963v7.998h-5.449V33h8.773c1.211,0,2.266,0.076,3.164,0.227s1.729,0.466,2.49,0.945
                c0.781,0.498,1.402,1.13,1.861,1.897s0.688,1.741,0.688,2.922c0,1.67-0.375,3.025-1.127,4.065s-1.758,1.868-3.018,2.483
                L140.555,54.812z M131.737,39.68c0-0.547-0.104-1.018-0.314-1.414s-0.559-0.701-1.047-0.916c-0.342-0.146-0.723-0.239-1.143-0.278
                s-0.943-0.059-1.568-0.059h-1.83v5.874h1.566c0.762,0,1.409-0.046,1.941-0.139s0.984-0.291,1.355-0.593
                c0.352-0.273,0.612-0.601,0.783-0.981S131.737,40.295,131.737,39.68z"></path>
            <path fill="#FFFFFF" d="M129.159,33c1.211,0,2.266,0.076,3.164,0.227s1.729,0.466,2.49,0.945c0.781,0.498,1.402,1.13,1.861,1.897
                s0.688,1.741,0.688,2.922c0,1.67-0.375,3.025-1.127,4.065s-1.758,1.868-3.018,2.483l7.338,9.272h-6.68l-6.078-7.998h-1.963v7.998
                h-5.449V33H129.159 M125.834,42.888h1.566c0.762,0,1.409-0.046,1.941-0.139s0.984-0.291,1.355-0.593
                c0.352-0.273,0.612-0.601,0.783-0.981s0.256-0.879,0.256-1.494c0-0.547-0.104-1.018-0.314-1.414s-0.559-0.701-1.047-0.916
                c-0.342-0.146-0.723-0.239-1.143-0.278s-0.943-0.059-1.568-0.059h-1.83V42.888 M129.159,30h-8.773c-1.657,0-3,1.343-3,3v21.812
                c0,1.656,1.343,3,3,3h5.449c1.656,0,3-1.344,3-3v-1.676l2.653,3.491c0.567,0.746,1.45,1.185,2.388,1.185h6.68
                c1.15,0,2.2-0.658,2.701-1.693s0.365-2.267-0.348-3.168l-5.387-6.806c0.418-0.411,0.8-0.855,1.144-1.33
                c1.126-1.558,1.696-3.517,1.696-5.823c0-1.727-0.375-3.228-1.114-4.463c-0.698-1.167-1.647-2.137-2.821-2.886
                c-1.111-0.698-2.318-1.157-3.604-1.374C131.763,30.09,130.531,30,129.159,30L129.159,30z"></path>
            <path d="M159.142,33l-7.517,12.7v9.111h-5.469v-8.833L138.501,33h6.237l4.271,7.793L153.117,33H159.142z"></path>
            <path fill="#FFFFFF" d="M159.142,33l-7.517,12.7v9.111h-5.469v-8.833L138.501,33h6.237l4.271,7.793L153.117,33H159.142 M159.142,30
                h-6.025c-1.113,0-2.135,0.616-2.654,1.601l-1.505,2.855l-1.588-2.898c-0.526-0.961-1.535-1.558-2.631-1.558h-6.237
                c-1.077,0-2.071,0.577-2.604,1.512c-0.535,0.935-0.526,2.084,0.021,3.012l7.239,12.273v8.014c0,1.656,1.343,3,3,3h5.469
                c1.657,0,3-1.344,3-3v-8.29l7.099-11.994c0.549-0.927,0.558-2.078,0.024-3.014C161.214,30.578,160.219,30,159.142,30L159.142,30z"></path>
        </g>
    </symbol>
    
    <symbol viewBox="0 0 48 35" id="icon-free-delivery">
		<path d="M3.729,0.498c-0.822,0-1.488,0.687-1.488,1.535v6.112l10.073-7.647H3.729z"></path>
		<path d="M3.729,16.191h20.665c0.822,0,1.488-0.688,1.488-1.535V2.032c0-0.848-0.667-1.535-1.488-1.535h-7.88
			L2.241,11.333v3.324C2.241,15.504,2.907,16.191,3.729,16.191z"></path>
		<path d="M13.248,23.247c-3.014,0-5.456,2.519-5.456,5.626s2.442,5.626,5.456,5.626c3.013,0,5.456-2.519,5.456-5.626
			S16.261,23.247,13.248,23.247z M13.248,31.306c-1.303,0-2.359-1.089-2.359-2.432s1.056-2.432,2.359-2.432
			c1.302,0,2.358,1.089,2.358,2.432S14.55,31.306,13.248,31.306z"></path>
		<path d="M46.966,17.331L37.095,6.318c-0.282-0.314-0.678-0.493-1.093-0.493h-6.329c-0.822,0-1.488,0.688-1.488,1.535
			v9.729c0,0.848-0.667,1.535-1.488,1.535H2.101c-0.884,0-1.601,0.739-1.601,1.65v5.501c0,0.911,0.717,1.65,1.601,1.65h3.933
			c0.656-3.494,3.634-6.134,7.214-6.134c3.58,0,6.558,2.64,7.214,6.134h7.809c0.656-3.494,3.634-6.134,7.214-6.134
			c3.58,0,6.558,2.64,7.214,6.134h3.203c0.884,0,1.601-0.739,1.601-1.65v-7.033C47.502,18.219,47.31,17.715,46.966,17.331z
			 M42.101,15.396c-0.088,0.208-0.289,0.343-0.509,0.343H30.47c-0.326,0-0.589-0.272-0.589-0.607V8.135
			c0-0.317,0.25-0.574,0.557-0.574h4.889c0.156,0,0.304,0.067,0.41,0.186l6.266,7.031C42.151,14.944,42.19,15.188,42.101,15.396z"></path>
		<path d="M35.485,23.247c-3.014,0-5.457,2.519-5.457,5.626s2.443,5.626,5.457,5.626c3.013,0,5.456-2.519,5.456-5.626
			S38.498,23.247,35.485,23.247z M35.485,31.306c-1.303,0-2.359-1.089-2.359-2.432s1.056-2.432,2.359-2.432
			c1.302,0,2.358,1.089,2.358,2.432S36.787,31.306,35.485,31.306z"></path>
	</symbol>
    
    <symbol viewBox="0 0 26.12 21" id="icon-truck">
        <path d="M-0.009,4.846 L-0.009,7.899 M-0.009,8.652 L-0.009,17.695 C-0.009,18.020 0.248,18.283 0.566,18.283 L3.445,18.283 C3.718,19.829 5.038,21.007 6.628,21.007 C8.219,21.007 9.539,19.829 9.811,18.283 L17.075,18.283 C17.348,19.829 18.668,21.007 20.258,21.007 C21.849,21.007 23.169,19.829 23.442,18.283 L24.042,18.283 C25.193,18.283 26.129,17.326 26.129,16.150 L26.129,11.893 C26.129,11.792 26.104,11.692 26.054,11.604 L23.039,6.154 C22.669,5.486 21.973,5.071 21.222,5.071 L17.258,5.071 L17.258,0.596 C17.258,0.272 17.000,0.009 16.683,0.009 L0.566,0.009 C0.248,0.009 -0.009,0.272 -0.009,0.596 L-0.009,4.093 M21.222,6.246 C21.560,6.246 21.872,6.432 22.039,6.732 L24.510,11.200 L17.258,11.200 L17.258,6.246 L21.222,6.246 ZM6.628,19.950 C5.412,19.950 4.421,18.938 4.421,17.695 C4.421,16.452 5.412,15.440 6.628,15.440 C7.845,15.440 8.835,16.452 8.835,17.695 C8.835,18.938 7.845,19.950 6.628,19.950 ZM20.258,19.950 C19.041,19.950 18.051,18.938 18.051,17.695 C18.051,16.452 19.041,15.440 20.258,15.440 C21.475,15.440 22.466,16.452 22.466,17.695 C22.466,18.938 21.475,19.950 20.258,19.950 ZM1.140,7.899 L1.140,4.846 M1.140,4.093 L1.140,1.183 L16.108,1.183 L16.108,5.658 L16.108,11.787 C16.108,12.111 16.365,12.374 16.683,12.374 L24.979,12.374 L24.979,16.150 C24.979,16.678 24.559,17.108 24.042,17.108 L23.442,17.108 C23.169,15.562 21.849,14.383 20.258,14.383 C18.668,14.383 17.348,15.562 17.075,17.108 L9.811,17.108 C9.539,15.562 8.219,14.383 6.628,14.383 C5.038,14.383 3.718,15.562 3.445,17.108 L1.140,17.108 L1.140,8.652 "></path>
    </symbol>

	<symbol viewBox="0 0 32 31" id="icon-favs">
		<path d="M24.473,30.870 C24.111,30.870 23.757,30.766 23.450,30.569 C23.450,30.569 15.854,25.697 15.854,25.697 C15.854,25.697 8.259,30.569 8.259,30.569 C7.608,30.985 6.737,30.957 6.116,30.504 C5.478,30.036 5.187,29.233 5.373,28.458 C5.373,28.458 7.515,19.536 7.515,19.536 C7.515,19.536 0.682,13.750 0.682,13.750 C0.082,13.241 -0.154,12.423 0.081,11.664 C0.317,10.905 0.974,10.373 1.753,10.309 C1.753,10.309 10.700,9.568 10.700,9.568 C10.700,9.568 14.081,1.210 14.081,1.210 C14.378,0.476 15.073,0.002 15.854,0.002 C16.635,0.002 17.331,0.476 17.627,1.211 C17.627,1.211 21.009,9.568 21.009,9.568 C21.009,9.568 29.955,10.309 29.955,10.309 C30.735,10.373 31.391,10.905 31.627,11.663 C31.862,12.423 31.627,13.241 31.026,13.750 C31.026,13.750 24.194,19.536 24.194,19.536 C24.194,19.536 26.335,28.458 26.335,28.458 C26.521,29.232 26.230,30.035 25.593,30.503 C25.264,30.743 24.877,30.870 24.473,30.870 ZM15.854,24.047 C15.992,24.047 16.130,24.085 16.251,24.163 C16.251,24.163 24.243,29.289 24.243,29.289 C24.387,29.383 24.584,29.378 24.724,29.275 C24.866,29.170 24.932,28.990 24.890,28.817 C24.890,28.817 22.639,19.437 22.639,19.437 C22.571,19.156 22.667,18.862 22.885,18.676 C22.885,18.676 30.074,12.588 30.074,12.588 C30.209,12.474 30.261,12.290 30.208,12.119 C30.155,11.950 30.009,11.831 29.834,11.816 C29.834,11.816 20.433,11.037 20.433,11.037 C20.155,11.015 19.912,10.834 19.806,10.571 C19.806,10.571 16.251,1.785 16.251,1.785 C16.118,1.456 15.590,1.456 15.457,1.785 C15.457,1.785 11.903,10.571 11.903,10.571 C11.796,10.834 11.554,11.015 11.275,11.037 C11.275,11.037 1.874,11.816 1.874,11.816 C1.699,11.831 1.553,11.950 1.499,12.120 C1.447,12.290 1.499,12.474 1.634,12.588 C1.634,12.588 8.823,18.676 8.823,18.676 C9.041,18.862 9.137,19.156 9.069,19.437 C9.069,19.437 6.818,28.817 6.818,28.817 C6.777,28.991 6.842,29.170 6.985,29.276 C7.122,29.376 7.319,29.383 7.465,29.289 C7.465,29.289 15.457,24.163 15.457,24.163 C15.578,24.085 15.716,24.047 15.854,24.047 Z" id="icon-favs-path-1" fill-rule="evenodd"></path>
	</symbol>

	<symbol viewBox="0 0 10 12" id="icon-recipes">
		<g id="icon-recipes-icon-recipessvg">
			<path d="M8.543,12.000 C7.501,12.000 6.970,11.134 6.970,10.217 C6.970,10.177 6.976,10.137 6.987,10.097 C6.987,10.097 7.001,7.391 7.001,7.391 C6.495,7.286 5.973,6.848 5.973,6.363 C5.973,6.363 5.973,3.158 5.973,3.158 C5.973,1.898 7.329,0.264 9.078,0.047 C9.297,0.018 9.556,0.090 9.723,0.220 C9.898,0.355 10.000,0.555 10.000,0.766 C10.000,0.766 10.000,10.299 10.000,10.299 C10.000,11.207 9.611,12.000 8.543,12.000 ZM8.954,1.020 C7.901,1.282 7.019,2.357 7.019,3.158 C7.019,3.158 7.019,6.363 7.019,6.363 C7.019,6.410 7.062,6.448 7.114,6.448 C7.114,6.448 7.494,6.448 7.494,6.448 C7.505,6.448 7.513,6.443 7.523,6.443 C7.523,6.443 8.397,6.443 8.397,6.443 C8.686,6.443 8.920,6.652 8.920,6.911 C8.920,7.170 8.686,7.379 8.397,7.379 C8.397,7.379 7.935,7.379 7.935,7.379 C7.935,7.379 8.019,10.268 8.019,10.268 C8.060,10.658 8.049,11.028 8.496,11.028 C8.988,11.028 8.954,10.693 8.954,10.299 C8.954,10.299 8.954,1.020 8.954,1.020 ZM3.932,5.714 C3.932,5.714 4.209,10.590 4.209,10.590 C4.210,11.469 3.581,11.979 2.527,11.979 C1.461,11.979 0.797,11.456 0.797,10.613 C0.797,10.613 1.032,5.714 1.032,5.714 C0.428,5.523 -0.005,5.008 -0.005,4.403 C-0.005,4.403 -0.005,3.646 -0.005,3.646 C-0.005,3.646 -0.005,3.454 -0.005,3.454 C-0.005,3.454 -0.005,0.443 -0.005,0.443 C-0.005,0.196 0.218,-0.003 0.494,-0.003 C0.769,-0.003 0.992,0.196 0.992,0.443 C0.992,0.443 0.992,3.454 0.992,3.454 C0.992,3.454 0.992,3.646 0.992,3.646 C0.992,3.646 0.992,4.403 0.992,4.403 C0.992,4.678 1.242,4.901 1.548,4.901 C1.685,4.901 1.814,4.950 1.909,5.038 C2.002,5.126 2.053,5.244 2.047,5.366 C2.047,5.366 1.795,10.632 1.795,10.632 C1.795,10.767 1.795,11.087 2.527,11.087 C3.213,11.087 3.213,10.802 3.213,10.613 C3.213,10.613 2.914,5.369 2.914,5.369 C2.907,5.247 2.956,5.128 3.050,5.039 C3.145,4.951 3.275,4.901 3.412,4.901 C3.727,4.901 4.015,4.664 4.015,4.403 C4.015,4.403 4.015,3.400 4.015,3.400 C4.015,3.400 4.015,3.209 4.015,3.209 C4.015,3.209 4.015,0.443 4.015,0.443 C4.015,0.196 4.238,-0.003 4.514,-0.003 C4.790,-0.003 5.013,0.196 5.013,0.443 C5.013,0.443 5.013,3.454 5.013,3.454 C5.013,3.454 5.013,3.646 5.013,3.646 C5.013,3.646 5.013,4.403 5.013,4.403 C5.013,4.999 4.554,5.522 3.932,5.714 ZM2.514,3.710 C2.238,3.710 2.015,3.510 2.015,3.264 C2.015,3.264 2.015,0.443 2.015,0.443 C2.015,0.196 2.238,-0.003 2.514,-0.003 C2.789,-0.003 3.012,0.196 3.012,0.443 C3.012,0.443 3.012,3.264 3.012,3.264 C3.012,3.510 2.789,3.710 2.514,3.710 Z" id="icon-recipes-path-1" fill="#f0f0f0" fill-rule="evenodd"></path>
		</g>
	</symbol>
	
	<symbol viewBox="0 0 44 37" id="icon-trolley">
		<path d="M40.633,19.494 C40.633,19.494 10.564,19.494 10.564,19.494 C10.564,19.494 10.564,21.756 10.564,21.756 C10.564,25.075 13.303,27.775 16.669,27.775 C16.669,27.775 39.231,27.775 39.231,27.775 C41.603,27.775 43.533,29.677 43.533,32.016 C43.533,34.354 41.603,36.256 39.231,36.256 C36.858,36.256 34.929,34.354 34.929,32.016 C34.929,31.131 35.207,30.310 35.679,29.629 C35.679,29.629 20.298,29.629 20.298,29.629 C20.771,30.310 21.049,31.131 21.049,32.016 C21.049,34.354 19.119,36.256 16.747,36.256 C14.374,36.256 12.444,34.354 12.444,32.016 C12.444,30.862 12.917,29.816 13.679,29.051 C10.754,27.881 8.683,25.054 8.683,21.756 C8.683,21.756 8.683,18.567 8.683,18.567 C8.683,18.567 8.683,2.439 8.683,2.439 C8.683,2.439 0.868,1.863 0.868,1.863 C0.350,1.825 -0.039,1.380 -0.000,0.870 C0.039,0.358 0.493,-0.021 1.008,0.014 C1.008,0.014 9.693,0.654 9.693,0.654 C9.696,0.654 9.698,0.655 9.700,0.655 C9.701,0.655 9.703,0.655 9.704,0.655 C9.704,0.655 42.844,3.464 42.844,3.464 C43.330,3.505 43.704,3.906 43.704,4.387 C43.704,4.387 43.704,16.467 43.704,16.467 C43.704,18.136 42.326,19.494 40.633,19.494 ZM39.231,34.402 C40.566,34.402 41.652,33.332 41.652,32.016 C41.652,30.700 40.566,29.629 39.231,29.629 C37.896,29.629 36.809,30.700 36.809,32.016 C36.809,33.332 37.896,34.402 39.231,34.402 ZM16.747,34.402 C18.081,34.402 19.168,33.332 19.168,32.016 C19.168,30.700 18.081,29.629 16.747,29.629 C15.411,29.629 14.325,30.700 14.325,32.016 C14.325,33.332 15.411,34.402 16.747,34.402 ZM26.795,17.640 C26.795,17.640 33.889,17.640 33.889,17.640 C33.887,17.619 33.877,17.601 33.877,17.580 C33.877,17.580 33.877,11.368 33.877,11.368 C33.877,11.368 26.795,11.368 26.795,11.368 C26.795,11.368 26.795,17.640 26.795,17.640 ZM18.510,17.640 C18.510,17.640 25.592,17.640 25.592,17.640 C25.592,17.640 25.592,11.368 25.592,11.368 C25.592,11.368 18.510,11.368 18.510,11.368 C18.510,11.368 18.510,17.640 18.510,17.640 ZM17.306,3.160 C17.306,3.160 10.564,2.589 10.564,2.589 C10.564,2.589 10.564,10.180 10.564,10.180 C10.564,10.180 17.306,10.180 17.306,10.180 C17.306,10.180 17.306,3.160 17.306,3.160 ZM17.306,11.368 C17.306,11.368 10.564,11.368 10.564,11.368 C10.564,11.368 10.564,17.640 10.564,17.640 C10.564,17.640 17.306,17.640 17.306,17.640 C17.306,17.640 17.306,11.368 17.306,11.368 ZM18.510,3.262 C18.510,3.262 18.510,10.180 18.510,10.180 C18.510,10.180 25.592,10.180 25.592,10.180 C25.592,10.180 25.592,4.102 25.592,4.102 C25.592,4.019 25.610,3.939 25.642,3.867 C25.642,3.867 18.510,3.262 18.510,3.262 ZM26.795,4.102 C26.795,4.102 26.795,10.180 26.795,10.180 C26.795,10.180 33.877,10.180 33.877,10.180 C33.877,10.180 33.877,4.805 33.877,4.805 C33.877,4.721 33.895,4.642 33.927,4.569 C33.927,4.569 26.767,3.962 26.767,3.962 C26.778,4.008 26.795,4.053 26.795,4.102 ZM41.823,5.238 C41.823,5.238 35.052,4.664 35.052,4.664 C35.063,4.711 35.081,4.755 35.081,4.805 C35.081,4.805 35.081,10.180 35.081,10.180 C35.081,10.180 41.823,10.180 41.823,10.180 C41.823,10.180 41.823,5.238 41.823,5.238 ZM41.823,11.368 C41.823,11.368 35.081,11.368 35.081,11.368 C35.081,11.368 35.081,17.580 35.081,17.580 C35.081,17.601 35.071,17.619 35.068,17.640 C35.068,17.640 40.633,17.640 40.633,17.640 C41.289,17.640 41.823,17.113 41.823,16.467 C41.823,16.467 41.823,11.368 41.823,11.368 Z" id="icon-trolley-path-1" fill-rule="evenodd"></path>
	</symbol>

	<!-- Product Icons -->
	<symbol viewBox="0 0 20 20" id="icon-aus-made">
		<g id="icon-aus-made-icon-aus-madesvg">
			<circle id="icon-aus-made-circle-1" fill="#ffea00" cx="10" cy="10" r="8"></circle>
			<path d="M9.992,19.994 C4.468,19.994 -0.010,15.516 -0.010,9.992 C-0.010,4.468 4.468,-0.010 9.992,-0.010 C15.516,-0.010 19.994,4.468 19.994,9.992 C19.994,15.516 15.516,19.994 9.992,19.994 ZM10.316,12.267 C10.316,12.267 8.353,6.002 8.353,6.002 C8.294,5.802 8.196,5.669 8.059,5.603 C7.923,5.536 7.725,5.503 7.466,5.503 C7.067,5.503 6.751,5.512 6.518,5.530 C6.285,5.549 6.104,5.580 5.975,5.625 C5.845,5.669 5.753,5.730 5.697,5.808 C5.642,5.886 5.596,5.983 5.559,6.102 C5.559,6.102 3.585,12.278 3.585,12.278 C3.533,12.441 3.515,12.572 3.530,12.672 C3.544,12.771 3.589,12.855 3.663,12.921 C3.692,12.958 3.729,12.988 3.773,13.010 C3.818,13.032 3.890,13.049 3.990,13.060 C4.090,13.071 4.235,13.077 4.428,13.077 C4.620,13.077 4.882,13.073 5.215,13.066 C5.215,13.066 5.714,11.247 5.714,11.247 C5.714,11.247 8.009,11.247 8.009,11.247 C8.009,11.247 8.520,13.066 8.520,13.066 C8.881,13.073 9.168,13.077 9.379,13.077 C9.589,13.077 9.752,13.071 9.867,13.060 C9.982,13.049 10.063,13.032 10.111,13.010 C10.159,12.988 10.201,12.958 10.238,12.921 C10.305,12.855 10.347,12.771 10.366,12.672 C10.384,12.572 10.368,12.437 10.316,12.267 ZM16.177,12.600 C16.165,12.467 16.158,12.322 16.154,12.167 C16.151,12.012 16.149,11.840 16.149,11.652 C16.149,11.463 16.149,11.236 16.149,10.970 C16.149,10.970 16.149,7.998 16.149,7.998 C16.149,7.865 16.112,7.761 16.038,7.687 C15.964,7.614 15.823,7.577 15.616,7.577 C15.158,7.577 14.846,7.623 14.680,7.715 C14.513,7.808 14.430,7.950 14.430,8.142 C14.430,8.142 14.430,11.125 14.430,11.125 C14.282,11.288 14.108,11.440 13.909,11.580 C13.709,11.720 13.506,11.790 13.299,11.790 C13.077,11.790 12.915,11.726 12.811,11.596 C12.707,11.467 12.656,11.217 12.656,10.848 C12.656,10.619 12.656,10.365 12.656,10.088 C12.656,9.811 12.657,9.539 12.661,9.273 C12.665,9.007 12.667,8.761 12.667,8.536 C12.667,8.310 12.667,8.135 12.667,8.009 C12.667,7.876 12.631,7.771 12.562,7.693 C12.491,7.615 12.356,7.577 12.157,7.577 C11.698,7.577 11.384,7.623 11.214,7.715 C11.044,7.808 10.959,7.950 10.959,8.142 C10.959,8.260 10.961,8.558 10.965,9.034 C10.968,9.511 10.970,10.205 10.970,11.114 C10.970,11.809 11.101,12.312 11.364,12.622 C11.626,12.933 12.024,13.088 12.556,13.088 C12.984,13.088 13.363,13.007 13.692,12.844 C14.021,12.681 14.286,12.441 14.486,12.123 C14.486,12.123 14.518,12.156 14.518,12.156 C14.518,12.156 14.441,12.378 14.441,12.378 C14.426,12.592 14.482,12.764 14.607,12.894 C14.733,13.023 14.918,13.088 15.162,13.088 C15.243,13.088 15.336,13.086 15.439,13.082 C15.542,13.078 15.646,13.075 15.749,13.071 C15.853,13.067 15.947,13.062 16.032,13.054 C16.117,13.047 16.182,13.039 16.226,13.032 C16.204,12.877 16.188,12.733 16.177,12.600 ZM6.756,7.155 C6.756,7.155 6.867,6.656 6.867,6.656 C6.867,6.656 6.978,7.155 6.978,7.155 C6.978,7.155 7.754,9.938 7.754,9.938 C7.754,9.938 6.002,9.938 6.002,9.938 C6.002,9.938 6.756,7.155 6.756,7.155 Z" id="icon-aus-made-path-1" fill="#45740e" fill-rule="evenodd"></path>
		</g>
	</symbol>

	<symbol viewBox="0 0 34 11" id="icon-flybuys">
		<path d="M31.469,3.486 C30.815,3.486 30.546,3.715 30.546,3.914 C30.546,4.196 30.954,4.290 31.640,4.394 C33.013,4.613 34.000,4.906 34.000,6.075 C34.000,7.139 32.992,7.891 31.576,7.891 C30.371,7.891 29.436,7.360 29.086,6.478 C29.086,6.478 30.396,6.012 30.396,6.012 C30.589,6.471 31.158,6.638 31.576,6.638 C32.144,6.638 32.573,6.471 32.573,6.158 C32.573,5.855 32.380,5.730 31.415,5.584 C30.428,5.438 29.109,5.177 29.109,3.976 C29.109,3.131 29.871,2.254 31.469,2.254 C32.526,2.254 33.357,2.722 33.709,3.466 C33.709,3.466 32.391,3.935 32.391,3.935 C32.305,3.684 31.994,3.486 31.469,3.486 ZM26.079,10.998 C26.079,10.998 26.079,9.714 26.079,9.714 C26.851,9.714 27.119,9.182 27.119,8.681 C27.119,8.681 27.119,7.452 27.119,7.452 C26.787,7.724 26.358,7.891 25.854,7.891 C24.502,7.891 23.601,6.941 23.601,5.532 C23.601,5.532 23.601,2.791 23.601,2.791 C23.601,2.791 25.017,2.390 25.017,2.390 C25.017,2.390 25.017,5.532 25.017,5.532 C25.017,5.834 25.124,6.586 26.047,6.586 C26.679,6.586 27.119,6.137 27.119,5.532 C27.119,5.532 27.119,2.791 27.119,2.791 C27.119,2.791 28.535,2.390 28.535,2.390 C28.535,2.390 28.535,6.759 28.535,6.759 C28.535,6.759 28.535,8.587 28.535,8.587 C28.535,10.038 27.559,10.998 26.079,10.998 ZM20.583,7.891 C19.039,7.891 18.127,6.899 18.127,5.490 C18.127,5.490 18.127,2.791 18.127,2.791 C18.127,2.791 19.543,2.390 19.543,2.390 C19.543,2.390 19.543,5.532 19.543,5.532 C19.543,5.834 19.650,6.555 20.583,6.555 C21.205,6.555 21.656,6.127 21.656,5.532 C21.656,5.532 21.656,2.791 21.656,2.791 C21.656,2.791 23.071,2.390 23.071,2.390 C23.071,2.390 23.071,5.490 23.071,5.490 C23.071,6.857 22.085,7.891 20.583,7.891 ZM14.786,7.891 C13.113,7.891 11.944,6.638 11.944,5.083 C11.944,5.083 11.944,0.401 11.944,0.401 C11.944,0.401 13.370,-0.000 13.370,-0.000 C13.370,-0.000 13.370,2.901 13.370,2.901 C13.789,2.473 14.336,2.275 14.979,2.275 C16.438,2.275 17.618,3.538 17.618,5.083 C17.618,6.638 16.448,7.891 14.786,7.891 ZM14.786,3.548 C14.003,3.548 13.370,4.237 13.370,5.093 C13.370,5.928 14.003,6.607 14.786,6.607 C15.569,6.607 16.202,5.949 16.202,5.093 C16.202,4.206 15.569,3.548 14.786,3.548 ZM9.002,10.998 C9.002,10.998 9.002,9.714 9.002,9.714 C9.775,9.714 10.043,9.182 10.043,8.681 C10.043,8.681 10.043,7.452 10.043,7.452 C9.710,7.724 9.281,7.891 8.777,7.891 C7.426,7.891 6.525,6.941 6.525,5.532 C6.525,5.532 6.525,2.791 6.525,2.791 C6.525,2.791 7.941,2.390 7.941,2.390 C7.941,2.390 7.941,5.532 7.941,5.532 C7.941,5.834 8.048,6.586 8.970,6.586 C9.603,6.586 10.043,6.137 10.043,5.532 C10.043,5.532 10.043,2.791 10.043,2.791 C10.043,2.791 11.458,2.390 11.458,2.390 C11.458,2.390 11.458,8.587 11.458,8.587 C11.458,10.038 10.483,10.998 9.002,10.998 ZM4.478,0.401 C4.478,0.401 5.905,-0.000 5.905,-0.000 C5.905,-0.000 5.905,7.776 5.905,7.776 C5.905,7.776 4.478,7.776 4.478,7.776 C4.478,7.776 4.478,0.401 4.478,0.401 ZM1.416,2.411 C1.416,2.411 3.238,2.411 3.238,2.411 C3.238,2.411 3.238,3.632 3.238,3.632 C3.238,3.632 1.416,3.632 1.416,3.632 C1.416,3.632 1.416,7.776 1.416,7.776 C1.416,7.776 0.000,7.776 0.000,7.776 C0.000,7.776 0.000,2.473 0.000,2.473 C0.000,1.043 0.883,0.152 2.467,0.156 C2.467,0.156 3.958,0.156 3.958,0.156 C3.958,0.156 3.958,1.450 3.958,1.450 C3.958,1.450 2.467,1.450 2.467,1.450 C1.791,1.398 1.427,1.670 1.416,2.411 Z" id="icon-flybuys-path-1" fill-rule="evenodd"></path>
	</symbol>

	<symbol viewBox="0 0 48.081 32.486" id="icon-flybuys-card">
		<path fill="#262626" d="M48.022,5.631c0-3.052-2.482-5.535-5.534-5.535H5.634C2.583,0.096,0.1,2.579,0.1,5.631v21.295
			c0,3.051,2.482,5.534,5.534,5.534h36.854c3.052,0,5.534-2.483,5.534-5.534V5.631z M45.772,26.926c0,1.811-1.474,3.283-3.284,3.283
			H5.634c-1.811,0-3.283-1.473-3.283-3.283V5.631c0-1.811,1.473-3.284,3.283-3.284h36.854c1.811,0,3.284,1.473,3.284,3.284V26.926z"></path>
		<path fill="#262626" d="M6.345,13.677v5.551h1.499v-4.337h1.93v-1.279h-1.93c0.011-0.777,0.398-1.061,1.114-1.006h1.579V11.25H8.957
			C7.28,11.246,6.345,12.179,6.345,13.677 M11.086,19.228h1.511v-8.142l-1.511,0.421V19.228z M16.979,16.879
			c0,0.634-0.466,1.104-1.136,1.104c-0.977,0-1.09-0.788-1.09-1.104v-3.29l-1.499,0.421v2.869c0,1.476,0.954,2.47,2.384,2.47
			c0.534,0,0.989-0.174,1.34-0.459v1.287c0,0.524-0.285,1.082-1.101,1.082v1.344c1.567,0,2.6-1.005,2.6-2.524v-6.489l-1.499,0.421
			V16.879z M22.206,13.469c-0.682,0-1.261,0.208-1.704,0.657v-3.04l-1.511,0.421v4.902c0,1.628,1.238,2.94,3.009,2.94
			c1.761,0,2.999-1.312,2.999-2.94C24.999,14.792,23.75,13.469,22.206,13.469 M22,18.004c-0.828,0-1.498-0.71-1.498-1.583
			c0-0.897,0.67-1.618,1.498-1.618c0.83,0,1.5,0.689,1.5,1.618C23.5,17.317,22.83,18.004,22,18.004 M29.274,16.879
			c0,0.623-0.477,1.07-1.136,1.07c-0.988,0-1.102-0.754-1.102-1.07v-3.29l-1.498,0.421v2.825c0,1.476,0.965,2.514,2.6,2.514
			c1.591,0,2.634-1.082,2.634-2.514v-3.246l-1.498,0.421V16.879z M35.059,16.879c0,0.634-0.466,1.104-1.136,1.104
			c-0.977,0-1.091-0.788-1.091-1.104v-3.29l-1.499,0.421v2.869c0,1.476,0.955,2.47,2.384,2.47c0.535,0,0.989-0.174,1.342-0.459v1.287
			c0,0.524-0.284,1.082-1.103,1.082v1.344c1.568,0,2.602-1.005,2.602-2.524v-6.489l-1.499,0.421V16.879z M39.846,15.688
			c-0.728-0.109-1.159-0.208-1.159-0.503c0-0.208,0.284-0.448,0.977-0.448c0.557,0,0.887,0.207,0.978,0.47l1.396-0.491
			c-0.372-0.78-1.253-1.269-2.373-1.269c-1.692,0-2.497,0.918-2.497,1.803c0,1.257,1.396,1.531,2.441,1.683
			c1.021,0.153,1.226,0.283,1.226,0.6c0,0.33-0.455,0.504-1.057,0.504c-0.441,0-1.044-0.174-1.248-0.656l-1.388,0.489
			c0.371,0.923,1.36,1.479,2.636,1.479c1.499,0,2.567-0.787,2.567-1.9C42.344,16.224,41.299,15.918,39.846,15.688"></path>
	</symbol>

	<symbol viewBox="0 0 31 30" id="icon-everything-tab">
		<g fill="none" fill-rule="evenodd">
			<g transform="translate(2.5 2)">
				<path d="M9.5 13H7v4h2.5a2 2 0 0 0 0-4zM9.5 9H7v4h2.5a2 2 0 0 0 0-4zM16.915 13H14.5v4H17a2.006 2.006 0 0 0 1.896-2.652C18.633 13.515 17.79 13 16.915 13zM16.915 9H14.5v4H17a2.006 2.006 0 0 0 1.896-2.652C18.633 9.515 17.79 9 16.915 9z" stroke="#FFF" stroke-width="2" stroke-linecap="round" stroke-linejoin="round"></path>
				<circle stroke="#FFF" stroke-width="2" fill="#454543" cx="13" cy="13" r="14"></circle>
				<path d="M1.6 4.1h19.055v16.291H1.6z"></path>
				<path d="M11.899 5.885h-.156l-.13-1.369a.486.486 0 0 0-.48-.416h-.742a.486.486 0 0 0-.48.416l-.13 1.37h-.156a.272.272 0 0 0-.272.271v.25c0 .15.122.273.272.273H11.9c.15 0 .272-.122.272-.273v-.25a.272.272 0 0 0-.272-.272M13.795 13.773a2.68 2.68 0 0 1 1.042-.519c-.035-1.712-1.332-5.839-2.955-6.08H9.639c-1.647.244-2.958 4.488-2.958 6.153v5.21c0 1.024.83 1.854 1.854 1.854h4.45c.377 0 .728-.113 1.02-.307-1.153-1.15-1.417-2.499-1.417-3.486 0-1.311.35-2.13 1.207-2.825zm-3.833-2.38c0 .847-.686 1.534-1.533 1.534h-.01a.522.522 0 0 1-.515-.602c.145-.932.544-2.14 1.006-2.998a.56.56 0 0 1 1.052.266v1.8z" fill="#FFF" fill-rule="nonzero"></path>
				<path d="M20.655 16.598c0 2.286-1.59 3.312-1.775 3.462-.503.406-.973.398-1.538.191-.039-.013-.128-.027-.207-.041a.687.687 0 0 0-.153-.009.69.69 0 0 0-.153.009c-.079.014-.168.028-.206.041-.565.207-1.035.215-1.538-.19-.186-.151-1.776-1.177-1.776-3.463 0-1.116.266-1.718.94-2.265.676-.546 1.529-.53 2.29-.254.061.022.185.04.295.06a.93.93 0 0 0 .148.015c.05-.001.1-.005.148-.014.11-.02.234-.04.296-.061.76-.276 1.613-.292 2.289.254.674.547.94 1.15.94 2.265M19.44 11.984c-.605.27-.624.935-1.054 1.197-.324.197-.742.044-.982-.075 0 0-.167.055-.22.455-.004.006.003 0 0 0-.002.013 0 .032 0 .034-.001.098-.08.12-.177.125h-.01c-.101 0-.18-.026-.179-.127 0-.013-.076-.837-.493-1.336a.282.282 0 0 1 .432-.361c.276.33.383.747.42 1.085.041-.061-.007-.108-.007-.108a.573.573 0 0 1-.029-.187c0-.182.136-.586.53-.82.7-.344 1.91.055 1.77.118" fill="#FFF" fill-rule="nonzero"></path>
			</g>
		</g>
	</symbol>

	<symbol viewBox="0 0 30 30" id="icon-bought-before">
		<g id="icon-bought-before-icon-bought-beforesvg">
			<circle id="icon-bought-before-circle-1" fill="#4872ac" cx="15" cy="15" r="15"></circle>
			<path fill="#ffffff" d="M7.057,11.09c0-0.615,0.457-1.102,1.034-1.102h3.331c1.074,0,1.92,0.315,2.458,0.888
	c0.43,0.458,0.645,1.016,0.645,1.703v0.029c0,1.13-0.564,1.76-1.235,2.161c1.088,0.444,1.759,1.116,1.759,2.461v0.028
	c0,1.832-1.396,2.748-3.519,2.748H8.091c-0.577,0-1.034-0.486-1.034-1.102V11.09z M10.979,14.038c0.913,0,1.49-0.314,1.49-1.059
	v-0.029c0-0.658-0.483-1.03-1.356-1.03H9.071v2.118H10.979z M11.529,18.074c0.913,0,1.464-0.343,1.464-1.087v-0.029
	c0-0.673-0.47-1.087-1.531-1.087H9.071v2.204H11.529z M16.055,11.09c0-0.615,0.457-1.102,1.034-1.102h3.331
	c1.074,0,1.92,0.315,2.458,0.888c0.43,0.458,0.645,1.016,0.645,1.703v0.029c0,1.13-0.564,1.76-1.235,2.161
	c1.088,0.444,1.759,1.116,1.759,2.461v0.028c0,1.832-1.396,2.748-3.519,2.748h-3.438c-0.577,0-1.034-0.486-1.034-1.102V11.09z
	 M19.977,14.038c0.913,0,1.49-0.314,1.49-1.059v-0.029c0-0.658-0.483-1.03-1.356-1.03h-2.041v2.118H19.977z M20.527,18.074
	c0.913,0,1.464-0.343,1.464-1.087v-0.029c0-0.673-0.47-1.087-1.531-1.087h-2.391v2.204H20.527z"></path>
		</g>
	</symbol>

	<symbol viewBox="0 0 30 30" id="icon-bought-before-tab">
		<g transform="translate(2 2)" stroke="#FFF" stroke-width="2" fill="none" fill-rule="evenodd">
			<g stroke-linecap="round" stroke-linejoin="round">
				<path d="M9.5 13H7v4h2.5a2 2 0 0 0 0-4zM9.5 9H7v4h2.5a2 2 0 0 0 0-4zM16.915 13H14.5v4H17a2.006 2.006 0 0 0 1.896-2.652C18.633 13.515 17.79 13 16.915 13zM16.915 9H14.5v4H17a2.006 2.006 0 0 0 1.896-2.652C18.633 9.515 17.79 9 16.915 9z"></path>
			</g>
			<circle fill="#4872AB" cx="13" cy="13" r="14"></circle>
			<g stroke-linecap="round" stroke-linejoin="round">
				<path d="M9.5 13H7v4h2.5a2 2 0 0 0 0-4zM9.5 9H7v4h2.5a2 2 0 0 0 0-4zM16.915 13H14.5v4H17a2.006 2.006 0 0 0 1.896-2.652C18.633 13.515 17.79 13 16.915 13zM16.915 9H14.5v4H17a2.006 2.006 0 0 0 1.896-2.652C18.633 9.515 17.79 9 16.915 9z"></path>
			</g>
		</g>
	</symbol>
	  

	<symbol viewBox="0 0 73 81" id="icon-bought-before-plain">
		<path d="M36.054,80.882 C16.175,80.882 0.001,64.657 0.001,44.716 C0.001,24.772 16.175,8.548 36.054,8.548 C36.275,8.548 36.476,8.613 36.678,8.674 C36.880,8.613 37.081,8.548 37.302,8.548 C37.302,8.548 39.235,8.548 39.235,8.548 C39.235,8.548 34.492,3.792 34.492,3.792 C33.629,2.926 33.629,1.523 34.492,0.658 C35.355,-0.208 36.753,-0.208 37.616,0.658 C37.616,0.658 46.132,9.197 46.132,9.197 C46.333,9.400 46.495,9.642 46.607,9.910 C46.718,10.178 46.779,10.467 46.779,10.764 C46.779,11.061 46.718,11.350 46.607,11.618 C46.495,11.886 46.333,12.128 46.132,12.331 C46.132,12.331 37.616,20.873 37.616,20.873 C37.184,21.306 36.621,21.522 36.054,21.522 C35.487,21.522 34.923,21.306 34.492,20.873 C33.629,20.007 33.629,18.605 34.492,17.739 C34.492,17.739 39.236,12.980 39.236,12.980 C39.236,12.980 37.302,12.980 37.302,12.980 C37.081,12.980 36.880,12.915 36.678,12.854 C36.476,12.915 36.275,12.980 36.054,12.980 C18.612,12.980 4.420,27.216 4.420,44.716 C4.420,62.213 18.612,76.449 36.054,76.449 C53.499,76.449 67.691,62.213 67.691,44.716 C67.691,43.493 68.680,42.500 69.900,42.500 C71.120,42.500 72.109,43.493 72.109,44.716 C72.109,64.657 55.936,80.882 36.054,80.882 ZM32.087,56.464 C31.655,56.897 31.091,57.114 30.525,57.114 C29.958,57.114 29.394,56.897 28.962,56.464 C28.962,56.464 19.722,47.198 19.722,47.198 C18.859,46.332 18.859,44.930 19.722,44.064 C20.585,43.198 21.983,43.198 22.846,44.064 C22.846,44.064 30.525,51.763 30.525,51.763 C30.525,51.763 55.156,27.055 55.156,27.055 C56.019,26.189 57.417,26.189 58.281,27.055 C59.144,27.921 59.144,29.323 58.281,30.189 C58.281,30.189 32.087,56.464 32.087,56.464 Z" id="icon-bought-before-plain-path-1" fill-rule="evenodd"></path>
	</symbol>
	
	<symbol viewBox="0 0 93 14" id="icon-every-day-badge">
		<path class="st0" d="M3.318 11.338c.907 0 1.643.004 2.21.01.566.007 1.03.007 1.39 0 .36-.006.646-.02.86-.04.213-.02.413-.057.6-.11l.11.62c.046.268.07.54.07.82 0 .348-.106.613-.32.8-.213.188-.56.28-1.04.28H.018c0-1.066.006-2.073.02-3.02 0-.4.003-.813.01-1.24l.02-1.23c.006-.393.01-.762.01-1.11v-2.76S.075 3.333.068 2.88l-.02-1.32C.04 1.134.038.674.038.18h8.32c.013.428.026.774.04 1.04.013.268.017.475.01.62-.007.148-.023.258-.05.33-.027.074-.067.138-.12.19-.08.08-.184.134-.31.16-.127.028-.337.04-.63.04l-3.98-.02v3.14h4.48V7.9h-4.48v3.44zm14.34-10.14c.04-.213.093-.39.16-.53.066-.14.187-.25.36-.33s.423-.133.75-.16c.327-.026.776-.04 1.35-.04.347 0 .56.104.64.31.08.207.067.503-.04.89l-3.74 12.34c-.587.053-1.147.1-1.68.14-.467.026-.943.046-1.43.06-.487.014-.903-.007-1.25-.06l-3.26-12.28c-.067-.267-.1-.49-.1-.67 0-.18.07-.323.21-.43.14-.107.366-.183.68-.23.313-.047.75-.07 1.31-.07.24 0 .437.017.59.05s.273.09.36.17c.086.08.156.187.21.32.053.133.1.307.14.52l2.28 10.3 2.46-10.3zm7.88 10.14c.907 0 1.643.004 2.21.01.566.007 1.03.007 1.39 0 .36-.006.646-.02.86-.04.213-.02.413-.057.6-.11l.11.62c.046.268.07.54.07.82 0 .348-.106.613-.32.8-.213.188-.56.28-1.04.28h-7.18c0-1.066.006-2.073.02-3.02 0-.4.003-.813.01-1.24l.02-1.23c.006-.393.01-.762.01-1.11v-2.76s-.003-1.026-.01-1.48l-.02-1.32c-.007-.425-.01-.885-.01-1.38h8.32c.013.428.026.774.04 1.04.013.268.017.475.01.62-.007.148-.023.258-.05.33-.027.074-.067.138-.12.19-.08.08-.184.134-.31.16-.127.028-.337.04-.63.04l-3.98-.02v3.14h4.48V7.9h-4.48v3.44zm7.14-4.92c0-1.507-.01-2.797-.03-3.87s-.03-1.816-.03-2.23c.425-.04 1.045-.086 1.86-.14.812-.053 1.672-.08 2.58-.08.76 0 1.462.077 2.11.23.645.154 1.206.404 1.68.75.472.347.84.793 1.1 1.34.26.547.39 1.22.39 2.02 0 .6-.078 1.117-.23 1.55-.154.434-.344.797-.57 1.09-.228.293-.48.523-.76.69-.28.167-.54.277-.78.33.612 1.027 1.102 1.834 1.47 2.42.366.587.656 1.034.87 1.34s.375.52.49.64c.112.12.222.234.33.34-.774.694-1.528 1.034-2.26 1.022-.68 0-1.168-.294-1.46-.88l-2.3-4.34h-1.24v5.08l-3.3.1c.012-.987.025-1.947.04-2.88.012-.8.022-1.613.03-2.44.006-.828.01-1.522.01-2.082zm4.3-.04c.24 0 .483-.037.73-.11.247-.073.463-.187.65-.34.187-.153.34-.353.46-.6s.18-.55.18-.91-.06-.663-.18-.91-.28-.447-.48-.6c-.2-.153-.43-.263-.69-.33-.26-.066-.523-.1-.79-.1-.28 0-.487.004-.62.01-.133.007-.247.017-.34.03v3.84c.16.013.333.02.52.02h.56zm6.3-4.7c-.134-.293-.208-.54-.22-.74-.015-.2.052-.36.2-.48.145-.12.386-.203.72-.25.333-.047.78-.07 1.34-.07.253 0 .452.014.6.04.147.027.267.08.36.16.092.08.166.19.22.33.054.14.112.317.18.53l1.98 5.78 2.2-5.9c.08-.213.162-.383.25-.51.086-.126.217-.22.39-.28.173-.06.4-.1.68-.12.28-.02.647-.03 1.1-.03.267 0 .474.09.62.27s.14.45-.02.81l-3.76 8.28c-.014.547-.02 1.073-.02 1.58s-.01.953-.02 1.34c-.013.453-.02.887-.02 1.3l-3.28.1c0-.266.005-.605.02-1.02.013-.347.02-.793.02-1.34s.007-1.2.02-1.96l-3.56-7.82zm15.66 4.74c0-.4-.003-.88-.01-1.44l-.02-1.71c-.008-.58-.01-1.133-.01-1.66V.318c.186-.027.456-.053.81-.08.353-.026.74-.05 1.16-.07.42-.02.856-.037 1.31-.05.453-.013.873-.02 1.26-.02 1.014 0 1.913.127 2.7.38.786.254 1.45.657 1.99 1.21s.95 1.257 1.23 2.11c.28.854.42 1.88.42 3.08 0 1.24-.138 2.296-.41 3.17-.273.873-.68 1.59-1.22 2.15-.54.56-1.204.97-1.99 1.228-.787.26-1.7.39-2.74.39-.2 0-.514-.01-.94-.03-.427-.02-.877-.046-1.35-.08-.474-.032-.92-.07-1.34-.11s-.73-.08-.93-.12c.013-.76.025-1.538.04-2.34.013-.68.022-1.436.03-2.27s.01-1.648.01-2.448zm4.5 4.94c.453 0 .867-.073 1.24-.22.373-.147.687-.394.94-.74.253-.347.45-.807.59-1.38.14-.573.21-1.287.21-2.14 0-.813-.07-1.493-.21-2.04-.14-.547-.34-.99-.6-1.33-.26-.34-.577-.583-.95-.73-.374-.146-.794-.22-1.26-.22h-.72s-.414.007-.522.02v2.5s-.003 1.147-.01 1.76-.01 1.207-.01 1.78v2.66c.106.026.283.047.53.06.248.014.505.02.772.02zM77.518.138c.466 0 .822.06 1.07.18.245.12.422.36.53.72l3.54 11.3c.092.307.122.55.09.73-.034.18-.11.33-.23.45-.067.066-.145.12-.23.16-.087.04-.233.07-.44.09-.207.02-.5.03-.88.03s-.896-.008-1.55-.02l-.92-3.28h-4.14l-.9 3.28c-.6.012-1.073.02-1.42.02s-.61-.01-.79-.03c-.18-.02-.31-.05-.39-.09s-.147-.094-.2-.16c-.134-.12-.214-.27-.24-.45-.027-.18.007-.417.1-.71l3.56-11.14c.066-.213.15-.39.25-.53s.267-.25.5-.33c.23-.08.56-.137.98-.17s.99-.05 1.71-.05zm-.88 2.98l-.2-.9-.2.9-1.36 5.02h3.16l-1.4-5.02zm5.62-1.44c-.135-.293-.208-.54-.22-.74-.015-.2.052-.36.2-.48.145-.12.385-.203.72-.25.332-.047.78-.07 1.34-.07.252 0 .452.014.6.04.146.027.266.08.36.16.092.08.166.19.22.33.053.14.112.317.18.53l1.98 5.78 2.2-5.9c.08-.213.162-.383.25-.51.086-.126.216-.22.39-.28.173-.06.4-.1.68-.12.28-.02.646-.03 1.1-.03.267 0 .474.09.62.27s.14.45-.02.81l-3.76 8.28c-.015.547-.02 1.073-.02 1.58s-.008.953-.02 1.34c-.015.453-.02.887-.02 1.3l-3.28.1c0-.266.005-.605.02-1.02.012-.347.02-.793.02-1.34s.006-1.2.02-1.96l-3.56-7.82z" fill="#ffffff"></path>
	</symbol>
	
	<symbol viewBox="0 0 78 24" id="icon-new-badge">
		<g id="roundel">
		<path class="st0" d="M13.377 24H64.63c1.433-3.356 2.228-7.05 2.228-10.93 0-4.725-1.18-9.172-3.255-13.07h-49.2c-2.075 3.898-3.255 8.345-3.255 13.07 0 3.88.795 7.574 2.23 10.93zM73.77 0c1.53 4.066 2.373 8.468 2.373 13.07 0 3.804-.575 7.474-1.638 10.93h1.93C77.447 20.53 78 16.865 78 13.07c0-4.586-.798-8.984-2.25-13.07h-1.98zM1.863 13.07c0-4.602.842-9.004 2.372-13.07H2.257C.804 4.086.007 8.484.007 13.07c0 3.795.552 7.46 1.563 10.93H3.5c-1.062-3.456-1.637-7.126-1.637-10.93z" fill="#FFFFFF"></path>
		<path class="st1" d="M11.148 13.07c0-4.725 1.18-9.172 3.255-13.07H4.235c-1.53 4.066-2.372 8.468-2.372 13.07 0 3.804.575 7.474 1.638 10.93h9.88c-1.43-3.356-2.23-7.05-2.23-10.93zm55.71 0c0 3.88-.795 7.574-2.23 10.93h9.877c1.063-3.456 1.638-7.126 1.638-10.93 0-4.602-.842-9.004-2.372-13.07H63.61c2.075 3.898 3.255 8.345 3.255 13.07z" fill="#7FAB24"></path>
		</g>
		<g id="text">
		<g id="XMLID_32_">
		  <path class="st2" d="M34.97 17.05c1.068 0 1.922.005 2.562.013.64.01 1.154.012 1.543.012s.696-.012.923-.037c.227-.024.462-.06.705-.11.05.18.105.467.17.864.064.397.097.79.097 1.178 0 .47-.146.834-.437 1.093-.292.26-.762.39-1.41.39h-8.917c0-1.297.008-2.528.024-3.694 0-.51.004-1.02.012-1.54l.024-1.51c.008-.49.012-.94.012-1.36v-3.2c0-.59-.004-1.14-.012-1.67-.01-.53-.017-1.06-.024-1.597-.01-.535-.012-1.158-.012-1.87h10.472c.016.615.032 1.113.05 1.493.015.38.015.68 0 .9-.017.217-.042.38-.074.484-.032.106-.08.19-.146.255-.097.095-.23.16-.4.192s-.467.048-.888.048l-4.274-.02V10.5h5.053v3.16H34.97v3.377z" id="XMLID_20_" fill="#1D1D1B"></path>
		</g>
		<path class="st2" d="M14.26 11.608c0-.486-.004-1.036-.012-1.652-.008-.615-.012-1.22-.012-1.81 0-.59-.004-1.134-.012-1.628-.01-.494-.012-.863-.012-1.105 0-.275.032-.506.097-.692.06-.18.21-.33.44-.45.23-.11.57-.19 1.01-.24.43-.05 1.02-.07 1.77-.07.29 0 .52.04.69.12.17.08.35.28.54.59l5.515 8.85-.17-.824c-.05-.243-.085-.482-.11-.717-.024-.234-.045-.485-.06-.75-.017-.27-.025-.59-.025-.96 0-.26 0-.64-.01-1.144s-.01-1.01-.01-1.52-.005-.978-.013-1.4c-.01-.42-.01-.68-.01-.777 0-.276.036-.507.11-.693.07-.182.217-.332.435-.45.22-.11.525-.19.923-.24.396-.05.92-.072 1.567-.072.5 0 .878.07 1.13.208.25.136.376.44.376.91 0 .47-.006 1.016-.014 1.64-.01.623-.02 1.27-.036 1.943-.016.67-.03 1.342-.036 2.014-.01.67-.014 1.28-.014 1.83v7.95l-4.52.12-5.464-8.65c.05.26.104.54.17.85.05.273.092.6.133.98.04.38.06.807.06 1.276v5.42l-4.54.12.05-2.94c.012-.874.024-1.842.032-2.903.005-1.06.01-2.1.01-3.12zM59.672 4.84c.08-.25.247-.44.498-.57.25-.13.615-.214 1.093-.255.478-.04 1.146-.06 2.005-.06.47 0 .753.137.85.412.097.276.097.664 0 1.166l-3.134 14.87c-.826.064-1.636.122-2.43.17-.68.032-1.405.056-2.174.073-.77.016-1.437-.008-2.004-.073L52.7 8.328l-1.46 12.076c-.923.064-1.798.122-2.624.17-.713.032-1.43.056-2.15.073-.72.016-1.292-.008-1.713-.073L41.886 5.946c-.082-.39-.122-.713-.122-.972 0-.26.093-.462.28-.607.186-.146.498-.25.936-.316.437-.06 1.07-.09 1.895-.09.372 0 .676.03.91.08.236.05.422.13.56.248.137.115.24.27.304.475.06.204.11.46.14.766l1.53 12.07 1.56-12.08c.05-.31.14-.564.29-.766.14-.206.37-.36.69-.477.31-.112.72-.193 1.21-.242.49-.05 1.11-.07 1.853-.07.452 0 .825.01 1.117.033.29.025.524.074.694.147s.29.187.365.34c.07.154.12.352.16.595l1.57 12.52 1.64-11.74c.05-.42.114-.756.195-1.007z" fill="#1D1D1B"></path>
		</g>
	</symbol>
	
	<symbol viewBox="0 0 20 20" id="icon-gluten-free">
		<g id="icon-gluten-free-icon-gluten-freesvg">
			<circle id="icon-gluten-free-circle-1" fill="#ffffff" cx="10" cy="10" r="9"></circle>
			<path d="M9.997,-0.007 C4.484,-0.007 -0.001,4.482 -0.001,9.999 C-0.001,15.515 4.484,20.004 9.997,20.004 C15.510,20.004 19.995,15.515 19.995,9.999 C19.995,4.482 15.510,-0.007 9.997,-0.007 ZM10.020,11.872 C10.020,12.307 9.856,12.606 9.499,12.819 C8.949,13.157 8.148,13.495 7.134,13.495 C5.030,13.495 3.582,12.017 3.582,10.018 C3.582,10.018 3.582,9.999 3.582,9.999 C3.582,8.076 5.078,6.502 7.125,6.502 C8.148,6.502 8.824,6.734 9.432,7.159 C9.576,7.265 9.741,7.468 9.741,7.758 C9.741,8.163 9.412,8.492 9.007,8.492 C8.795,8.492 8.659,8.414 8.553,8.337 C8.148,8.047 7.714,7.873 7.077,7.873 C5.995,7.873 5.136,8.830 5.136,9.979 C5.136,9.979 5.136,9.999 5.136,9.999 C5.136,11.235 5.986,12.143 7.183,12.143 C7.723,12.143 8.206,12.008 8.582,11.737 C8.582,11.737 8.582,10.771 8.582,10.771 C8.582,10.771 7.578,10.771 7.578,10.771 C7.221,10.771 6.932,10.491 6.932,10.134 C6.932,9.776 7.221,9.487 7.578,9.487 C7.578,9.487 9.277,9.487 9.277,9.487 C9.692,9.487 10.020,9.815 10.020,10.230 C10.020,10.230 10.020,11.872 10.020,11.872 ZM15.736,7.970 C15.736,7.970 12.695,7.970 12.695,7.970 C12.695,7.970 12.695,9.409 12.695,9.409 C12.695,9.409 15.302,9.409 15.302,9.409 C15.678,9.409 15.977,9.709 15.977,10.085 C15.977,10.462 15.678,10.762 15.302,10.762 C15.302,10.762 12.695,10.762 12.695,10.762 C12.695,10.762 12.695,12.693 12.695,12.693 C12.695,13.109 12.367,13.437 11.952,13.437 C11.537,13.437 11.209,13.109 11.209,12.693 C11.209,12.693 11.209,7.362 11.209,7.362 C11.209,6.946 11.537,6.618 11.952,6.618 C11.952,6.618 15.736,6.618 15.736,6.618 C16.112,6.618 16.412,6.917 16.412,7.294 C16.412,7.671 16.112,7.970 15.736,7.970 Z" id="icon-gluten-free-path-1" fill="#ff8a00" fill-rule="evenodd"></path>
		</g>
	</symbol>

	<symbol viewBox="0 0 20 20" id="icon-halal">
		<g id="icon-halal-icon-halalsvg">
			<circle id="icon-halal-circle-1" fill="#ffffff" cx="10" cy="10" r="9"></circle>
			<path d="M9.997,20.004 C4.484,20.004 -0.001,15.515 -0.001,9.999 C-0.001,4.482 4.484,-0.006 9.997,-0.006 C15.510,-0.006 19.995,4.482 19.995,9.999 C19.995,15.515 15.510,20.004 9.997,20.004 ZM7.378,7.962 C7.378,7.646 7.128,7.395 6.812,7.395 C6.495,7.395 6.245,7.646 6.245,7.962 C6.245,7.962 6.245,9.479 6.245,9.479 C6.245,9.479 4.155,9.479 4.155,9.479 C4.155,9.479 4.155,7.962 4.155,7.962 C4.155,7.646 3.905,7.395 3.589,7.395 C3.272,7.395 3.022,7.646 3.022,7.962 C3.022,7.962 3.022,12.071 3.022,12.071 C3.022,12.388 3.272,12.639 3.589,12.639 C3.905,12.639 4.155,12.388 4.155,12.071 C4.155,12.071 4.155,10.525 4.155,10.525 C4.155,10.525 6.245,10.525 6.245,10.525 C6.245,10.525 6.245,12.071 6.245,12.071 C6.245,12.388 6.495,12.639 6.812,12.639 C7.128,12.639 7.378,12.388 7.378,12.071 C7.378,12.071 7.378,7.962 7.378,7.962 ZM12.932,11.865 C12.932,11.865 11.136,7.808 11.136,7.808 C11.011,7.528 10.790,7.359 10.481,7.359 C10.481,7.359 10.415,7.359 10.415,7.359 C10.106,7.359 9.878,7.528 9.753,7.808 C9.753,7.808 7.957,11.865 7.957,11.865 C7.920,11.946 7.891,12.027 7.891,12.108 C7.891,12.403 8.119,12.639 8.414,12.639 C8.649,12.639 8.840,12.506 8.936,12.285 C8.936,12.285 9.296,11.438 9.296,11.438 C9.296,11.438 11.563,11.438 11.563,11.438 C11.563,11.438 11.909,12.248 11.909,12.248 C12.012,12.484 12.188,12.639 12.453,12.639 C12.755,12.639 12.991,12.395 12.991,12.093 C12.991,12.020 12.968,11.946 12.932,11.865 ZM16.741,11.563 C16.741,11.563 14.644,11.563 14.644,11.563 C14.644,11.563 14.644,7.962 14.644,7.962 C14.644,7.646 14.394,7.395 14.077,7.395 C13.761,7.395 13.511,7.646 13.511,7.962 C13.511,7.962 13.511,12.027 13.511,12.027 C13.511,12.344 13.761,12.594 14.077,12.594 C14.077,12.594 16.741,12.594 16.741,12.594 C17.028,12.594 17.256,12.366 17.256,12.079 C17.256,11.792 17.028,11.563 16.741,11.563 ZM10.430,8.736 C10.430,8.736 11.143,10.437 11.143,10.437 C11.143,10.437 9.716,10.437 9.716,10.437 C9.716,10.437 10.430,8.736 10.430,8.736 Z" id="icon-halal-path-1" fill="#537eb1" fill-rule="evenodd"></path>
		</g>
	</symbol>

	<symbol viewBox="0 0 20 20" id="icon-vegan">
		<g id="icon-vegan-icon-vegansvg">
			<circle id="icon-vegan-circle-1" fill="#ffffff" cx="10" cy="10" r="9"></circle>
			<path d="M9.997,-0.006 C4.484,-0.006 -0.001,4.482 -0.001,9.999 C-0.001,15.515 4.484,20.004 9.997,20.004 C15.510,20.004 19.995,15.515 19.995,9.999 C19.995,4.482 15.510,-0.006 9.997,-0.006 ZM9.572,7.603 C9.572,7.603 7.361,12.896 7.361,12.896 C7.207,13.263 6.927,13.486 6.521,13.486 C6.521,13.486 6.425,13.486 6.425,13.486 C6.020,13.486 5.740,13.263 5.585,12.896 C5.585,12.896 3.394,7.651 3.394,7.651 C3.346,7.535 3.307,7.420 3.307,7.294 C3.307,6.879 3.635,6.560 4.050,6.560 C4.437,6.560 4.688,6.782 4.803,7.081 C4.803,7.081 6.493,11.457 6.493,11.457 C6.493,11.457 8.201,7.033 8.201,7.033 C8.297,6.792 8.558,6.560 8.915,6.560 C9.321,6.560 9.649,6.869 9.649,7.275 C9.649,7.391 9.610,7.516 9.572,7.603 ZM16.687,11.872 C16.687,12.307 16.523,12.607 16.166,12.819 C15.615,13.157 14.814,13.495 13.801,13.495 C11.696,13.495 10.249,12.017 10.249,10.018 C10.249,10.018 10.249,9.999 10.249,9.999 C10.249,8.076 11.745,6.502 13.791,6.502 C14.814,6.502 15.490,6.734 16.098,7.159 C16.243,7.265 16.407,7.468 16.407,7.758 C16.407,8.163 16.079,8.492 15.673,8.492 C15.461,8.492 15.326,8.414 15.220,8.337 C14.814,8.047 14.380,7.873 13.743,7.873 C12.662,7.873 11.803,8.830 11.803,9.979 C11.803,9.979 11.803,9.999 11.803,9.999 C11.803,11.235 12.652,12.143 13.849,12.143 C14.389,12.143 14.872,12.008 15.249,11.737 C15.249,11.737 15.249,10.771 15.249,10.771 C15.249,10.771 14.245,10.771 14.245,10.771 C13.888,10.771 13.598,10.491 13.598,10.134 C13.598,9.776 13.888,9.487 14.245,9.487 C14.245,9.487 15.943,9.487 15.943,9.487 C16.359,9.487 16.687,9.815 16.687,10.230 C16.687,10.230 16.687,11.872 16.687,11.872 Z" id="icon-vegan-path-1" fill="#4b620d" fill-rule="evenodd"></path>
		</g>
	</symbol>

	<symbol viewBox="0 0 20 20" id="icon-vegetarian">
		<g transform="translate(2.457 2.5)" stroke="#FFF" stroke-width="2" fill="none" fill-rule="evenodd">
			<circle fill="#FB5600" cx="13" cy="13" r="14"></circle>
			<path stroke-linecap="round" stroke-linejoin="round" d="M9 9.5l4 7 4-7"></path>
		</g>
	</symbol>

	<symbol viewBox="0 0 31 31" id="icon-vegetarian-tab">
		<g transform="translate(2.457 2.5)" stroke="#FFF" stroke-width="2" fill="none" fill-rule="evenodd">
			<circle fill="#FB5600" cx="13" cy="13" r="14"></circle>
			<path stroke-linecap="round" stroke-linejoin="round" d="M9 9.5l4 7 4-7"></path>
		</g>
	</symbol>

	<symbol viewBox="0 0 29.188 32.188" id="icon-allergy-peanut">
        <path d="M26.317,1.514c-0.788-1.015-1.629-1.228-2.195-1.228c-0.763,0-1.363,0.368-1.664,0.599 c-0.756,0.099-3.146,0.583-6.001,2.888c-2.021,1.63-2.988,5.288-3.162,6.003c-0.443,1.83-1.436,2.479-2.809,2.951 c-0.044-0.001-0.087-0.011-0.131-0.011c-0.195,0-0.372,0.082-0.499,0.213c-0.191,0.057-0.383,0.113-0.585,0.171 c-1.035,0.296-2.207,0.632-3.349,1.292c-3.941,2.28-5.923,8.246-5.786,11.498c0.005,0.111,0.034,0.22,0.085,0.317 c1.524,2.877,5.33,5.854,9.063,5.854c0.001,0,0.001,0,0.001,0c0.353,0,0.705-0.026,1.046-0.078c4.871-0.731,6.655-3.862,8.192-7.283 c1.059-2.355,1.927-3.731,4-5.179c5.177-3.619,6.157-7.096,6.433-9.72C29.256,6.947,28.368,4.158,26.317,1.514z M27.552,9.646 c-0.169,1.613-0.521,4.969-5.821,8.673c-2.335,1.632-3.344,3.224-4.489,5.772c-1.722,3.832-3.295,5.881-7.115,6.455 c-0.275,0.042-0.558,0.063-0.843,0.063c-3.103-0.001-6.392-2.54-7.744-4.948c-0.032-2.605,1.577-7.977,5.072-9.998 c0.993-0.575,2.031-0.872,3.036-1.159c0.34-0.098,0.682-0.197,1.02-0.306c1.354,0.063,2.642,0.514,3.736,1.346 c0.126,0.096,0.273,0.142,0.418,0.142c0.217,0,0.43-0.102,0.569-0.295c0.231-0.323,0.165-0.778-0.149-1.017 c-0.732-0.557-1.537-0.974-2.385-1.252c0.803-0.624,1.454-1.536,1.807-2.992c0.426-1.755,1.378-4.173,2.664-5.209 c3.015-2.434,5.426-2.605,5.446-2.606c0.164-0.009,0.325-0.08,0.446-0.193c0.005-0.004,0.41-0.379,0.903-0.379 c0.374,0,0.742,0.23,1.093,0.683C27.049,4.788,27.814,7.151,27.552,9.646z" fill="#D2D2D2"></path>
    </symbol>

    <symbol viewBox="0 0 35 35" id="icon-allergy-corn">
        <path d="M11.39,24.915c0.523,3.594,1.615,5.654,3.508,6.573v1.22c0,1.134,0.925,2.056,2.061,2.056h1.35 c1.076,0,1.952-0.875,1.952-1.95l-0.002-1.856c0.107,0.055,0.221,0.09,0.338,0.09c0.189,0,0.379-0.072,0.527-0.218
		c0.055-0.043,0.248-0.115,0.376-0.162c0.404-0.148,0.957-0.351,1.253-0.893c0.258-0.473,0.166-0.975,0.092-1.378 c-0.027-0.145-0.072-0.387-0.066-0.431c0.034-0.058,0.185-0.19,0.284-0.278c0.315-0.279,0.708-0.628,0.824-1.178
		c0.107-0.499-0.088-0.945-0.246-1.304c-0.057-0.13-0.153-0.349-0.164-0.375c0.025-0.063,0.157-0.221,0.244-0.324 c0.261-0.311,0.585-0.697,0.635-1.234c0.034-0.374-0.088-0.703-0.231-0.985c0.823-3.871,2.915-6.655,4.633-7.955
		c0.29-0.22,0.395-0.616,0.251-0.956s-0.492-0.535-0.848-0.465c-0.086,0.017-1.886,0.375-4.149,1.722 c0.021-0.045,0.043-0.09,0.062-0.129c0.18-0.368,0.403-0.827,0.358-1.347c-0.048-0.55-0.361-0.978-0.612-1.322	c-0.101-0.137-0.268-0.367-0.284-0.454c-0.016-0.107,0.083-0.375,0.156-0.57c0.143-0.386,0.32-0.865,0.219-1.376 c-0.108-0.55-0.472-0.946-0.765-1.264c-0.121-0.131-0.303-0.33-0.331-0.411c-0.03-0.114,0.031-0.385,0.081-0.602 c0.091-0.4,0.204-0.9,0.032-1.392c-0.191-0.549-0.623-0.894-0.971-1.17c-0.136-0.108-0.341-0.272-0.381-0.346 c-0.06-0.129-0.053-0.402-0.047-0.644c0.01-0.437,0.021-0.932-0.257-1.371c-0.357-0.564-0.945-0.802-1.375-0.976 c-0.141-0.056-0.353-0.142-0.407-0.188c-0.633-0.623-1.119-0.96-1.871-0.96c-0.751,0-1.237,0.336-1.866,0.956 c-0.057,0.048-0.27,0.133-0.409,0.19c-0.429,0.172-1.017,0.408-1.374,0.971C13.689,2.67,13.7,3.166,13.709,3.603 c0.005,0.241,0.012,0.516-0.047,0.643c-0.042,0.076-0.248,0.24-0.383,0.349c-0.348,0.276-0.779,0.622-0.972,1.17 c-0.171,0.493-0.058,0.992,0.032,1.393c0.05,0.218,0.111,0.488,0.081,0.601c-0.028,0.083-0.21,0.282-0.332,0.414 c-0.291,0.317-0.655,0.713-0.763,1.262c-0.102,0.512,0.075,0.992,0.218,1.378c0.073,0.196,0.172,0.465,0.157,0.571 c-0.018,0.087-0.178,0.307-0.285,0.453c-0.251,0.344-0.564,0.773-0.612,1.324c-0.046,0.52,0.178,0.979,0.358,1.347	c0.035,0.072,0.076,0.158,0.114,0.242c-2.343-1.434-4.231-1.828-4.278-1.837c-0.356-0.07-0.705,0.125-0.849,0.465 c-0.143,0.34-0.039,0.736,0.251,0.956C8.5,15.92,10.939,20.299,11.39,24.915z M24.588,16.876c-0.003-0.239-0.059-0.458-0.137-0.661 c0.309-0.194,0.613-0.375,0.902-0.53C25.089,16.054,24.835,16.457,24.588,16.876z M12.539,13.792 c-0.074-0.151-0.199-0.406-0.2-0.489c0.008-0.101,0.197-0.359,0.31-0.513c0.239-0.328,0.51-0.7,0.577-1.179 c0.072-0.514-0.102-0.985-0.241-1.363c-0.062-0.166-0.155-0.417-0.148-0.498c0.02-0.104,0.231-0.334,0.372-0.487	c0.27-0.294,0.577-0.628,0.697-1.085c0.134-0.502,0.023-0.989-0.065-1.381c-0.039-0.168-0.096-0.422-0.083-0.495 c0.04-0.114,0.286-0.309,0.464-0.452c0.301-0.24,0.643-0.512,0.832-0.92c0.217-0.471,0.206-0.966,0.197-1.364 c-0.004-0.164-0.009-0.412,0.009-0.469c0.086-0.136,0.395-0.26,0.643-0.36c0.319-0.129,0.649-0.262,0.911-0.519 c0.528-0.519,0.65-0.519,0.805-0.519s0.278,0,0.806,0.52c0.262,0.259,0.592,0.392,0.912,0.521c0.248,0.099,0.557,0.224,0.634,0.344 c0.027,0.075,0.022,0.323,0.018,0.487c-0.009,0.397-0.02,0.893,0.197,1.362c0.188,0.408,0.528,0.68,0.83,0.92 c0.179,0.142,0.424,0.338,0.461,0.442c0.016,0.082-0.042,0.336-0.079,0.503c-0.089,0.391-0.201,0.879-0.067,1.381 c0.122,0.457,0.428,0.791,0.699,1.084c0.141,0.152,0.352,0.383,0.372,0.482c0.006,0.085-0.086,0.335-0.148,0.501 c-0.14,0.378-0.313,0.849-0.242,1.361c0.066,0.481,0.338,0.854,0.578,1.182c0.112,0.154,0.3,0.412,0.309,0.507 c-0.001,0.087-0.126,0.342-0.199,0.494c-0.178,0.363-0.398,0.814-0.376,1.332c0.02,0.492,0.259,0.892,0.47,1.244 c0.097,0.162,0.259,0.432,0.261,0.503c-0.017,0.074-0.142,0.26-0.223,0.382c-0.211,0.314-0.475,0.706-0.482,1.197 c-0.007,0.513,0.252,0.924,0.461,1.255c0.072,0.115,0.182,0.289,0.199,0.289c-0.02,0.074-0.157,0.264-0.24,0.377 c-0.221,0.303-0.496,0.68-0.523,1.164c-0.022,0.39,0.11,0.728,0.258,1.017c-0.069,0.389-0.124,0.787-0.168,1.194 c-0.171,0.228-0.329,0.493-0.375,0.819c-0.072,0.502,0.122,0.943,0.276,1.296c0.054,0.12,0.134,0.322,0.151,0.288 c-0.034,0.074-0.219,0.239-0.331,0.337c-0.275,0.243-0.585,0.519-0.724,0.937c-0.153,0.458-0.07,0.909-0.003,1.272	c0.018,0.095,0.042,0.226,0.05,0.313c-0.095,0.056-0.28,0.124-0.398,0.167c-0.283,0.104-0.596,0.231-0.856,0.461 c-0.941-7.393-4.352-11.6-7.463-13.943c0.148-0.141,0.243-0.344,0.252-0.566C12.937,14.607,12.716,14.155,12.539,13.792z M18.72,30.903v1.911c0,0.2-0.185,0.363-0.412,0.363h-1.35c-0.287,0-0.52-0.21-0.52-0.469v-1.753c0-0.339-0.209-0.64-0.52-0.751 c-1.626-0.577-2.525-2.229-3-5.486c-0.344-3.526-1.721-6.817-3.301-9.123C12.899,17.313,17.898,21.453,18.72,30.903z" fill="#D2D2D2"></path>
    </symbol>

    <symbol viewBox="0 0 32 32" id="icon-allergy-eggs">
            <path d="M16.184,31.957c6.325,0,11.472-5.979,11.472-13.327c0-8.668-4.906-18.364-11.472-18.364 c-6.566,0-11.472,9.696-11.472,18.364C4.711,25.978,9.858,31.957,16.184,31.957z M6.191,16.982l2.628-1.498 c0.055-0.031,0.103-0.075,0.142-0.126l1.281-1.744l2.905,4.672c0.081,0.13,0.218,0.21,0.368,0.214c0.005,0,0.008,0.001,0.013,0.001 c0.144,0,0.28-0.072,0.366-0.192l4.582-6.513l3.021,3.615c0.062,0.074,0.146,0.126,0.238,0.148l2.318,0.563
		c0.248,0.061,0.486-0.096,0.543-0.346c0.058-0.25-0.093-0.501-0.335-0.56l-2.176-0.529l-3.298-3.946 c-0.09-0.107-0.23-0.154-0.361-0.161c-0.138,0.006-0.266,0.077-0.346,0.191l-4.529,6.437l-2.897-4.66 c-0.08-0.128-0.215-0.208-0.363-0.214c-0.157,0-0.29,0.063-0.378,0.184l-1.615,2.197l-1.994,1.137 c0.869-7.043,4.876-14.133,9.88-14.133c5.666,0,10.06,9.089,10.06,16.909c0,6.546-4.513,11.872-10.06,11.872 c-5.547,0-10.061-5.326-10.061-11.872C6.123,18.085,6.149,17.535,6.191,16.982z" fill="#D2D2D2"></path>
    </symbol>

    <symbol viewBox="0 0 38 38" id="icon-allergy-milk">
        <path d="M6.836,32.278c0,0.299,0.177,0.567,0.448,0.677l11.042,4.471c0.007,0.003,0.016,0.002,0.023,0.005	c0.076,0.027,0.155,0.045,0.235,0.045s0.159-0.018,0.235-0.045c0.007-0.003,0.016-0.002,0.023-0.005l11.043-4.471
        c0.27-0.11,0.448-0.378,0.448-0.677V12.545c0-0.027-0.012-0.049-0.015-0.076c-0.005-0.049-0.013-0.095-0.028-0.143 c-0.015-0.048-0.035-0.092-0.059-0.135c-0.012-0.022-0.015-0.048-0.03-0.069l-5.785-8.345V1.166c0-0.241-0.116-0.466-0.308-0.602	c-0.195-0.135-0.439-0.163-0.656-0.076l-11.042,4.47c-0.271,0.109-0.448,0.377-0.448,0.677v2.488l-4.851,3.845	c-0.013,0.01-0.018,0.024-0.03,0.035c-0.037,0.034-0.066,0.073-0.096,0.113c-0.026,0.036-0.053,0.069-0.071,0.109 c-0.02,0.041-0.03,0.084-0.042,0.129c-0.013,0.048-0.025,0.094-0.028,0.144c-0.001,0.016-0.009,0.03-0.009,0.046V32.278z M8.248,12.903l4.272-3.386l5.358,7.731v18.433l-9.631-3.899V12.903z M23.305,4.675l5.375,7.754l-9.689,3.923l-5.375-7.754 L23.305,4.675z M19.291,35.682V17.23l9.632-3.899v18.452L19.291,35.682z M23.006,2.233v1.563l-9.631,3.899V6.131L23.006,2.233z" fill="#D2D2D2"></path>
    </symbol>

    <!--Checkout Icons -->
    <symbol viewBox="0 0 24 24" id="icon-discounts">
      <path d="M11.999,24.010 C5.387,24.010 0.008,18.626 0.008,12.007 C0.008,5.390 5.387,0.006 11.999,0.006 C18.611,0.006 23.990,5.390 23.990,12.007 C23.990,18.626 18.611,24.010 11.999,24.010 ZM11.999,1.477 C6.197,1.477 1.478,6.201 1.478,12.007 C1.478,17.815 6.197,22.539 11.999,22.539 C17.800,22.539 22.520,17.815 22.520,12.007 C22.520,6.201 17.800,1.477 11.999,1.477 ZM12.554,11.309 C10.870,10.910 10.471,10.610 10.471,9.936 L10.471,9.910 C10.471,9.336 10.995,8.874 11.893,8.874 C12.579,8.874 13.227,9.099 13.901,9.536 C14.025,9.611 14.150,9.648 14.300,9.648 C14.699,9.648 15.023,9.336 15.023,8.936 C15.023,8.637 14.861,8.425 14.687,8.325 C14.090,7.927 13.435,7.667 12.675,7.564 L12.675,6.620 C12.675,6.246 12.372,5.943 11.999,5.943 C11.626,5.943 11.323,6.246 11.323,6.620 L11.323,7.558 C9.906,7.768 8.937,8.728 8.937,10.047 L8.937,10.073 C8.937,11.683 9.984,12.233 11.843,12.682 C13.464,13.057 13.814,13.394 13.814,14.018 L13.814,14.043 C13.814,14.692 13.215,15.142 12.267,15.142 C11.319,15.142 10.545,14.817 9.822,14.243 C9.722,14.168 9.585,14.106 9.373,14.106 C8.974,14.106 8.650,14.418 8.650,14.817 C8.650,15.066 8.775,15.279 8.949,15.404 C9.670,15.940 10.473,16.283 11.323,16.425 L11.323,17.396 C11.323,17.770 11.626,18.073 11.999,18.073 C12.372,18.073 12.675,17.770 12.675,17.396 L12.675,16.472 C14.264,16.324 15.348,15.391 15.348,13.893 L15.348,13.868 C15.348,12.420 14.400,11.758 12.554,11.309 Z"></path>
    </symbol>

	<symbol viewBox="0 0 33 33" id="icon-clickandcollect">
		<path d="M1.353,21.424H0.481C0.216,21.424,0,21.637,0,21.898c0,0.264,0.216,0.476,0.481,0.476h0.872c0.264,0,0.48-0.212,0.48-0.476
			C1.833,21.637,1.617,21.424,1.353,21.424z"></path>
		<path d="M32.25,9.319h-5.502V6.422c0-3.271-2.687-5.932-5.99-5.932s-5.99,2.661-5.99,5.932v2.897h-5.5
			c-0.415,0-0.75,0.333-0.75,0.743v11.362H4.353c-0.265,0-0.48,0.213-0.48,0.475c0,0.264,0.216,0.476,0.48,0.476h4.164v7.059
			c0,1.696,1.394,3.077,3.107,3.077h18.268c1.714,0,3.108-1.381,3.108-3.077V10.062C33,9.652,32.664,9.319,32.25,9.319z M16.15,6.422
			c0-2.515,2.066-4.562,4.607-4.562s4.607,2.046,4.607,4.562v2.897H16.15V6.422z M31.5,29.433c0,0.878-0.721,1.591-1.608,1.591H11.624
			c-0.886,0-1.607-0.713-1.607-1.591v-7.059h7.139l-2.071,2.052c-0.188,0.186-0.187,0.486,0,0.672c0.094,0.093,0.217,0.139,0.34,0.139
			s0.246-0.046,0.34-0.139l2.89-2.863c0.007-0.006,0.009-0.014,0.015-0.021c0.036-0.04,0.068-0.083,0.09-0.134
			c0.013-0.032,0.014-0.066,0.021-0.1c0.004-0.027,0.016-0.053,0.016-0.082c0-0.028-0.011-0.054-0.016-0.081
			c-0.006-0.033-0.008-0.067-0.021-0.099c-0.021-0.051-0.054-0.095-0.09-0.135c-0.006-0.006-0.008-0.015-0.015-0.021l-2.89-2.861
			c-0.188-0.187-0.492-0.187-0.68,0c-0.187,0.186-0.188,0.486,0,0.672l2.071,2.051h-7.139V10.805h4.75v2.085
			c0,0.378,0.31,0.686,0.691,0.686s0.691-0.307,0.691-0.686v-2.085h9.215v2.085c0,0.378,0.31,0.686,0.691,0.686
			s0.691-0.307,0.691-0.686v-2.085H31.5V29.433z"></path>
	</symbol>
    
    <symbol viewBox="0 0 17.06 24" id="icon-shopping-bag">
            <path d="M-0.004,16.400 L-0.004,21.688 C-0.004,22.960 0.967,23.994 2.162,23.994 L14.894,23.994 C16.088,23.994 17.060,22.960 17.060,21.688 L17.060,7.174 C17.060,6.867 16.826,6.618 16.537,6.618 L12.703,6.618 L12.703,4.448 C12.703,1.997 10.830,0.003 8.528,0.003 C6.225,0.003 4.352,1.997 4.352,4.448 L4.352,6.618 L0.519,6.618 C0.230,6.618 -0.004,6.867 -0.004,7.174 L-0.004,15.687 M5.316,4.448 C5.316,2.563 6.757,1.030 8.528,1.030 C10.298,1.030 11.739,2.563 11.739,4.448 L11.739,6.618 L5.316,6.618 L5.316,4.448 ZM1.042,15.687 L1.060,8.000 L4.352,7.731 L4.352,9.293 C4.352,9.577 4.568,9.807 4.834,9.807 C5.100,9.807 5.316,9.577 5.316,9.293 L5.316,7.731 L11.739,7.731 L11.739,9.293 C11.739,9.577 11.955,9.807 12.221,9.807 C12.487,9.807 12.703,9.577 12.703,9.293 L12.703,7.731 L16.060,8.000 L16.014,21.688 C16.014,22.346 15.512,22.881 14.894,22.881 L2.162,22.881 C1.544,22.881 1.042,22.346 1.042,21.688 L1.042,16.400 "></path>
    </symbol>
    
    <symbol viewBox="0 0 27.25 33.667" id="icon-bagging">
		<path fill="#262626" d="M19.722,33.458H7.591c-2.506,0-4.695-0.942-6.007-2.586c-1.168-1.464-1.564-3.355-1.116-5.327l2.678-15.106
			C3.221,10.01,3.622,9.714,4.053,9.77c0,0,0.001,0,0.002,0c0.448,0,1.791-0.169,2.591-2.304l0.57-1.655
			c0.945-2.646,2.526-5.666,6.44-5.666c3.036,0,5.265,1.963,6.444,5.679c0.011,0.031,0.224,0.651,0.562,1.631
			c0.808,2.151,2.149,2.316,2.543,2.316c0.423-0.053,0.887,0.239,0.962,0.669l2.402,13.605c0.001,0.003,0.001,0.005,0.002,0.008
			l0.214,1.218c0.549,1.97,0.214,3.945-0.96,5.487C24.519,32.474,22.295,33.458,19.722,33.458L19.722,33.458z M4.644,11.361
			L2.072,25.87c-0.344,1.515-0.06,2.915,0.792,3.981c0.999,1.252,2.723,1.971,4.728,1.971h12.131c2.058,0,3.807-0.749,4.801-2.055
			c0.856-1.126,1.094-2.595,0.668-4.136c-0.148-0.828-0.207-1.155-0.23-1.302l-0.002,0.001l-2.29-12.969
			c-0.942-0.153-2.58-0.793-3.526-3.299c-0.007-0.017-0.013-0.034-0.019-0.051c-0.356-1.035-0.578-1.68-0.582-1.692
			c-0.956-3.012-2.6-4.539-4.885-4.539c-2.348,0-3.719,1.28-4.893,4.564C8.759,6.356,8.679,6.591,8.544,6.983L8.187,8.02
			C7.236,10.559,5.59,11.206,4.644,11.361L4.644,11.361z"></path>
		<path fill="#262626" d="M13.715,11.245c-2.638,0-3.838-1.398-4.143-1.826C9.207,8.906,9.073,8.393,9.206,8.011l0,0
			c0,0,0.494-1.438,0.515-1.496c1.173-3.286,2.422-3.959,3.936-3.959c1.779,0,3.1,1.321,3.925,3.925
			c0.016,0.049,0.083,0.246,0.527,1.535c0.136,0.396-0.008,0.947-0.384,1.473C17.348,10.016,16.201,11.245,13.715,11.245
			L13.715,11.245z M13.656,3.497c-0.785,0-1.86,0-3.049,3.333c-0.021,0.057-0.512,1.488-0.512,1.488
			c-0.011,0.067,0.061,0.351,0.359,0.705c0.324,0.385,1.291,1.281,3.26,1.281c1.939,0,2.858-0.878,3.163-1.256
			c0.322-0.399,0.35-0.682,0.339-0.731c-0.534-1.549-0.534-1.549-0.543-1.592C15.997,4.596,14.979,3.497,13.656,3.497L13.656,3.497z"></path>
	</symbol>
    
    <symbol viewBox="-12 -14.875 40 33.188" id="icon-service-desk">
		<path d="M27.813-6.773L20.2-14.482c-0.097-0.177-0.292-0.284-0.488-0.274h-3.014c-0.009,0-0.019,0-0.027,0H14.83
			c-0.01,0-0.01,0-0.02,0h-3.072c-0.01,0-0.02,0.01-0.028,0.01H9.615c-0.02,0-0.029-0.02-0.049-0.02H6.495
			c-0.02,0-0.039,0.02-0.059,0.02l-2.064,0.01c-0.019-0.01-0.039-0.03-0.058-0.03H1.261c-0.039,0-0.059,0.02-0.098,0.03l-1.82,0.009
			c-0.03-0.009-0.048-0.039-0.068-0.029h-2.984c-0.206-0.01-0.392,0.098-0.489,0.274l-5.978,6.036l-1.633,1.653
			c-0.03,0.059-0.049,0.118-0.049,0.187v6.711c0.039,0.586,0.519,1.037,1.076,0.998h1.037v14.909c0,1.232,0.938,2.251,2.103,2.251
			h31.151c0.546,0,1.095-0.235,1.486-0.666s0.626-0.979,0.626-1.585V1.122h1.154c0.567,0.039,1.037-0.411,1.076-0.999v-6.721l0,0
			C27.852-6.656,27.852-6.715,27.813-6.773z M21.923-6.578v1.233h-2.68v-1.252c0-0.029,0-0.059-0.021-0.088l-2.954-5.841h1.135
			L21.923-6.578z M4.313-12.526h1.428L4.988-6.607v1.262H2.385v-1.242L4.313-12.526z M10.779-6.598l-0.519-5.929h1.438l1.713,5.948
			v1.233h-2.633V-6.598L10.779-6.598z M-4.639-8.417l3.189-4.109h1.164l-3.209,5.821c-0.01,0.039-0.01,0.068-0.019,0.107v1.252h-2.69
			v-1.057L-4.639-8.417z M21.708,10.982H-5.95V-1.099h2.437v1.222c0.048,0.587,0.518,1.037,1.076,0.999h3.747
			c0.559,0.039,1.037-0.411,1.076-0.999v-1.222h2.603v1.203c0.04,0.586,0.518,1.037,1.076,0.998h3.651
			c0.546,0.039,1.026-0.402,1.064-0.988v-1.213h2.633v1.232c0.039,0.597,0.519,1.037,1.076,0.998h3.687
			c0.56,0.039,1.028-0.401,1.068-0.988v-1.242h2.446v12.081H21.708z"></path>
	</symbol>
    
    <symbol viewBox="0 0 50 50" id="icon-cex-service-desk">
        <g>
            <path fill="#FFFFFF" d="M27.742,18.951c0,0.552-0.442,1-0.988,1H14.397c-0.546,0-0.988-0.448-0.988-1v-6.583
                c0-0.552,0.442-1,0.988-1h12.357c0.546,0,0.988,0.448,0.988,1V18.951z"></path>
            <path d="M26.754,20.451H14.397c-0.821,0-1.488-0.673-1.488-1.5v-6.583c0-0.827,0.667-1.5,1.488-1.5h12.357
                c0.82,0,1.488,0.673,1.488,1.5v6.583C28.242,19.778,27.574,20.451,26.754,20.451L26.754,20.451z M14.397,11.867
                c-0.269,0-0.488,0.224-0.488,0.5v6.583c0,0.276,0.219,0.5,0.488,0.5h12.357c0.27,0,0.488-0.224,0.488-0.5v-6.583
                c0-0.276-0.219-0.5-0.488-0.5H14.397L14.397,11.867z"></path>
        </g>
        <path d="M40.553,16.273c-0.023-0.053-0.038-0.108-0.074-0.157l-0.022-0.03c-0.058-0.092-0.131-0.174-0.195-0.262l-3.326-4.463
            c-0.247-0.331-0.715-0.401-1.05-0.153c-0.332,0.248-0.4,0.718-0.153,1.05l3.106,4.168l-0.002,0.002
            c0.023,0.024,0.039,0.053,0.062,0.078l0.307,0.412c0.261,0.429,0.405,0.919,0.413,1.429h-0.004v0.59
            c-0.075,0.016-0.149,0.035-0.228,0.035c-0.598,0-1.083-0.486-1.083-1.083c0-0.335,0.151-0.647,0.416-0.854l-0.617-0.787
            c-0.508,0.398-0.799,0.996-0.799,1.641c0,1.149,0.935,2.083,2.083,2.083c0.078,0,0.151-0.026,0.228-0.035v18.519
            c0,0.007-0.004,0.013-0.004,0.02c0,1.218-0.99,2.208-2.208,2.208s-2.208-0.99-2.208-2.208V28.33H35.17
            c0.006-0.036,0.021-0.068,0.021-0.105c0-1.928-1.483-3.499-3.366-3.674V9.867c0-1.517-1.233-2.75-2.75-2.75h-17
            c-1.517,0-2.75,1.233-2.75,2.75v32.179H8.346v1.5h24.375v-1.5h-0.896V26.051c1.055,0.166,1.866,1.073,1.866,2.174
            c0,0.037,0.016,0.069,0.021,0.105h-0.02v10.422h0.028c0.145,1.913,1.729,3.431,3.68,3.431c1.985,0,3.598-1.572,3.69-3.535h0.021
            V18.39h0.008C41.121,17.637,40.914,16.917,40.553,16.273z M10.826,9.867c0-0.689,0.561-1.25,1.25-1.25h17
            c0.689,0,1.25,0.561,1.25,1.25v32.166h-19.5V9.867z"></path>
    </symbol>
	
	<symbol viewBox="-12 -18.5 35.125 40" id="icon-lockers">
		<g>
			<path d="M0.723,21.5H-8.88c-1.72,0-3.12-1.401-3.12-3.12v-33.608c0-1.715,1.399-3.111,3.12-3.111h9.603
				c1.715,0,3.111,1.396,3.111,3.111V18.38C3.833,20.131,2.467,21.5,0.723,21.5L0.723,21.5z M-8.88-16.91
				c-0.933,0-1.69,0.754-1.69,1.681V18.38c0,0.947,0.743,1.69,1.69,1.69h9.603c0.944,0,1.681-0.743,1.681-1.69v-33.608
				c0-0.927-0.753-1.681-1.681-1.681H-8.88L-8.88-16.91z"></path>
			<path d="M19.919,21.5h-9.594c-1.715,0-3.108-1.401-3.108-3.12v-33.608c0-1.715,1.393-3.111,3.108-3.111h9.594
				c1.748,0,3.12,1.366,3.12,3.111V18.38C23.039,20.131,21.667,21.5,19.919,21.5L19.919,21.5z M10.325-16.91
				c-0.925,0-1.68,0.754-1.68,1.681V18.38c0,0.947,0.738,1.69,1.68,1.69h9.594c0.947,0,1.69-0.743,1.69-1.69v-33.608
				c0-0.944-0.743-1.681-1.69-1.681H10.325L10.325-16.91z"></path>
			<path d="M-0.479-12.109h-7.208c-0.394,0-0.715-0.321-0.715-0.715s0.322-0.715,0.715-0.715h7.208
				c0.394,0,0.715,0.321,0.715,0.715S-0.085-12.109-0.479-12.109L-0.479-12.109z"></path>
			<path d="M-0.479-7.308h-7.208c-0.394,0-0.715-0.321-0.715-0.714s0.322-0.715,0.715-0.715h7.208
				c0.394,0,0.715,0.321,0.715,0.715S-0.085-7.308-0.479-7.308L-0.479-7.308z"></path>
			<path d="M-0.479-2.506h-7.208c-0.394,0-0.715-0.322-0.715-0.716s0.322-0.714,0.715-0.714h7.208
				c0.394,0,0.715,0.321,0.715,0.714S-0.085-2.506-0.479-2.506L-0.479-2.506z"></path>
			<path d="M-7.687,7.096c-0.394,0-0.715-0.32-0.715-0.714V3.985c0-0.789,1.43-0.789,1.43,0v2.396
				C-6.972,6.775-7.293,7.096-7.687,7.096L-7.687,7.096z"></path>
			<path d="M-0.479,16.688h-7.208c-0.394,0-0.715-0.322-0.715-0.716s0.322-0.714,0.715-0.714h7.208
				c0.394,0,0.715,0.32,0.715,0.714S-0.085,16.688-0.479,16.688L-0.479,16.688z"></path>
			<path d="M18.735-12.109h-7.207c-0.394,0-0.715-0.321-0.715-0.715s0.321-0.715,0.715-0.715h7.207
				c0.394,0,0.714,0.321,0.714,0.715S19.129-12.109,18.735-12.109L18.735-12.109z"></path>
			<path d="M18.735-7.308h-7.207c-0.394,0-0.715-0.321-0.715-0.714s0.321-0.715,0.715-0.715h7.207
				c0.394,0,0.714,0.321,0.714,0.715S19.129-7.308,18.735-7.308L18.735-7.308z"></path>
			<path d="M18.735-2.506h-7.207c-0.394,0-0.715-0.322-0.715-0.716s0.321-0.714,0.715-0.714h7.207
				c0.394,0,0.714,0.321,0.714,0.714S19.129-2.506,18.735-2.506L18.735-2.506z"></path>
			<path d="M11.528,7.096c-0.394,0-0.715-0.32-0.715-0.714V3.985c0-0.789,1.431-0.789,1.431,0v2.396
				C12.244,6.775,11.922,7.096,11.528,7.096L11.528,7.096z"></path>
			<path d="M18.735,16.688h-7.207c-0.394,0-0.715-0.322-0.715-0.716s0.321-0.714,0.715-0.714h7.207
				c0.394,0,0.714,0.32,0.714,0.714S19.129,16.688,18.735,16.688L18.735,16.688z"></path>
		</g>
	</symbol>

	<symbol viewBox="-12.414 -13.422 40 30.152" id="icon-concierge">
		<path d="M-0.548,5.422c0,0.569-0.394,0.932-1.17,1.087c-0.466,0.115-1.222,0.156-2.268,0.156h-0.31
			c-0.684,0-1.263-0.238-1.76-0.735C-6.551,5.434-6.8,4.842-6.8,4.17c0-0.684,0.249-1.264,0.746-1.759
			c0.497-0.498,1.076-0.746,1.76-0.746c0.673,0,1.47,0.455,2.381,1.366S-0.548,4.739-0.548,5.422z M19.471,1.665
			c0.683,0,1.284,0.248,1.76,0.746c0.497,0.485,0.745,1.075,0.745,1.759c0,0.672-0.248,1.264-0.745,1.76
			c-0.476,0.487-1.077,0.735-1.76,0.735H19.16c-1.035,0-1.801-0.052-2.268-0.156c-0.776-0.155-1.17-0.518-1.17-1.098
			c0-0.672,0.457-1.469,1.368-2.38C18,2.12,18.808,1.665,19.471,1.665z M27.545-5.219l-0.643,1.874
			c-0.104,0.424-0.394,0.631-0.849,0.631h-2.277c0.829,0.674,1.471,1.512,1.904,2.505c0.455,0.983,0.664,2.029,0.664,3.126v4.379
			c0,1.2-0.416,2.216-1.243,3.054v3.199c0,0.899-0.289,1.645-0.911,2.225c-0.58,0.62-1.325,0.911-2.215,0.911h-3.748
			c-0.889,0-1.635-0.291-2.234-0.911c-0.601-0.58-0.901-1.325-0.901-2.225v-1.874H0.083v1.874c0,0.899-0.3,1.645-0.899,2.225
			c-0.602,0.62-1.347,0.911-2.236,0.911H-6.8c-0.89,0-1.635-0.291-2.236-0.911c-0.59-0.58-0.901-1.325-0.901-2.225V10.35
			c-0.828-0.838-1.242-1.854-1.242-3.054V2.917c0-1.097,0.218-2.143,0.663-3.126c0.445-0.993,1.077-1.831,1.915-2.505h-2.267
			c-0.466,0-0.755-0.207-0.859-0.631l-0.632-1.874c-0.104-0.31-0.062-0.6,0.125-0.858c0.175-0.26,0.424-0.393,0.735-0.393h2.505
			c0.476,0,0.755,0.207,0.859,0.631l0.476,1.253l2.339-5.166c0.528-1.098,1.294-1.967,2.309-2.62s2.152-0.983,3.405-0.983h14.389
			c1.252,0,2.391,0.331,3.404,0.983c1.015,0.652,1.78,1.522,2.298,2.62l2.34,5.154l0.477-1.252c0.103-0.414,0.394-0.621,0.849-0.621
			h2.525c0.29,0,0.538,0.123,0.745,0.393C27.586-5.819,27.627-5.528,27.545-5.219z M-4.999-4.514c0.414-0.051,0.859-0.072,1.324-0.072
			H18.85c0.455,0,0.91,0.021,1.325,0.072l-1.947-4.151c-0.319-0.672-0.786-1.211-1.407-1.594c-0.631-0.393-1.305-0.59-2.038-0.59
			H0.394c-0.734,0-1.407,0.197-2.028,0.59c-0.632,0.383-1.098,0.921-1.418,1.594L-4.999-4.514z M-2.422,11.675h-2.505
			c-1.459,0-2.297-0.031-2.505-0.072v1.946c0,0.154,0.073,0.299,0.197,0.435C-7.1,14.118-6.966,14.18-6.8,14.18h3.748
			c0.154,0,0.31-0.062,0.434-0.196c0.136-0.136,0.197-0.269,0.197-0.435V11.675z M22.617,11.603c-0.207,0.041-1.056,0.072-2.525,0.072
			h-2.495v1.874c0,0.154,0.073,0.299,0.197,0.435c0.135,0.135,0.27,0.196,0.434,0.196h3.748c0.146,0,0.31-0.062,0.435-0.196
			c0.125-0.136,0.207-0.269,0.207-0.435V11.603L22.617,11.603z M18.85-2.093H-3.675c-1.355,0-2.525,0.497-3.519,1.491
			c-0.994,0.982-1.491,2.162-1.491,3.519v4.379c0,0.518,0.187,0.963,0.549,1.325C-7.763,8.983-7.317,9.17-6.8,9.17h28.776
			c0.519,0,0.973-0.187,1.325-0.549c0.373-0.362,0.56-0.808,0.56-1.325V2.917c0-1.356-0.498-2.536-1.491-3.519
			C21.376-1.596,20.216-2.093,18.85-2.093z M1.801,4.17h11.573c0.311,0,0.466,0.238,0.466,0.705c0,0.465-0.176,0.889-0.538,1.251
			s-0.808,0.539-1.336,0.539H3.209c-0.527,0-0.963-0.177-1.334-0.539C1.512,5.764,1.336,5.34,1.336,4.875
			C1.336,4.408,1.491,4.17,1.801,4.17z"></path>
	</symbol>
	
	<symbol viewBox="0 0 39.75 34.625" id="icon-mobile-collect">
		<path fill="#010101" d="M27.226,5.685v5.824l0.999,0V5.685H27.226z"></path>
		<g>
			<path fill="#010101" d="M22.167,8.775c-0.249-0.992-1.144-1.726-2.209-1.726c-1.259,0-2.278,1.023-2.278,2.286
				c0,1.263,1.02,2.286,2.278,2.286c1.066,0,1.96-0.734,2.209-1.726h-0.961c-0.214,0.479-0.692,0.812-1.249,0.812
				c-0.755,0-1.367-0.614-1.367-1.372c0-0.757,0.612-1.371,1.367-1.371c0.556,0,1.035,0.333,1.249,0.811L22.167,8.775L22.167,8.775z"></path>
			<path fill="#010101" d="M26.018,9.335c0,0.758-0.611,1.372-1.366,1.372c-0.756,0-1.368-0.614-1.368-1.372
				c0-0.757,0.613-1.371,1.368-1.371S26.018,8.578,26.018,9.335 M26.93,9.335c0-1.262-1.02-2.285-2.278-2.285
				c-1.258,0-2.279,1.023-2.279,2.285c0,1.263,1.021,2.286,2.279,2.286C25.91,11.621,26.93,10.598,26.93,9.335"></path>
			<path fill="#010101" d="M30.686,7.872L30.686,7.872L30.686,7.872c0.416,0,0.982,0.236,1.181,0.894h-2.361
				C29.703,8.108,30.27,7.872,30.686,7.872 M32.841,9.541c0.006-0.075,0.011-0.15,0.011-0.229c0.002-1.692-1.28-2.263-2.165-2.263l0,0
				h-0.001c-0.886,0-2.167,0.57-2.165,2.263c-0.002,1.404,1.015,2.309,2.166,2.308l0,0l0,0c0.93,0,1.771-0.59,2.059-1.558h-0.979
				c-0.223,0.434-0.635,0.689-1.079,0.689l0,0c-0.604,0-1.144-0.467-1.239-1.212h2.477v0H32.841z"></path>
			<path fill="#010101" d="M34.832,11.61c-1.152,0-1.813-0.557-1.813-1.527v-0.02h0.901l0.001,0.019
				c0.038,0.517,0.363,0.768,0.99,0.768c0.522,0,0.846-0.214,0.846-0.557c0-0.292-0.22-0.401-0.654-0.509l-0.637-0.162
				c-0.474-0.116-0.79-0.254-0.996-0.433C33.245,8.992,33.14,8.74,33.14,8.394c0-0.396,0.152-0.73,0.44-0.966
				c0.294-0.24,0.718-0.367,1.228-0.367c0.527,0,0.97,0.131,1.279,0.379c0.308,0.246,0.469,0.592,0.469,1.002v0.008h-0.894
				l-0.001-0.008c-0.023-0.418-0.329-0.639-0.886-0.639c-0.438,0-0.708,0.174-0.708,0.453c0,0.311,0.269,0.435,0.701,0.534l0.54,0.122
				c0.888,0.206,1.367,0.47,1.367,1.268c0,0.438-0.165,0.8-0.479,1.048C35.878,11.478,35.406,11.61,34.832,11.61"></path>
		</g>
		<path fill-rule="evenodd" clip-rule="evenodd" d="M7.978,10.202c0.271,0,0.543,0,0.814,0c2.653,0.563,2.345,4.32,0.163,4.722
			C5.805,15.504,4.876,10.82,7.978,10.202z"></path>
		<path fill-rule="evenodd" clip-rule="evenodd" d="M10.828,15.738c-2.318-0.245-3.831,0.376-5.536-0.082
			c-1.001-0.269-1.893-1-2.442-1.546C1.964,13.229,1.066,10.932,0,12.645c0,0.135,0,0.271,0,0.406
			c1.118,2.194,2.919,3.703,5.536,4.396c-0.214,1.922,0.276,4.044,0,6.351c-0.019,0.158-0.018,0.307,0,0.446
			c-0.005,1.982-0.045,4.491-0.045,6.376c0,1.535-0.308,3.769,0.977,3.989c0.189,0,0.38,0,0.569,0
			c1.461-0.204,1.059-2.962,1.059-4.966c0-1.997-0.125-3.817,0.15-4.993l-0.021-0.006c0.066-0.031,0.146-0.044,0.242-0.033
			c0.292,1.174,0.163,3.021,0.163,5.048c0,2.005-0.403,4.763,1.059,4.966c0.19,0,0.38,0,0.57,0c1.284-0.22,0.977-2.454,0.977-3.989
			c0-4.16,0-8.739,0-12.293c0.406,0.449,0.662,1.276,0.732,2.035c0.165,1.768-1.129,5.175,0.326,5.21
			c1.377,0.035,0.967-2.51,1.384-3.662c0-0.462,0-0.923,0-1.384C13.373,18.295,12.542,16.574,10.828,15.738z"></path>
		<path fill-rule="evenodd" clip-rule="evenodd" d="M38.156,0.373H16.294c-0.749,0-1.357,0.609-1.357,1.357v27.355
			c0,0.749,0.608,1.358,1.357,1.358h1.772v3.779c0,0.217,0.176,0.394,0.393,0.394h2.041c0.217,0,0.393-0.177,0.393-0.394v-3.779h0.725
			v3.779c0,0.217,0.176,0.394,0.393,0.394h2.042c0.217,0,0.392-0.177,0.392-0.394v-3.779h6.011v3.779c0,0.217,0.176,0.394,0.393,0.394
			h2.041c0.218,0,0.393-0.177,0.393-0.394v-3.779h0.558v3.779c0,0.217,0.177,0.394,0.393,0.394h2.041c0.217,0,0.394-0.177,0.394-0.394
			v-3.779h1.49c0.749,0,1.358-0.609,1.358-1.358V1.73C39.515,0.982,38.905,0.373,38.156,0.373z M37.944,26.536H27.618V13.343h-0.785
			v13.193H16.508V1.943h10.325v2.142h0.785V1.943h10.326V26.536z"></path>
	</symbol>

	<symbol viewBox="0 0 29 38" id="icon-eftpos">
		<path d="M20.722,37.983h-16.7c-2.21,0-4.008-1.788-4.008-3.986V3.983c0-2.198,1.798-3.986,4.008-3.986h16.7
			c2.21,0,4.009,1.788,4.009,3.986v30.014C24.73,36.195,22.932,37.983,20.722,37.983z M4.021,1.508c-1.372,0-2.489,1.11-2.489,2.475
			v30.014c0,1.365,1.117,2.476,2.489,2.476h16.7c1.372,0,2.489-1.11,2.489-2.476V3.983c0-1.365-1.117-2.475-2.489-2.475H4.021z"></path>
		<path d="M19.558,10.932H5.186c-0.755,0-1.368-0.611-1.368-1.36V5.338c0-0.75,0.613-1.36,1.368-1.36h14.372
			c0.755,0,1.368,0.61,1.368,1.36v4.234C20.926,10.321,20.313,10.932,19.558,10.932z M5.186,4.945c-0.219,0-0.396,0.176-0.396,0.393
			v4.234c0,0.217,0.177,0.393,0.396,0.393h14.372c0.218,0,0.396-0.176,0.396-0.393V5.338c0-0.217-0.178-0.393-0.396-0.393H5.186z"></path>
		<path d="M6.419,17.448c-1.306,0-2.368-1.056-2.368-2.355s1.063-2.355,2.368-2.355c1.307,0,2.369,1.056,2.369,2.355
			S7.726,17.448,6.419,17.448z M6.419,13.608c-0.823,0-1.493,0.666-1.493,1.485s0.67,1.484,1.493,1.484
			c0.824,0,1.494-0.666,1.494-1.484S7.243,13.608,6.419,13.608z"></path>
		<path d="M12.371,17.448c-1.306,0-2.368-1.056-2.368-2.355s1.063-2.355,2.368-2.355c1.307,0,2.369,1.056,2.369,2.355
			S13.678,17.448,12.371,17.448z M12.371,13.608c-0.823,0-1.493,0.666-1.493,1.485s0.67,1.484,1.493,1.484
			c0.824,0,1.493-0.666,1.493-1.484S13.195,13.608,12.371,13.608z"></path>
		<path d="M18.324,17.448c-1.307,0-2.369-1.056-2.369-2.355s1.063-2.355,2.369-2.355c1.306,0,2.368,1.056,2.368,2.355
			S19.63,17.448,18.324,17.448z M18.324,13.608c-0.824,0-1.494,0.666-1.494,1.485s0.67,1.484,1.494,1.484
			c0.823,0,1.492-0.666,1.492-1.484S19.147,13.608,18.324,13.608z"></path>
		<path d="M6.419,23.403c-1.306,0-2.368-1.057-2.368-2.355s1.063-2.355,2.368-2.355c1.307,0,2.369,1.056,2.369,2.355
			S7.726,23.403,6.419,23.403z M6.419,19.563c-0.823,0-1.493,0.666-1.493,1.484s0.67,1.484,1.493,1.484
			c0.824,0,1.494-0.666,1.494-1.484S7.243,19.563,6.419,19.563z"></path>
		<path d="M12.371,23.403c-1.306,0-2.368-1.057-2.368-2.355s1.063-2.355,2.368-2.355c1.307,0,2.369,1.056,2.369,2.355
			S13.678,23.403,12.371,23.403z M12.371,19.563c-0.823,0-1.493,0.666-1.493,1.484s0.67,1.484,1.493,1.484
			c0.824,0,1.493-0.666,1.493-1.484S13.195,19.563,12.371,19.563z"></path>
		<path d="M18.324,23.403c-1.307,0-2.369-1.057-2.369-2.355s1.063-2.355,2.369-2.355c1.306,0,2.368,1.056,2.368,2.355
			S19.63,23.403,18.324,23.403z M18.324,19.563c-0.824,0-1.494,0.666-1.494,1.484s0.67,1.484,1.494,1.484
			c0.823,0,1.492-0.666,1.492-1.484S19.147,19.563,18.324,19.563z"></path>
		<path d="M6.419,29.357c-1.306,0-2.368-1.056-2.368-2.354s1.063-2.355,2.368-2.355c1.307,0,2.369,1.057,2.369,2.355
			S7.726,29.357,6.419,29.357z M6.419,25.519c-0.823,0-1.493,0.665-1.493,1.484c0,0.818,0.67,1.484,1.493,1.484
			c0.824,0,1.494-0.666,1.494-1.484C7.913,26.184,7.243,25.519,6.419,25.519z"></path>
		<path d="M12.371,29.357c-1.306,0-2.368-1.056-2.368-2.354s1.063-2.355,2.368-2.355c1.307,0,2.369,1.057,2.369,2.355
			S13.678,29.357,12.371,29.357z M12.371,25.519c-0.823,0-1.493,0.665-1.493,1.484c0,0.818,0.67,1.484,1.493,1.484
			c0.824,0,1.493-0.666,1.493-1.484C13.864,26.184,13.195,25.519,12.371,25.519z"></path>
		<path d="M18.324,29.357c-1.307,0-2.369-1.056-2.369-2.354s1.063-2.355,2.369-2.355c1.306,0,2.368,1.057,2.368,2.355
			S19.63,29.357,18.324,29.357z M18.324,25.519c-0.824,0-1.494,0.665-1.494,1.484c0,0.818,0.67,1.484,1.494,1.484
			c0.823,0,1.492-0.666,1.492-1.484C19.816,26.184,19.147,25.519,18.324,25.519z"></path>
		<path d="M23.853,32.467H1.229c-0.269,0-0.486-0.217-0.486-0.483c0-0.268,0.218-0.483,0.486-0.483h22.623
			c0.269,0,0.486,0.216,0.486,0.483C24.339,32.25,24.121,32.467,23.853,32.467z"></path>
		<path d="M26.179,25.124h-1.928c-0.42,0-0.76-0.339-0.76-0.756s0.34-0.756,0.76-0.756h1.928c0.711,0,1.289-0.574,1.289-1.281V7.459
			c0-0.707-0.578-1.282-1.289-1.282h-1.928c-0.42,0-0.76-0.338-0.76-0.755s0.34-0.756,0.76-0.756h1.928
			c1.548,0,2.809,1.253,2.809,2.793v14.872C28.987,23.871,27.727,25.124,26.179,25.124z"></path>
	</symbol>
	
	<symbol viewBox="0 0 31 38" id="icon-payaccount">
		<path d="M19.053,17.039c2.319-2.039,3.688-5.757,3.688-8.561c0.035-4.181-3.267-7.839-7.269-7.989
			c-3.948,0.149-7.251,3.81-7.213,7.986c0,2.804,1.369,6.522,3.701,8.563C5.621,17.117,0.485,22.317,0.485,28.705v1.831
			c0,0.41,0.331,0.742,0.739,0.742h10.07l-0.175,0.869c-0.044,0.215,0.01,0.439,0.147,0.611l3.567,4.473
			c0.141,0.176,0.353,0.279,0.577,0.279c0.224,0,0.437-0.104,0.577-0.278l3.567-4.474c0.137-0.172,0.191-0.396,0.147-0.611
			l-0.175-0.869h10.249c0.407,0,0.739-0.332,0.739-0.742v-1.831C30.516,22.321,25.387,17.125,19.053,17.039z M16.141,20.77h-1.459
			l-0.893-2.254h1.548c0.062,0.004,0.121,0.018,0.184,0.02c0.062-0.001,0.121-0.016,0.182-0.02h1.331L16.141,20.77z M9.737,8.469
			c-0.031-3.401,2.621-6.376,5.735-6.496c3.17,0.121,5.821,3.095,5.791,6.496c0,0.002,0,0.004,0,0.007
			c0,3.332-2.346,8.297-5.572,8.556h-0.347C12.082,16.772,9.736,11.808,9.737,8.469z M1.963,29.794v-1.089
			c0-5.618,4.55-10.189,10.142-10.189h0.094l1.108,2.798l-1.713,8.48H1.963z M15.41,35.581l-2.774-3.479l2.096-10.382h1.357
			l2.097,10.382L15.41,35.581z M29.037,29.794h-9.811l-1.712-8.48l1.108-2.798h0.272c5.593,0,10.142,4.571,10.142,10.189V29.794z"></path>
	</symbol>

	<symbol viewBox="0 0 33 34" id="icon-remotedelivery">
		<path d="M23.875,33.982h-1.989c-0.253,0-0.49-0.131-0.627-0.346l-4.794-7.545l-1.519-0.754c-0.625-0.311-1.364-0.145-1.801,0.398
			l-1.826,2.275c-0.142,0.176-0.354,0.277-0.579,0.277H6.275c-0.259,0-0.5-0.135-0.636-0.359l-4.031-6.654
			c-1.637-2.701-1.344-6.113,0.728-8.488l6.229-7.138c0.71-0.814,1.733-1.281,2.807-1.281h4.025c0.227,0,0.441,0.104,0.583,0.283
			c0.141,0.179,0.194,0.413,0.145,0.636l-0.62,2.795l3.562,0.948l3.005-8.512c0.097-0.276,0.346-0.471,0.636-0.498
			c0.29-0.028,0.566,0.119,0.712,0.374l8.257,14.451c1.307,2.288,1.266,5.105-0.107,7.353l-3.9,6.391l-3.164,5.043
			C24.367,33.852,24.13,33.982,23.875,33.982z M22.293,32.475h1.172l2.939-4.686l3.896-6.383c1.082-1.773,1.115-3.999,0.084-5.805
			l-7.451-13.04l-2.693,7.629c-0.129,0.368-0.516,0.578-0.891,0.475l-4.919-1.309c-0.389-0.103-0.626-0.499-0.538-0.894l0.573-2.586
			h-3.095c-0.646,0-1.261,0.281-1.688,0.771l-6.228,7.138c-1.637,1.875-1.867,4.568-0.575,6.701l3.813,6.295h3.692l1.603-1.996
			c0.875-1.092,2.361-1.424,3.615-0.803l1.705,0.848c0.122,0.061,0.226,0.152,0.299,0.268L22.293,32.475z"></path>
		<path d="M25.839,29.684h-5.983c-0.264,0-0.479-0.215-0.479-0.482c0-0.266,0.215-0.482,0.479-0.482h5.983
			c0.263,0,0.478,0.217,0.478,0.482C26.316,29.469,26.102,29.684,25.839,29.684z"></path>
		<path d="M14.418,9.681c-0.263,0-0.478-0.216-0.478-0.483V8.946c0-0.267,0.214-0.482,0.478-0.482c0.263,0,0.478,0.216,0.478,0.482
			v0.251C14.896,9.464,14.681,9.681,14.418,9.681z"></path>
		<path d="M14.418,14.799c-0.263,0-0.478-0.216-0.478-0.483v-0.512c0-0.267,0.214-0.482,0.478-0.482c0.263,0,0.478,0.216,0.478,0.482
			v0.512C14.896,14.583,14.681,14.799,14.418,14.799z M14.418,12.24c-0.263,0-0.478-0.216-0.478-0.483v-0.512
			c0-0.267,0.214-0.482,0.478-0.482c0.263,0,0.478,0.216,0.478,0.482v0.512C14.896,12.023,14.681,12.24,14.418,12.24z"></path>
		<path d="M14.667,17.098h-0.249c-0.263,0-0.478-0.216-0.478-0.483v-0.251c0-0.267,0.214-0.483,0.478-0.483
			c0.196,0,0.365,0.12,0.438,0.292c0.17,0.074,0.289,0.245,0.289,0.443C15.145,16.881,14.93,17.098,14.667,17.098z"></path>
		<path d="M20.092,17.098h-0.543c-0.263,0-0.478-0.216-0.478-0.483s0.215-0.483,0.478-0.483h0.543c0.264,0,0.478,0.216,0.478,0.483
			S20.355,17.098,20.092,17.098z M17.379,17.098h-0.542c-0.263,0-0.478-0.216-0.478-0.483s0.215-0.483,0.478-0.483h0.542
			c0.264,0,0.479,0.216,0.479,0.483S17.643,17.098,17.379,17.098z"></path>
		<path d="M22.51,17.098h-0.248c-0.263,0-0.478-0.216-0.478-0.483c0-0.215,0.14-0.397,0.332-0.46c0.089-0.184,0.29-0.302,0.496-0.267
			c0.261,0.038,0.442,0.282,0.405,0.546l-0.034,0.249C22.949,16.921,22.748,17.098,22.51,17.098z"></path>
		<path d="M22.852,14.618c-0.021,0-0.044-0.001-0.066-0.005c-0.262-0.037-0.443-0.281-0.406-0.544l0.076-0.558
			c0.036-0.265,0.281-0.451,0.539-0.412c0.261,0.037,0.442,0.281,0.406,0.544l-0.076,0.558C23.291,14.443,23.086,14.618,22.852,14.618
			z"></path>
		<path d="M23.235,11.829c-0.022,0-0.044-0.001-0.065-0.004c-0.262-0.037-0.444-0.28-0.408-0.544l0.034-0.249
			c0.021-0.153,0.112-0.287,0.247-0.359l0.219-0.12c0.23-0.125,0.521-0.039,0.646,0.197c0.125,0.235,0.038,0.528-0.193,0.654
			l-0.008,0.009C23.675,11.654,23.47,11.829,23.235,11.829z"></path>
		<path d="M25.122,10.572c-0.17,0-0.334-0.092-0.421-0.254c-0.124-0.234-0.037-0.527,0.195-0.654l0.408-0.223
			c0.23-0.125,0.521-0.039,0.646,0.196c0.125,0.235,0.038,0.527-0.194,0.654l-0.408,0.223C25.276,10.553,25.199,10.572,25.122,10.572z
			"></path>
		<path d="M27.165,9.46c-0.169,0-0.334-0.092-0.42-0.253c-0.125-0.234-0.038-0.527,0.192-0.654l0.219-0.12
			c0.232-0.126,0.522-0.04,0.646,0.196c0.125,0.235,0.039,0.527-0.192,0.654l-0.218,0.12C27.319,9.441,27.242,9.46,27.165,9.46z"></path>
	</symbol>

	<symbol viewBox="0 0 38 26" id="icon-colesmc-payment">
		<g>
			<path d="M33.468,0.36H4.533c-2.397,0-4.347,1.94-4.347,4.324v16.634c0,2.384,1.95,4.323,4.347,4.323h28.936
				c2.396,0,4.346-1.939,4.346-4.323V4.684C37.814,2.3,35.865,0.36,33.468,0.36z M4.533,2.118h28.936c1.422,0,2.58,1.15,2.58,2.566
				v2.343H1.953V4.684C1.953,3.268,3.109,2.118,4.533,2.118z M33.468,23.882H4.533c-1.423,0-2.58-1.151-2.58-2.565V8.784h34.095
				v12.533C36.048,22.732,34.891,23.882,33.468,23.882z"></path>
		</g>
		<g>
			<path d="M11.835,16.188c-0.356-1.418-1.635-2.468-3.16-2.468c-1.8,0-3.258,1.464-3.258,3.269c0,1.806,1.458,3.269,3.258,3.269
				c1.525,0,2.804-1.05,3.16-2.468H10.46c-0.305,0.685-0.989,1.161-1.785,1.161c-1.08,0-1.955-0.878-1.955-1.962
				c0-1.083,0.875-1.961,1.955-1.961c0.796,0,1.48,0.477,1.785,1.16H11.835L11.835,16.188z"></path>
			<path d="M17.343,16.988c0,1.083-0.875,1.962-1.955,1.962c-1.08,0-1.956-0.878-1.956-1.962c0-1.083,0.876-1.961,1.956-1.961
				C16.467,15.027,17.343,15.906,17.343,16.988 M18.646,16.988c0-1.805-1.458-3.269-3.258-3.269s-3.26,1.464-3.26,3.269
				c0,1.806,1.459,3.269,3.26,3.269C17.188,20.258,18.646,18.794,18.646,16.988"></path>
			<path d="M19.069,11.768l0,8.329l1.429,0.001l0-8.331L19.069,11.768z"></path>
			<path d="M24.017,14.896L24.017,14.896L24.017,14.896c0.594,0,1.404,0.338,1.688,1.279h-3.377
				C22.612,15.235,23.422,14.896,24.017,14.896 M27.1,17.283c0.009-0.107,0.013-0.216,0.013-0.327
				c0.004-2.421-1.829-3.237-3.095-3.237h0l0,0c-1.267,0-3.099,0.816-3.096,3.237c-0.003,2.007,1.451,3.301,3.096,3.301l0,0h0
				c1.33,0,2.533-0.845,2.945-2.228h-1.402c-0.318,0.62-0.906,0.986-1.543,0.986l0,0c-0.863,0-1.634-0.668-1.771-1.733h3.542
				c0,0,0,0,0,0.001H27.1z"></path>
			<path d="M29.946,20.242c-1.647,0-2.592-0.796-2.592-2.184V18.03h1.289l0,0.027c0.057,0.739,0.52,1.099,1.417,1.099
				c0.746,0,1.209-0.305,1.209-0.797c0-0.417-0.315-0.573-0.936-0.729l-0.91-0.231c-0.679-0.167-1.131-0.364-1.425-0.62
				c-0.323-0.281-0.473-0.642-0.473-1.136c0-0.567,0.218-1.044,0.629-1.381c0.42-0.344,1.027-0.525,1.756-0.525
				c0.754,0,1.386,0.187,1.83,0.543c0.438,0.351,0.669,0.846,0.669,1.433v0.011h-1.278l-0.001-0.011
				c-0.034-0.598-0.472-0.914-1.267-0.914c-0.625,0-1.013,0.248-1.013,0.647c0,0.444,0.384,0.621,1.005,0.763l0.771,0.174
				c1.269,0.295,1.956,0.672,1.956,1.813c0,0.627-0.238,1.145-0.687,1.499C31.442,20.052,30.768,20.242,29.946,20.242"></path>
		</g>
	</symbol>



	<symbol viewBox="12.833 43 228.667 71.334" id="icon-visa">
		<g id="g10" transform="matrix(1.25,0,0,-1.25,-74.19125,149.0417)">
			<g id="g4163" transform="matrix(0.6384875,0,0,0.6384875,24.348951,24.07854)">
				<g id="g12" transform="translate(143.448,67.609)">
					<path id="path14" fill="#2C3B92" d="M24.427-60.189l13.816,85.524h22.083L46.512-60.189H24.427"></path>
				</g>
				<g id="g16" transform="translate(224.353,133.66)">
					<path id="path18" fill="#2C3B92" d="M45.71-42.815c-4.366,1.717-11.235,3.59-19.788,3.59c-21.834,0-37.203-11.608-37.331-28.227
						C-11.547-79.745-0.441-86.6,7.933-90.687c8.604-4.187,11.494-6.869,11.46-10.613c-0.059-5.729-6.867-8.352-13.217-8.352
						c-8.842,0-13.538,1.292-20.8,4.487l-2.841,1.361l-3.088-19.143c5.149-2.381,14.695-4.449,24.603-4.559
						c23.204,0,38.281,11.468,38.458,29.215c0.078,9.747-5.805,17.138-18.55,23.238c-7.716,3.964-12.454,6.591-12.4,10.605
						c0.005,3.556,4.001,7.361,12.652,7.361c7.224,0.116,12.451-1.547,16.526-3.285l1.986-0.979L45.71-42.815"></path>
				</g>
				<g id="g20" transform="translate(247.634,91.616)">
					<path id="path22" fill="#2C3B92" d="M51.835-53.875c1.83,4.916,8.798,23.905,8.798,23.905c-0.13-0.225,1.818,4.955,2.934,8.161
						l1.49-7.376c0,0,4.239-20.414,5.112-24.689C66.731-53.875,56.147-53.875,51.835-53.875z M79.079,1.241H62.013
						c-5.293,0-9.255-1.513-11.575-7.09L17.643-84.228h23.194c0,0,3.783,10.545,4.642,12.858c2.529,0,25.069-0.044,28.285-0.044
						c0.663-2.983,2.689-12.813,2.689-12.813h20.498L79.079,1.241"></path>
				</g>
				<g id="g24" transform="translate(128.78,135.265)">
					<path id="path26" fill="#2C3B92" d="M20.568-42.393l-21.615-58.308l-2.314,11.852C-7.389-75.192-19.927-60.39-33.953-52.973
						l19.774-74.798l23.372,0.015L43.97-42.393H20.568"></path>
				</g>
				<g id="g28" transform="translate(95.781,135.311)">
					<path id="path30" fill="#F6961E" d="M11.888-42.381h-35.613l-0.294-1.772c27.712-7.084,46.046-24.185,53.657-44.742l-7.74,39.298
						C20.564-44.177,16.683-42.57,11.888-42.381"></path>
				</g>
				<g id="g32" transform="translate(288.329,72.034)">
					<path id="path34" fill="#2C3B92" d="M62.54-59.027h1.045c0.739,0,0.891,0.433,0.891,0.781c0,0.597-0.387,0.737-0.989,0.737H62.54
						V-59.027z M61.637-56.847h2.156c0.502,0,1.604-0.132,1.604-1.4c0-0.339-0.099-0.81-0.821-1.118v-0.027
						c0.624-0.105,0.656-0.695,0.693-1.167c0.047-0.756,0-0.891,0.198-1.158H64.53c-0.179,0.179-0.137,0.321-0.179,1.111
						c0,0.45-0.056,0.908-1.069,0.908H62.54v-2.019h-0.903V-56.847z M63.417-63.456c2.217,0,3.957,1.838,3.957,4.136
						c0,2.3-1.74,4.138-3.957,4.138c-2.212,0-3.952-1.838-3.952-4.138C59.464-61.619,61.204-63.456,63.417-63.456z M63.417-54.443
						c2.734,0,4.88-2.185,4.88-4.877c0-2.688-2.146-4.877-4.88-4.877c-2.731,0-4.872,2.189-4.872,4.877
						C58.544-56.629,60.685-54.443,63.417-54.443"></path>
				</g>
			</g>
		</g>
	</symbol>

	
	<symbol viewBox="0 0 300 300" id="icon-amex">
		<path fill="#0073b1" d="M289.584,7.598H7.639v282.966h281.945v-93.386c1.12-1.619,1.673-3.69,1.673-6.222
			c0-2.898-0.553-4.693-1.673-6.205"></path>
		<g>
			<defs>
				<path id="SVGID_2_" d="M289.584,7.598H7.639v282.966h281.945v-93.386c1.12-1.619,1.673-3.69,1.673-6.222
					c0-2.898-0.553-4.693-1.673-6.205"></path>
			</defs>
			<clipPath id="SVGID_3_">
				<use xlink:href="#SVGID_2_" overflow="visible"></use>
			</clipPath>
		</g>
		<path fill="#FFFFFF" d="M33.053,130.042l-5.424-13.217l-5.393,13.217 M152.543,124.779c-1.089,0.661-2.377,0.683-3.92,0.683h-9.627
			v-7.364h9.758c1.381,0,2.822,0.062,3.758,0.598c1.028,0.483,1.664,1.511,1.664,2.931
			C154.176,123.076,153.571,124.242,152.543,124.779z M221.221,130.042l-5.484-13.217l-5.454,13.217H221.221z M93.201,144.348h-8.124
			l-0.03-25.966l-11.491,25.966h-6.958l-11.521-25.989v25.989H38.959l-3.045-7.395h-16.5l-3.076,7.395H7.731l14.191-33.154h11.774
			l13.478,31.39v-31.39h12.934l10.371,22.491l9.527-22.491h13.194V144.348z M125.58,144.348H99.107v-33.154h26.473v6.904h-18.548
			v5.976h18.103v6.796h-18.103v6.621h18.548V144.348z M162.906,120.123c0,5.286-3.528,8.017-5.584,8.837
			c1.734,0.66,3.215,1.826,3.92,2.792c1.119,1.649,1.312,3.122,1.312,6.083v6.513h-7.993l-0.03-4.181c0-1.995,0.191-4.864-1.251-6.459
			c-1.158-1.166-2.923-1.419-5.776-1.419h-8.507v12.059h-7.924v-33.154h18.227c4.05,0,7.034,0.107,9.596,1.588
			C161.403,114.263,162.906,116.425,162.906,120.123z M175.588,144.348h-8.086v-33.154h8.086V144.348z M269.396,144.348h-11.23
			l-15.021-24.884v24.884h-16.139l-3.084-7.395H207.46l-2.992,7.395h-9.273c-3.852,0-8.729-0.852-11.491-3.667
			c-2.785-2.815-4.234-6.628-4.234-12.657c0-4.917,0.866-9.412,4.272-12.964c2.562-2.646,6.574-3.866,12.035-3.866h7.672v7.104h-7.511
			c-2.892,0-4.525,0.43-6.098,1.964c-1.351,1.396-2.278,4.035-2.278,7.51c0,3.552,0.706,6.113,2.179,7.786
			c1.22,1.312,3.437,1.71,5.523,1.71h3.559l11.169-26.073h11.874l13.417,31.359v-31.359h12.066l13.93,23.09v-23.09h8.117V144.348z
			 M7.639,150.86h13.54l3.053-7.364h6.835l3.045,7.364h26.641v-5.63l2.378,5.654h13.83l2.378-5.738v5.714h66.208l-0.031-12.088h1.281
			c0.897,0.031,1.159,0.114,1.159,1.595v10.493h34.243v-2.814c2.762,1.48,7.058,2.814,12.711,2.814h14.406l3.083-7.364h6.835
			l3.015,7.364h27.761v-6.995l4.204,6.995h22.246v-46.24h-22.016v5.461l-3.083-5.461H228.77v5.461l-2.831-5.461h-30.515
			c-5.108,0-9.598,0.713-13.225,2.7v-2.7h-21.058v2.7c-2.308-2.048-5.453-2.7-8.95-2.7H75.258l-5.162,11.943l-5.301-11.943H40.563
			v5.461l-2.662-5.461H17.235l-9.597,21.985V150.86z"></path>
		<path fill="#FFFFFF" d="M289.584,175.315h-14.443c-1.442,0-2.4,0.054-3.207,0.599c-0.836,0.537-1.158,1.334-1.158,2.386
			c0,1.251,0.706,2.102,1.733,2.47c0.836,0.291,1.734,0.376,3.054,0.376l4.295,0.115c4.334,0.107,7.227,0.852,8.991,2.669
			c0.321,0.253,0.514,0.537,0.735,0.821 M289.584,197.178c-1.925,2.815-5.676,4.242-10.754,4.242h-15.304v-7.111h15.242
			c1.512,0,2.57-0.199,3.207-0.821c0.552-0.513,0.937-1.258,0.937-2.163c0-0.966-0.385-1.733-0.968-2.193
			c-0.575-0.506-1.412-0.736-2.792-0.736c-7.441-0.253-16.724,0.23-16.724-10.264c0-4.81,3.054-9.873,11.37-9.873h15.785v-6.598
			h-14.666c-4.426,0-7.641,1.06-9.918,2.708v-2.708h-21.693c-3.469,0-7.541,0.86-9.467,2.708v-2.708h-38.738v2.708
			c-3.083-2.224-8.285-2.708-10.686-2.708h-25.552v2.708c-2.439-2.362-7.863-2.708-11.169-2.708h-28.597l-6.544,7.082l-6.129-7.082
			H63.706v46.272h41.914l6.743-7.194l6.352,7.194l25.836,0.023v-10.885h2.54c3.428,0.053,7.471-0.085,11.038-1.627v12.488h21.31
			v-12.06h1.028c1.312,0,1.441,0.054,1.441,1.365v10.694h64.736c4.11,0,8.406-1.052,10.785-2.961v2.961h20.534
			c4.273,0,8.446-0.599,11.621-2.133V197.178z M257.973,183.93c1.543,1.597,2.37,3.613,2.37,7.026c0,7.134-4.457,10.464-12.449,10.464
			h-15.435v-7.111h15.373c1.503,0,2.569-0.199,3.237-0.821c0.545-0.513,0.936-1.258,0.936-2.163c0-0.966-0.423-1.733-0.967-2.193
			c-0.606-0.506-1.442-0.736-2.822-0.736c-7.411-0.253-16.692,0.23-16.692-10.264c0-4.81,3.022-9.873,11.33-9.873h15.887v7.058
			h-14.537c-1.441,0-2.378,0.054-3.175,0.599c-0.868,0.537-1.19,1.334-1.19,2.386c0,1.251,0.737,2.102,1.734,2.47
			c0.836,0.291,1.734,0.376,3.084,0.376l4.266,0.115C253.225,181.368,256.178,182.112,257.973,183.93z M186.465,181.882
			c-1.06,0.629-2.371,0.683-3.913,0.683h-9.627v-7.448h9.758c1.411,0,2.823,0.03,3.782,0.599c1.027,0.537,1.641,1.564,1.641,2.983
			S187.492,181.261,186.465,181.882z M191.251,186.009c1.764,0.651,3.206,1.818,3.882,2.784c1.119,1.619,1.281,3.13,1.313,6.053v6.574
			h-7.956v-4.149c0-1.995,0.192-4.949-1.281-6.491c-1.158-1.188-2.923-1.472-5.814-1.472h-8.469v12.112h-7.963v-33.162h18.296
			c4.012,0,6.934,0.177,9.535,1.565c2.501,1.511,4.074,3.581,4.074,7.364C196.867,182.48,193.337,185.181,191.251,186.009z
			 M201.262,168.258h26.449v6.858h-18.557v6.029h18.104v6.766h-18.104v6.598l18.557,0.03v6.881h-26.449V168.258z M147.795,183.562
			h-10.241v-8.445h10.333c2.861,0,4.847,1.166,4.847,4.066C152.734,182.051,150.84,183.562,147.795,183.562z M129.661,198.404
			l-12.167-13.508l12.167-13.079V198.404z M98.24,194.509H78.756v-6.598h17.398v-6.766H78.756v-6.029h19.868l8.668,9.664
			L98.24,194.509z M161.242,179.183c0,9.212-6.873,11.114-13.8,11.114h-9.888v11.123h-15.403l-9.758-10.978l-10.141,10.978h-31.39
			v-33.162h31.873l9.75,10.87l10.08-10.87h25.322C154.176,168.258,161.242,169.999,161.242,179.183z"></path>
	</symbol>

	<symbol viewBox="42.5 19.5 168 118" id="icon-diners">
		<path fill="#211E1F" d="M207.141,131.486h-0.063l-0.019,0.063c-0.111,0.413-0.279,0.933-0.57,1.335
			c-0.325,0.45-0.987,0.895-1.758,0.984c-0.486,0.052-0.967,0.074-1.428,0.074c-0.365,0-0.715-0.014-1.049-0.039
			c-0.59-0.081-1.051-0.271-1.057-0.975v-9.744c0.015-0.953,0.471-0.918,1.203-0.939h0.473h0.078V121.6v-0.08h-0.078
			c-0.969,0-1.912,0.071-2.869,0.071c-0.998,0-1.98-0.071-2.986-0.071h-0.08v0.647v0.079h0.345c0.688,0.014,1.331,0.076,1.34,0.995
			v9.707c-0.009,1.12-0.653,1.167-1.34,1.183h-0.265h-0.08v0.648v0.082h0.08c1.664,0,3.326-0.076,4.988-0.076
			c1.656,0,3.318,0.076,4.982,0.076h0.064l0.016-0.064c0.229-1.074,0.488-2.13,0.701-3.21l0.019-0.101H207.141z"></path>
		<g>
			<path fill="#211E1F" d="M208.021,123.57l-0.326-0.455c0.277-0.086,0.472-0.305,0.472-0.6c0-0.361-0.319-0.527-0.672-0.527h-1.019
				v0.1c0.258-0.009,0.281,0.063,0.281,0.27v1.471c0,0.152-0.045,0.145-0.289,0.179v0.097h0.961v-0.1
				c-0.246-0.033-0.291-0.025-0.291-0.156v-0.66h0.219c0.367,0.523,0.529,0.916,0.717,0.916h0.387v-0.064
				C208.346,123.971,208.176,123.777,208.021,123.57z M207.373,123.059h-0.234v-0.937h0.221c0.205,0,0.391,0.112,0.391,0.428
				C207.75,122.864,207.629,123.059,207.373,123.059z"></path>
			<path fill="#211E1F" d="M207.457,121.063c-1.137,0-1.988,0.875-1.988,1.996c0,1.115,0.852,1.981,1.988,1.981
				c1.139,0,1.988-0.866,1.988-1.981C209.445,121.938,208.596,121.063,207.457,121.063z M207.457,124.67
				c-0.893,0-1.576-0.759-1.576-1.611c0-0.856,0.684-1.623,1.576-1.623c0.9,0,1.574,0.767,1.574,1.623
				C209.031,123.911,208.346,124.67,207.457,124.67z"></path>
		</g>
		<path fill="#211E1F" d="M55.574,89.811c-2.568,0-4.546,0.065-6.005,0.065c-1.354,0-2.741,0-4.093-0.065v0.902
			c1.561,0.033,3.188-0.172,3.188,2.948h0.001v16.832c-0.1,2.36-1.109,2.43-3.188,2.64v0.9c1.56-0.033,3.087-0.068,4.648-0.068
			c1.631,0,3.262,0.068,5.032,0.068c12.283,0,14.294-8.639,14.294-12.076C69.451,95.813,64.558,89.811,55.574,89.811z M55.674,112.922
			c-1.699,0-3.608-0.311-3.608-2.982V91.061c0.628-0.035,1.283-0.14,2.707-0.14c6.696,0,10.859,4.687,10.859,11.172
			C65.632,107.266,63.171,112.922,55.674,112.922z"></path>
		<g>
			<path fill="#211E1F" d="M77.501,113.132c-0.971,0-1.735,0-1.735-1.147V98.662c0-0.279-0.07-0.488-0.243-0.488
				c-0.174,0-0.381,0.036-0.625,0.176c-0.137,0.104-2.082,0.758-3.713,1.248v0.557c1.284,0.691,1.805,0.904,1.805,2.428v9.402
				c0,1.148-0.695,1.148-1.666,1.148h-0.656h-0.001v0.901c1.281-0.035,2.532-0.069,3.781-0.069c1.246,0,2.461,0.069,3.642,0.069
				v-0.902H77.501z"></path>
			<path fill="#211E1F" d="M74.379,92.83c0.936,0,1.702-0.798,1.701-1.734c0-0.938-0.802-1.669-1.701-1.669
				c-0.866,0-1.698,0.8-1.698,1.669C72.681,91.998,73.477,92.83,74.379,92.83z"></path>
		</g>
		<path fill="#211E1F" d="M95.892,113.132c-0.972,0-1.736,0-1.736-1.147v-8.952c0-2.707-1.041-4.858-3.986-4.858
			c-2.327,0-4.029,1.182-6.01,2.604v-2.256c0-0.277-0.102-0.348-0.206-0.348c-1.665,0.73-3.086,1.182-4.578,1.667v0.659
			c1.628,0.66,2.012,1.006,2.012,2.288l-0.002,9.196c0,1.148-0.691,1.148-1.663,1.148h-0.626v0.902c1.247-0.035,2.499-0.07,3.748-0.07
			c1.248,0,2.464,0.07,3.678,0.07v-0.902H85.9c-0.973,0-1.74,0-1.74-1.148v-10.27c1.149-0.765,2.92-1.667,4.029-1.667
			c1.98,0,3.189,0.972,3.189,2.952v8.984c0,1.147-0.691,1.147-1.665,1.147H89.09v0.902c1.248-0.035,2.498-0.069,3.749-0.069
			c1.245,0,2.46,0.069,3.678,0.069v-0.902H95.892z"></path>
		<path fill="#211E1F" d="M108.942,110.148c-1.283,1.283-2.777,2.324-4.688,2.324c-2.772,0-4.894-2.707-5.098-6.002
			c-0.071-1.182-0.071-1.701,0-2.014v0.001h9.75l0.313-0.209c0.033-0.21,0.033-0.416,0.033-0.628
			c-0.033-3.678-3.053-5.446-5.866-5.446c-2.427,0-7.007,2.013-7.007,8.815c0,2.219,1.11,7.564,6.629,7.564
			c2.844,0,4.82-1.804,6.418-3.92L108.942,110.148z M103.246,99.285c1.946,0,3.02,1.423,3.02,3.193c0,0.414-0.102,0.867-0.968,0.867
			h-6.039C99.675,100.846,101.132,99.285,103.246,99.285z"></path>
		<path fill="#211E1F" d="M119.904,98.174c-2.115,0-3.574,2.223-4.44,3.575h-0.072v-3.123c0-0.349-0.103-0.452-0.308-0.452
			c-0.315,0-1.706,0.903-4.238,1.98v0.519c0.523,0.278,1.804,0.488,1.804,1.562v9.75c0,1.148-0.693,1.148-1.662,1.148h-0.938v0.901
			c1.249-0.035,2.708-0.069,4.129-0.069c1.495,0,2.947,0.034,4.856,0.069v-0.902h-1.941c-0.973,0-1.665,0-1.665-1.147v-8.152
			c0-2.083,1.94-2.882,2.532-2.882c1.212,0,1.212,0.836,2.292,0.836c0.971,0,1.628-0.835,1.628-1.772
			C121.881,98.764,120.772,98.174,119.904,98.174z"></path>
		<path fill="#211E1F" d="M125.317,101.575c0-1.491,1.317-2.291,2.705-2.291c2.223,0,3.438,1.251,3.783,3.435h0.799l-0.246-3.535
			c-1.351-0.695-2.844-1.01-3.95-1.01c-3.815,0-5.378,2.499-5.378,4.443c0,5.586,7.562,4.267,7.562,8.363
			c0,1.215-0.766,2.465-2.807,2.465c-2.536,0-3.922-1.945-4.375-4.236l-0.626,0.176l0.382,3.992c1.214,0.691,2.844,1.178,4.231,1.178
			c4.129,0,5.969-2.432,5.969-4.721C133.365,104.387,125.317,105.639,125.317,101.575z"></path>
		<path fill="#211E1F" d="M163.938,107.441c-0.695,3.645-3.541,6.004-6.977,6.004c-5.342,0-10.342-5.03-10.342-12.045
			c0-8.328,5.795-11,9.789-11c3.885,0,6.764,1.632,7.424,5.691h0.865l-0.346-4.961c-2.672-0.938-5.377-1.844-8.188-1.844
			c-6.801,0-13.148,5.105-13.148,12.218c0,7.81,5.133,13.05,13.25,13.05c2.293,0,6.215-0.936,7.672-1.841l0.797-5.067L163.938,107.441
			z"></path>
		<path fill="#211E1F" d="M172.786,113.132c-0.972,0-1.736,0-1.736-1.147V88.006c0-0.277-0.067-0.488-0.278-0.488
			c-0.104,0-0.383,0.176-0.763,0.383c-0.729,0.418-2.187,1.043-3.573,1.494v0.555c1.32,0.382,1.842,0.451,1.842,2.709v19.326
			c0,1.148-0.697,1.148-1.67,1.148h-0.658h-0.001v0.901c1.286-0.035,2.534-0.069,3.782-0.069c1.25,0,2.465,0.069,3.64,0.069v-0.902
			H172.786z"></path>
		<path fill="#211E1F" d="M189.197,112.784c-0.588,0-0.969-0.033-0.969-0.661h0.002V99.32c0-0.383,0-0.625-0.281-0.625
			c-0.344,0-2.291,0.275-5.41,0.484v0.625c1.246,0.35,2.91,0.73,2.91,1.422v9.34c-1.455,1.211-3.016,2.113-4.195,2.113
			c-3.016,0-3.016-2.984-3.016-4.027v-8.951c0-0.764,0-1.006-0.387-1.006c-0.453,0-3.224,0.209-4.474,0.242v0.66
			c1.938,0.172,2.078,1.041,2.078,1.942v8.887c0,2.913,1.94,4.128,3.815,4.128c2.465,0,4.063-1.215,6.144-2.914v2.81l0.174,0.104
			c0.66-0.207,3.507-0.936,4.998-1.074v-0.729C190.137,112.751,189.616,112.784,189.197,112.784z"></path>
		<path fill="#211E1F" d="M200.303,98.174c-1.91,0-3.783,1.319-5.17,2.499h-0.001V88.006c0-0.277-0.069-0.488-0.276-0.488
			c-0.108,0-0.383,0.176-0.767,0.383c-0.728,0.418-2.181,1.043-3.573,1.494v0.555c1.318,0.382,1.842,0.451,1.842,2.708v14.923
			c0,2.115-0.178,4.13-0.484,6.178l0.727,0.379l1.039-0.796c0.904,0.38,2.256,1.214,4.822,1.214c4.965,0,8.295-4.547,8.295-9.093
			C206.756,101.682,204.328,98.174,200.303,98.174z M198.705,113.652c-2.324,0-3.572-2.221-3.572-3.541h-0.001v-8.43
			c0.937-0.8,2.011-1.633,3.298-1.633c2.707,0,5.549,3.122,5.549,6.869C203.979,110.007,202.42,113.652,198.705,113.652z"></path>
		<path fill="#211E1F" d="M51.197,121.516c-0.893,0-2.023,0.075-2.963,0.075c-0.923,0-2.054-0.075-2.797-0.075h-0.081v0.651v0.079
			h0.346c0.685,0.013,1.308,0.074,1.315,0.998v9.893c-0.006,0.924-0.629,0.979-1.315,0.994h-0.265h-0.081v0.082v0.566v0.082h0.081
			c0.743,0,1.852-0.076,2.776-0.076c0.939,0,2.071,0.076,2.983,0.076h0.085v-0.647v-0.082h-0.349
			c-0.684-0.015-1.311-0.071-1.315-0.993v-9.894c0.003-0.923,0.63-0.985,1.315-0.998h0.265h0.084v-0.646v-0.086H51.197z"></path>
		<path fill="#211E1F" d="M67.11,121.52c-0.781,0-1.554,0.071-2.323,0.071c-0.882,0-1.752-0.071-2.644-0.071H62.06v0.645v0.083h0.499
			c0.551,0.013,1.552,0.194,1.563,1.696v6.945l-8.299-9.343c-0.636-0.026-1.182,0.045-1.744,0.045c-0.708,0-1.448-0.071-2.17-0.071
			h-0.082v0.645v0.083h0.33c0.81,0.003,1.634,0.612,1.637,1.618v7.951c-0.014,1.506-0.371,2.308-1.618,2.314H51.91h-0.083v0.648v0.082
			h0.083c0.855,0,1.722-0.076,2.568-0.076c0.806,0,1.619,0.076,2.436,0.076h0.083v-0.649v-0.081h-0.404
			c-1.422-0.02-1.672-0.484-1.694-2.126v-7.567l9.581,10.68l0.779,0.029h0.097l-0.018-0.099c-0.091-0.573-0.112-1.231-0.112-1.892
			v-8.594c0.024-2.226,0.824-2.295,1.602-2.316h0.282h0.082V121.6v-0.08H67.11z"></path>
		<path fill="#211E1F" d="M80.317,120.936l-0.085-0.019l-0.008,0.089c-0.033,0.493-0.415,0.501-0.941,0.51h-9.737h-0.098
			c-0.481-0.009-0.829-0.01-0.96-0.488l-0.013-0.059h-0.519h-0.08v0.082c0,0.543-0.036,1.067-0.115,1.59
			c-0.056,0.549-0.152,1.076-0.228,1.605l-0.011,0.098h0.661h0.065l0.015-0.064c0.308-1.395,0.279-1.631,1.675-1.654h3.013v10.004
			c-0.023,1.464-0.441,1.477-1.482,1.502h-0.36h-0.078v0.65v0.08h0.078c0.741,0,2.062-0.076,3.193-0.076
			c1.015,0,2.336,0.076,3.08,0.076l0.078-0.002v-0.648v-0.08h-0.442c-0.899-0.02-1.464-0.115-1.481-1.541v-9.965h3.014
			c1.192,0,1.267,1.025,1.317,1.734l0.005,0.111l0.669-0.244l0.053-0.021v-0.06c0-0.508,0-1.021,0.037-1.522
			c0.056-0.506,0.13-1.017,0.206-1.522l0.012-0.082L80.317,120.936z"></path>
		<path fill="#211E1F" d="M91.593,131.561l-0.08-0.014l-0.018,0.076c-0.57,2.12-1.481,2.23-3.754,2.244
			c-1.231-0.006-2.221,0-2.222-1.147V128.4l2.183,0.002c1.254,0.015,1.264,0.646,1.393,1.798l0.007,0.089l0.656-0.13l0.067-0.017
			l-0.001-0.066c-0.037-0.719-0.06-1.434-0.06-2.15c0-0.734,0.024-1.471,0.06-2.207l0.001-0.086h-0.65h-0.073l-0.007,0.075
			c-0.128,1.019-0.323,1.574-1.409,1.585h-2.169l0.003-4.781h2.544c1.945,0.021,2.108,0.908,2.219,2.135l0.004,0.097l0.663-0.173
			l0.063-0.02l-0.003-0.068c-0.037-0.537-0.057-1.252-0.057-1.904c0-0.355,0.005-0.691,0.02-0.975l0.004-0.084h-0.085
			c-1.286,0-3.245,0.071-4.833,0.071c-1.583,0-3.547-0.071-4.699-0.071h-0.079v0.647v0.079h0.344c0.685,0.015,1.305,0.076,1.315,0.998
			v9.893c-0.009,0.924-0.629,0.983-1.315,0.994H81.36h-0.079v0.081v0.569v0.08h0.079c1.077,0,3.322-0.078,5.023-0.078
			c1.695,0,3.866,0.078,5.078,0.078v-0.002h0.063l0.016-0.066c0.169-1,0.396-1.998,0.639-2.998l0.019-0.078L91.593,131.561z"></path>
		<path fill="#211E1F" d="M105.877,134.13c-0.919-0.118-1.247-0.313-1.775-1.097l-3.172-4.749c1.457-0.595,2.584-1.659,2.584-3.365
			c-0.006-2.741-2.198-3.397-4.577-3.403c-1.006,0-1.913,0.074-3.04,0.074c-1.15,0-2.316-0.074-2.926-0.074h-0.084v0.65v0.081h0.423
			c0.586,0.021,1.242,0.012,1.256,1.353v9.594c-0.002,0.638-0.575,0.934-1.256,0.938h-0.339h-0.084v0.648v0.082h0.084
			c0.947,0,1.832-0.076,2.735-0.076c1.071,0,2.168,0.076,3.246,0.076h0.084v-0.649v-0.081h-0.423c-0.873-0.021-1.444-0.009-1.464-1.43
			v-3.957h1.115c1.221,2.158,2.461,4.186,3.91,6.086c0.658,0.031,1.261-0.045,1.837-0.045c0.621,0,1.221,0.076,1.854,0.076v-0.002
			h0.081v-0.648v-0.07L105.877,134.13z M100.82,125.039c-0.019,2.193-0.96,2.843-2.829,2.859h-0.842v-5.473
			c0.241-0.02,0.479-0.066,0.991-0.066C99.784,122.366,100.809,123.389,100.82,125.039z"></path>
		<path fill="#211E1F" d="M121.626,121.518c-0.777,0-1.551,0.074-2.322,0.074c-0.882,0-1.75-0.074-2.644-0.074h-0.083v0.65v0.079
			h0.498c0.549,0.007,1.555,0.194,1.561,1.694v6.947l-8.299-9.347c-0.633-0.026-1.181,0.049-1.737,0.049
			c-0.712,0-1.45-0.075-2.17-0.075h-0.086v0.651v0.079h0.332c0.807,0.002,1.629,0.611,1.631,1.617v7.947
			c-0.012,1.51-0.369,2.313-1.616,2.319h-0.261h-0.086v0.649v0.08h0.086c0.849,0,1.72-0.077,2.564-0.077
			c0.81,0,1.619,0.077,2.435,0.077h0.083v-0.648v-0.081h-0.399c-1.424-0.019-1.674-0.483-1.695-2.127v-7.567L119,135.117l0.777,0.027
			h0.09l-0.011-0.09c-0.094-0.582-0.112-1.236-0.112-1.896v-8.594c0.02-2.226,0.823-2.295,1.602-2.316h0.28h0.082v-0.646v-0.084
			H121.626z"></path>
		<path fill="#211E1F" d="M134.617,134.126c-0.608-0.003-0.955-0.199-1.174-0.704c-0.246-0.559-0.471-1.255-0.693-1.918l-3.479-9.875
			c-0.058-0.154-0.115-0.322-0.17-0.477c-0.062-0.101-0.162-0.112-0.207-0.111c-0.078,0-0.129,0.027-0.183,0.044
			c-0.364,0.231-1.123,0.61-1.714,0.812c-0.163,0.752-0.504,1.694-0.751,2.395l-3.023,8.665c-0.273,0.769-0.86,1.168-1.562,1.171
			h-0.113h-0.083v0.652v0.086l0.088-0.006c0.678-0.037,1.358-0.077,2.035-0.077c0.753,0,1.524,0.04,2.279,0.077l0.085,0.006v-0.653
			v-0.085h-0.291c-0.625,0-1.331-0.111-1.338-0.572c-0.001-0.308,0.226-0.807,0.417-1.451l0.586-1.908h4.165l0.719,2.137
			c0.209,0.602,0.379,1.119,0.373,1.334c0,0.361-0.648,0.462-1.086,0.462h-0.207h-0.084v0.653v0.085l0.086-0.005
			c0.967-0.038,1.904-0.078,2.832-0.078c0.898,0,1.748,0.04,2.598,0.078l0.086,0.002v-0.652v-0.085H134.617z M129.043,128.977h-3.304
			l1.662-5.061L129.043,128.977z M124.667,132.079L124.667,132.079L124.667,132.079L124.667,132.079z"></path>
		<path fill="#211E1F" d="M145.936,120.936l-0.088-0.019l-0.007,0.09c-0.034,0.492-0.415,0.5-0.937,0.511h-9.743l-0.097-0.002
			c-0.483-0.009-0.828-0.01-0.961-0.488l-0.016-0.059h-0.514h-0.082v0.082c0,0.542-0.037,1.067-0.115,1.594
			c-0.053,0.545-0.148,1.072-0.227,1.605l-0.012,0.094h0.661h0.066l0.014-0.064c0.312-1.395,0.278-1.631,1.679-1.654h3.01
			l0.002,10.004c-0.025,1.464-0.443,1.477-1.484,1.502h-0.357h-0.084v0.65v0.08h0.084c0.74,0,2.063-0.076,3.191-0.076
			c1.012,0,2.336,0.076,3.076,0.076l0.08-0.002v-0.647v-0.081h-0.441c-0.898-0.02-1.462-0.115-1.482-1.541v-9.965h3.017
			c1.192,0,1.267,1.027,1.315,1.734l0.004,0.11l0.669-0.243l0.055-0.021v-0.06c0-0.508,0-1.02,0.037-1.522
			c0.058-0.505,0.129-1.017,0.207-1.522l0.015-0.082L145.936,120.936z"></path>
		<path fill="#211E1F" d="M152.833,121.52c-0.896,0-2.028,0.071-2.969,0.071c-0.921,0-2.056-0.071-2.791-0.071h-0.082v0.647v0.079
			h0.346c0.685,0.013,1.31,0.076,1.312,0.998v9.893c-0.002,0.924-0.627,0.983-1.312,0.994h-0.264h-0.082v0.081v0.569v0.08h0.082
			c0.735,0,1.851-0.078,2.774-0.078c0.941,0,2.07,0.078,2.984,0.078h0.081v-0.649v-0.081h-0.347c-0.688-0.011-1.308-0.07-1.317-0.994
			v-9.893c0.009-0.922,0.629-0.985,1.317-0.998h0.267h0.08V121.6v-0.08H152.833z"></path>
		<path fill="#211E1F" d="M160.359,121.234c-3.965,0.006-7.039,3.078-7.049,7.05c0.01,4.104,3.109,6.853,7.146,6.858
			c4.059-0.006,7.213-2.924,7.217-7.313C167.667,123.757,164.417,121.236,160.359,121.234z M160.646,134.152
			c-2.99-0.008-4.523-3.168-4.527-6.53c0.008-2.515,0.965-5.388,4.205-5.392c3.068,0.004,4.543,3.281,4.543,6.019
			C164.857,131.002,164.236,134.146,160.646,134.152z"></path>
		<path fill="#211E1F" d="M183.261,121.52c-0.782,0-1.553,0.072-2.327,0.072c-0.877,0-1.748-0.072-2.638-0.072h-0.086v0.648v0.079
			h0.498c0.551,0.013,1.558,0.194,1.563,1.696v6.945l-8.295-9.343c-0.64-0.026-1.184,0.045-1.744,0.045
			c-0.713,0-1.449-0.071-2.174-0.071h-0.078v0.647v0.079h0.326c0.813,0.002,1.635,0.611,1.639,1.617v7.953
			c-0.016,1.506-0.373,2.308-1.619,2.312h-0.268h-0.078v0.652v0.081h0.078c0.858,0,1.723-0.076,2.571-0.076
			c0.808,0,1.618,0.076,2.437,0.076h0.082v-0.648v-0.085h-0.408c-1.418-0.017-1.668-0.481-1.689-2.123v-7.567l9.58,10.68l0.781,0.027
			h0.089l-0.017-0.092c-0.09-0.578-0.104-1.236-0.104-1.896v-8.593c0.017-2.225,0.821-2.295,1.597-2.317h0.284h0.082v-0.646v-0.082
			H183.261z"></path>
		<path fill="#211E1F" d="M196.245,134.129c-0.604-0.006-0.947-0.203-1.168-0.704c-0.246-0.562-0.472-1.259-0.697-1.922l-3.474-9.876
			c-0.063-0.152-0.116-0.325-0.174-0.473c-0.06-0.103-0.155-0.114-0.205-0.109c-0.077,0-0.129,0.023-0.18,0.04
			c-0.365,0.231-1.125,0.606-1.717,0.813c-0.168,0.75-0.508,1.692-0.748,2.393l-3.023,8.665c-0.272,0.767-0.862,1.171-1.567,1.174
			h-0.106h-0.082v0.649v0.086l0.082-0.006c0.682-0.033,1.358-0.075,2.037-0.075c0.75,0,1.522,0.042,2.278,0.075l0.084,0.006v-0.654
			v-0.081h-0.289c-0.625,0-1.332-0.114-1.332-0.579c-0.004-0.304,0.222-0.801,0.41-1.447l0.584-1.908h4.168l0.717,2.137
			c0.212,0.605,0.382,1.119,0.378,1.334c0,0.361-0.654,0.465-1.093,0.465h-0.205h-0.08v0.648v0.087l0.084-0.005
			c0.964-0.034,1.906-0.076,2.828-0.076c0.903,0,1.75,0.042,2.601,0.076l0.084,0.002v-0.653v-0.081H196.245z M190.676,128.977h-3.303
			l1.662-5.059L190.676,128.977z M186.297,132.08L186.297,132.08L186.297,132.08L186.297,132.08z"></path>
		<g>
			<path fill="#184A78" d="M102.342,54.554c-0.001,8.239,5.099,15.3,12.357,18.047V36.703
				C107.441,39.449,102.342,46.511,102.342,54.554z"></path>
			<path fill="#184A78" d="M130,21.599h-8.631c-18.243,0-33.348,13.731-33.348,33.347c0,18.047,15.106,32.759,33.348,32.759H130
				c18.046,0,34.525-14.712,34.525-32.759C164.525,35.134,148.047,21.599,130,21.599z M121.566,84.764
				c-16.675,0-30.209-13.536-30.209-30.209c0-16.674,13.534-30.209,30.209-30.209c16.674,0,30.209,13.535,30.209,30.209
				C151.775,71.227,138.24,84.764,121.566,84.764z"></path>
			<path fill="#184A78" d="M128.234,36.899v35.898c7.26-2.943,12.359-10.004,12.359-18.047
				C140.594,46.511,135.494,39.646,128.234,36.899z"></path>
		</g>
	</symbol>
		
		
	
	<symbol viewBox="25.5 0 202 158" id="icon-mastercard">
		<path fill="#231F20" d="M64.113,156.004v-10.238c0.23-3.348-2.295-6.248-5.642-6.479c-0.258-0.02-0.517-0.021-0.776-0.006
			c-2.296-0.15-4.494,0.962-5.733,2.9c-1.129-1.882-3.199-2.994-5.393-2.9c-1.91-0.098-3.727,0.826-4.777,2.423v-2.013h-3.55v16.313
			h3.584v-8.977c-0.286-2.09,1.178-4.019,3.27-4.303c0.239-0.033,0.481-0.045,0.723-0.031c2.354,0,3.549,1.537,3.549,4.301v9.078
			h3.583v-9.045c-0.274-2.104,1.205-4.028,3.308-4.307c0.227-0.027,0.457-0.037,0.685-0.027c2.423,0,3.584,1.537,3.584,4.301v9.078
			L64.113,156.004z M117.131,139.691h-5.836v-4.95h-3.584v4.95h-3.241v3.242h3.31v7.508c0,3.787,1.468,6.041,5.666,6.041
			c1.568,0.004,3.106-0.433,4.436-1.265l-1.023-3.036c-0.951,0.566-2.032,0.885-3.14,0.922c-1.706,0-2.354-1.093-2.354-2.729v-7.44
			h5.801L117.131,139.691z M147.409,139.281c-1.765-0.053-3.413,0.865-4.304,2.39v-1.979h-3.513v16.313h3.55v-9.146
			c0-2.696,1.158-4.197,3.412-4.197c0.758-0.012,1.514,0.127,2.219,0.406l1.092-3.411c-0.811-0.29-1.665-0.439-2.524-0.443
			L147.409,139.281z M101.636,140.986c-2.009-1.194-4.318-1.784-6.654-1.705c-4.13,0-6.826,1.979-6.826,5.224
			c0,2.66,1.98,4.298,5.631,4.81l1.707,0.24c1.944,0.273,2.866,0.784,2.866,1.705c0,1.264-1.296,1.98-3.719,1.98
			c-1.949,0.056-3.861-0.545-5.427-1.705l-1.706,2.762c2.067,1.445,4.543,2.188,7.064,2.118c4.709,0,7.439-2.22,7.439-5.326
			c0-3.104-2.151-4.366-5.7-4.88l-1.706-0.238c-1.536-0.205-2.764-0.512-2.764-1.604c0-1.094,1.16-1.911,3.105-1.911
			c1.798,0.021,3.561,0.501,5.119,1.399L101.636,140.986z M196.706,139.281c-1.765-0.053-3.412,0.865-4.299,2.39v-1.979h-3.517v16.313
			h3.549v-9.146c0-2.696,1.162-4.197,3.414-4.197c0.76-0.012,1.513,0.127,2.217,0.406l1.093-3.411
			c-0.812-0.29-1.664-0.439-2.524-0.443L196.706,139.281z M150.975,147.813c-0.168,4.551,3.385,8.373,7.936,8.541
			c0.254,0.008,0.512,0.006,0.768-0.01c2.131,0.109,4.227-0.583,5.87-1.943l-1.706-2.865c-1.227,0.934-2.723,1.449-4.266,1.466
			c-2.885-0.233-5.033-2.759-4.801-5.644c0.209-2.562,2.24-4.594,4.801-4.799c1.543,0.018,3.039,0.529,4.266,1.467l1.706-2.866
			c-1.646-1.359-3.739-2.054-5.87-1.946c-4.545-0.256-8.437,3.219-8.693,7.762c-0.016,0.258-0.019,0.515-0.008,0.771v0.066H150.975z
			M184.217,147.813v-8.121h-3.55v1.979c-1.222-1.572-3.128-2.463-5.119-2.39c-4.713,0-8.532,3.821-8.532,8.532
			c0,4.713,3.819,8.53,8.532,8.53c1.991,0.074,3.897-0.813,5.119-2.388v1.979h3.55V147.813z M171.008,147.813
			c0.16-2.717,2.495-4.793,5.213-4.633c2.721,0.16,4.793,2.494,4.633,5.213c-0.152,2.599-2.295,4.629-4.896,4.643
			c-2.704,0.033-4.924-2.131-4.958-4.836C170.997,148.07,171,147.941,171.008,147.813z M128.18,139.281
			c-4.72,0.066-8.487,3.939-8.421,8.652c0.066,4.711,3.941,8.479,8.659,8.41l0,0c2.454,0.129,4.868-0.664,6.773-2.217l-1.707-2.628
			c-1.348,1.081-3.017,1.681-4.743,1.705c-2.438,0.211-4.608-1.56-4.886-3.992h12.122c0-0.442,0-0.889,0-1.364
			c0-5.117-3.176-8.533-7.748-8.533L128.18,139.281z M128.18,142.456c2.229-0.049,4.08,1.724,4.127,3.955c0,0.002,0,0.002,0,0.004
			h-8.537c0.129-2.279,2.058-4.037,4.339-3.959H128.18z M217.098,147.848v-14.709h-3.412v8.532c-1.224-1.571-3.127-2.463-5.119-2.39
			c-4.713,0-8.531,3.82-8.531,8.531c0,4.713,3.818,8.531,8.531,8.531c1.992,0.074,3.896-0.813,5.119-2.388v1.979h3.412V147.848z
			M223.02,153.633c0.221-0.003,0.443,0.038,0.647,0.119c0.196,0.08,0.376,0.196,0.53,0.342c0.148,0.146,0.271,0.319,0.357,0.512
			c0.174,0.402,0.174,0.86,0,1.263c-0.088,0.19-0.209,0.364-0.357,0.514c-0.154,0.144-0.334,0.261-0.53,0.341
			c-0.203,0.09-0.426,0.137-0.647,0.137c-0.662-0.006-1.26-0.392-1.535-0.99c-0.174-0.401-0.174-0.858,0-1.262
			c0.086-0.192,0.209-0.365,0.357-0.513c0.154-0.146,0.334-0.262,0.528-0.342c0.224-0.088,0.462-0.129,0.7-0.119L223.02,153.633
			L223.02,153.633z M223.02,156.518c0.17,0,0.34-0.035,0.494-0.103c0.146-0.065,0.279-0.159,0.394-0.274c0.44-0.48,0.44-1.224,0-1.705
			c-0.113-0.115-0.246-0.207-0.394-0.274c-0.154-0.065-0.324-0.103-0.494-0.103c-0.17,0.002-0.338,0.035-0.496,0.103
			c-0.152,0.063-0.291,0.157-0.406,0.274c-0.444,0.481-0.444,1.225,0,1.705c0.115,0.116,0.254,0.211,0.406,0.274
			c0.174,0.073,0.359,0.108,0.547,0.103H223.02z M223.121,154.486c0.158-0.01,0.314,0.039,0.443,0.137
			c0.107,0.088,0.164,0.221,0.153,0.357c0.005,0.114-0.038,0.228-0.12,0.307c-0.098,0.091-0.226,0.146-0.359,0.152l0.496,0.563h-0.393
			l-0.462-0.563h-0.151v0.563h-0.324v-1.502L223.121,154.486z M222.745,154.775v0.408h0.376c0.068,0.021,0.138,0.021,0.206,0
			c0.022-0.048,0.022-0.104,0-0.151c0.022-0.048,0.022-0.105,0-0.153c-0.068-0.02-0.138-0.02-0.206,0L222.745,154.775z
			M203.975,147.848c0.162-2.719,2.494-4.793,5.215-4.632c2.718,0.159,4.793,2.492,4.633,5.214c-0.153,2.596-2.297,4.627-4.897,4.641
			c-2.704,0.033-4.924-2.131-4.959-4.836C203.964,148.104,203.967,147.977,203.975,147.848z M84.129,147.848v-8.156H80.58v1.979
			c-1.224-1.571-3.128-2.463-5.12-2.39c-4.712,0-8.532,3.82-8.532,8.531c0,4.713,3.82,8.531,8.532,8.531
			c1.992,0.074,3.896-0.813,5.12-2.388v1.979h3.549V147.848z M70.92,147.848c0.162-2.719,2.495-4.793,5.214-4.632
			c2.718,0.159,4.793,2.492,4.632,5.214c-0.152,2.596-2.296,4.627-4.897,4.641c-2.704,0.053-4.94-2.098-4.993-4.801
			c-0.002-0.141,0.001-0.281,0.01-0.422H70.92z"></path>
		<rect x="100.459" y="15.379" fill="#FF5F00" width="53.758" height="96.6"></rect>
		<path id="_Path_" fill="#EB001B" d="M103.872,63.688c-0.02-18.853,8.633-36.667,23.47-48.309
			C100.659-5.584,62.041-0.955,41.077,25.722C20.114,52.396,24.743,91.018,51.418,111.98c22.278,17.508,53.64,17.508,75.924,0
			C112.508,100.342,103.856,82.534,103.872,63.688z"></path>
		<path fill="#F79E1B" d="M226.74,63.688c-0.002,33.926-27.508,61.43-61.434,61.428c-13.771,0-27.141-4.628-37.966-13.138
			c26.675-20.963,31.306-59.583,10.339-86.257c-3.021-3.847-6.492-7.319-10.339-10.342c26.671-20.969,65.29-16.346,86.261,10.325
			c8.51,10.826,13.137,24.197,13.139,37.967V63.688L226.74,63.688z"></path>
		<path fill="#F79E1B" d="M220.869,101.74v-1.979h0.801v-0.409h-2.029v0.409h0.869v1.979H220.869z M224.811,101.74v-2.389h-0.613
			l-0.717,1.707l-0.717-1.707h-0.546v2.389h0.441v-1.791l0.668,1.554h0.459l0.666-1.554v1.809L224.811,101.74z"></path>
	</symbol>
		

	<symbol viewBox="0 0 35.349 23.824" id="icon-creditcard">
		<path d="M31.037,0.198H4.225c-2.22,0-4.026,1.797-4.026,4.006v15.413c0,2.209,1.806,4.006,4.026,4.006h26.812
			c2.221,0,4.026-1.797,4.026-4.006V4.204C35.063,1.995,33.257,0.198,31.037,0.198z M4.225,1.827h26.812
			c1.317,0,2.39,1.066,2.39,2.377v2.171H1.836V4.204C1.836,2.893,2.908,1.827,4.225,1.827z M31.037,21.994H4.225
			c-1.317,0-2.389-1.066-2.389-2.377V8.003h31.59v11.613C33.426,20.927,32.354,21.994,31.037,21.994z"></path>
		<path d="M12.235,12.267H6.043c-0.744,0-1.351,0.604-1.351,1.344v4.184c0,0.741,0.607,1.345,1.351,1.345h6.191
			c0.745,0,1.352-0.604,1.352-1.345v-4.184C13.586,12.871,12.979,12.267,12.235,12.267z M12.625,17.794
			c0,0.215-0.175,0.389-0.39,0.389H6.043c-0.215,0-0.39-0.174-0.39-0.389v-4.184c0-0.213,0.175-0.388,0.39-0.388h6.191
			c0.215,0,0.39,0.175,0.39,0.388V17.794z"></path>
	</symbol>
	
	<symbol viewBox="0 0 138 136" id="icon-paypal">
		<path fill="#009CDE" d="M93.812,108.857c-0.583,3.831-3.509,3.831-6.338,3.831h-1.61l1.129-7.152
			c0.068-0.432,0.441-0.751,0.879-0.751h0.738c1.926,0,3.746,0,4.684,1.097C93.855,106.54,94.025,107.513,93.812,108.857
			 M92.581,98.863H81.909c-0.73,0-1.351,0.531-1.465,1.252l-4.315,27.365c-0.086,0.54,0.332,1.028,0.878,1.028h5.476
			c0.511,0,0.946-0.372,1.025-0.876l1.224-7.759c0.114-0.721,0.735-1.252,1.465-1.252h3.377c7.029,0,11.086-3.401,12.147-10.145
			c0.477-2.949,0.019-5.266-1.362-6.888C98.841,99.807,96.151,98.863,92.581,98.863"></path>
		<path fill="#003087" d="M17.695,108.857c-0.584,3.831-3.51,3.831-6.339,3.831h-1.61l1.129-7.152
			c0.068-0.432,0.441-0.751,0.879-0.751h0.738c1.926,0,3.746,0,4.684,1.097C17.737,106.54,17.907,107.513,17.695,108.857
			 M16.463,98.863H5.791c-0.73,0-1.351,0.531-1.465,1.252L0.011,127.48c-0.086,0.54,0.332,1.028,0.878,1.028h5.096
			c0.73,0,1.351-0.531,1.464-1.252l1.165-7.383c0.114-0.721,0.735-1.252,1.465-1.252h3.377c7.029,0,11.086-3.401,12.147-10.145
			c0.477-2.949,0.019-5.266-1.362-6.888C22.723,99.807,20.033,98.863,16.463,98.863"></path>
		<path fill="#003087" d="M41.239,118.683c-0.493,2.92-2.811,4.88-5.768,4.88c-1.482,0-2.669-0.478-3.431-1.38
			c-0.756-0.896-1.041-2.169-0.801-3.589c0.46-2.895,2.815-4.917,5.727-4.917c1.451,0,2.629,0.481,3.407,1.392
			C41.156,115.986,41.463,117.27,41.239,118.683 M48.361,108.735h-5.11c-0.438,0-0.811,0.318-0.879,0.751l-0.225,1.429l-0.357-0.518
			c-1.107-1.606-3.573-2.143-6.036-2.143c-5.646,0-10.469,4.278-11.407,10.279c-0.489,2.994,0.205,5.854,1.902,7.852
			c1.559,1.835,3.785,2.598,6.436,2.598c4.551,0,7.075-2.923,7.075-2.923l-0.228,1.42c-0.086,0.54,0.332,1.029,0.879,1.029h4.602
			c0.729,0,1.35-0.531,1.464-1.251l2.763-17.495C49.325,109.223,48.908,108.735,48.361,108.735"></path>
		<path fill="#009CDE" d="M117.357,118.683c-0.493,2.92-2.811,4.88-5.768,4.88c-1.482,0-2.669-0.478-3.431-1.38
			c-0.756-0.896-1.041-2.169-0.801-3.589c0.46-2.895,2.815-4.917,5.727-4.917c1.451,0,2.629,0.481,3.407,1.392
			C117.274,115.986,117.581,117.27,117.357,118.683 M124.479,108.735h-5.11c-0.438,0-0.811,0.318-0.879,0.751l-0.225,1.429
			l-0.357-0.518c-1.107-1.606-3.573-2.143-6.036-2.143c-5.646,0-10.469,4.278-11.407,10.279c-0.489,2.994,0.205,5.854,1.902,7.852
			c1.559,1.835,3.785,2.598,6.436,2.598c4.551,0,7.075-2.923,7.075-2.923l-0.228,1.42c-0.086,0.54,0.332,1.029,0.879,1.029h4.602
			c0.729,0,1.35-0.531,1.464-1.251l2.763-17.495C125.443,109.223,125.026,108.735,124.479,108.735"></path>
		<path fill="#003087" d="M75.579,108.735h-5.136c-0.492,0-0.951,0.244-1.227,0.65l-7.086,10.436l-3.002-10.028
			c-0.188-0.628-0.766-1.058-1.421-1.058h-5.049c-0.61,0-1.039,0.6-0.842,1.177l5.656,16.602l-5.32,7.506
			c-0.418,0.59,0.004,1.405,0.726,1.405h5.131c0.487,0,0.942-0.239,1.219-0.64l17.082-24.653
			C76.719,109.542,76.296,108.735,75.579,108.735"></path>
		<path fill="#009CDE" d="M130.502,99.615l-4.38,27.866c-0.085,0.54,0.332,1.028,0.879,1.028h4.405c0.729,0,1.351-0.531,1.464-1.252
			l4.319-27.365c0.085-0.54-0.332-1.028-0.878-1.028h-4.93C130.943,98.864,130.57,99.182,130.502,99.615"></path>
		<path fill="#009CDE" d="M102.547,22.604c1.085-6.921-0.008-11.63-3.751-15.895C94.675,2.012,87.23,0,77.704,0h-27.65
			c-1.947,0-3.604,1.417-3.908,3.34L34.633,76.352c-0.228,1.44,0.886,2.743,2.344,2.743h17.07l-1.178,7.471
			c-0.199,1.26,0.775,2.4,2.051,2.4h14.388c1.703,0,3.153-1.239,3.418-2.921l0.142-0.732l2.71-17.187l0.175-0.95
			c0.265-1.682,1.715-2.922,3.418-2.922h2.152c13.939,0,24.854-5.663,28.043-22.04c1.333-6.844,0.644-12.556-2.88-16.572
			C105.42,24.427,104.093,23.422,102.547,22.604"></path>
		<path fill="#002169" d="M102.547,22.604c1.085-6.921-0.008-11.63-3.751-15.895C94.675,2.012,87.23,0,77.704,0h-27.65
			c-1.947,0-3.604,1.417-3.908,3.34L34.633,76.352c-0.228,1.44,0.886,2.743,2.344,2.743h17.07l4.288-27.19l-0.133,0.852
			c0.303-1.923,1.947-3.339,3.894-3.339h8.113c15.933,0,28.41-6.474,32.055-25.195C102.372,23.668,102.464,23.131,102.547,22.604"></path>
		<path fill="#003087" d="M62.941,22.695c0.182-1.157,0.925-2.104,1.924-2.583c0.455-0.218,0.962-0.339,1.494-0.339h21.675
			c2.567,0,4.961,0.168,7.15,0.521c0.626,0.101,1.235,0.216,1.826,0.348c0.591,0.131,1.165,0.277,1.721,0.44
			c0.277,0.081,0.551,0.166,0.819,0.256c1.075,0.356,2.076,0.777,2.997,1.265c1.085-6.92-0.008-11.63-3.751-15.895
			C94.675,2.012,87.23,0,77.705,0h-27.65c-1.947,0-3.605,1.417-3.908,3.34L34.632,76.351c-0.227,1.44,0.887,2.743,2.345,2.743h17.07
			l4.288-27.19L62.941,22.695z"></path>
	</symbol>

	<symbol viewBox="0 0 75.75 89.25" id="icon-paypal-monogram">
		<path fill="#009CDE" d="M67.944,22.604c1.085-6.92-0.008-11.629-3.751-15.895C60.072,2.012,52.628,0,43.102,0h-27.65
			c-1.947,0-3.604,1.417-3.908,3.34L0.03,76.352c-0.228,1.44,0.886,2.744,2.344,2.744h17.07l-1.178,7.471
			c-0.199,1.26,0.775,2.399,2.051,2.399h14.389c1.703,0,3.152-1.239,3.418-2.921l0.142-0.732l2.71-17.187l0.175-0.95
			c0.265-1.682,1.715-2.922,3.418-2.922h2.151c13.939,0,24.855-5.663,28.044-22.04c1.333-6.844,0.644-12.556-2.88-16.571
			C70.817,24.427,69.49,23.422,67.944,22.604"></path>
		<path fill="#002169" d="M67.944,22.604c1.085-6.92-0.008-11.629-3.751-15.895C60.072,2.012,52.628,0,43.102,0h-27.65
			c-1.947,0-3.604,1.417-3.908,3.34L0.03,76.352c-0.228,1.44,0.886,2.744,2.344,2.744h17.07l4.288-27.191L23.6,52.757
			c0.303-1.923,1.947-3.339,3.895-3.339h8.112c15.934,0,28.41-6.475,32.055-25.195C67.77,23.668,67.861,23.131,67.944,22.604"></path>
		<path fill="#003087" d="M28.339,22.695c0.182-1.157,0.925-2.104,1.924-2.584c0.455-0.217,0.962-0.338,1.494-0.338h21.675
			c2.567,0,4.961,0.168,7.149,0.521c0.627,0.101,1.235,0.216,1.826,0.349c0.592,0.131,1.165,0.276,1.721,0.439
			c0.277,0.081,0.552,0.166,0.819,0.256c1.075,0.355,2.076,0.777,2.997,1.266c1.085-6.92-0.008-11.631-3.751-15.896
			C60.072,2.012,52.628,0,43.103,0h-27.65c-1.947,0-3.605,1.417-3.908,3.34L0.029,76.352c-0.227,1.439,0.887,2.742,2.345,2.742h17.07
			l4.288-27.189L28.339,22.695z"></path>
	</symbol>
    
    <symbol viewBox="0 0 27 35" id="icon-invoice">
		<path id="Combined-Shape" fill="#292929" d="M4,1.5C2.619,1.5,1.5,2.619,1.5,4v27c0,1.381,1.119,2.5,2.5,2.5h19
			c1.381,0,2.5-1.119,2.5-2.5V4c0-1.381-1.119-2.5-2.5-2.5H4z M4,0h19c2.209,0,4,1.791,4,4v27c0,2.209-1.791,4-4,4H4
			c-2.209,0-4-1.791-4-4V4C0,1.791,1.791,0,4,0z"></path>
		<path id="_xF155_" fill="#373737" d="M5.766,23.641c0-0.178,0.078-0.32,0.234-0.43s0.364-0.164,0.625-0.164
			c0.385,0,0.786,0.146,1.203,0.438c0.041,0.031,0.091,0.041,0.148,0.031c0.057-0.01,0.096-0.041,0.117-0.094l0.375-0.672
			c0.021-0.041,0.025-0.084,0.016-0.125c-0.011-0.041-0.031-0.078-0.063-0.109c-0.178-0.156-0.394-0.287-0.648-0.391
			C7.518,22.021,7.26,21.953,7,21.922v-0.734c0-0.053-0.019-0.096-0.055-0.133C6.908,21.018,6.865,21,6.813,21H6.188
			c-0.053,0-0.097,0.018-0.133,0.055C6.018,21.092,6,21.135,6,21.188v0.781c-0.459,0.104-0.826,0.311-1.102,0.617
			c-0.276,0.307-0.414,0.664-0.414,1.07c0,0.354,0.094,0.662,0.281,0.922c0.166,0.219,0.4,0.412,0.703,0.578
			c0.188,0.094,0.466,0.213,0.836,0.359c0.369,0.146,0.622,0.26,0.758,0.344c0.197,0.135,0.297,0.287,0.297,0.453
			s-0.063,0.313-0.188,0.438c-0.156,0.135-0.365,0.203-0.625,0.203c-0.229,0-0.469-0.053-0.719-0.156
			c-0.219-0.104-0.438-0.24-0.656-0.406c-0.031-0.031-0.076-0.045-0.133-0.039c-0.058,0.006-0.102,0.029-0.133,0.07l-0.469,0.641
			c-0.031,0.041-0.045,0.086-0.039,0.133c0.005,0.047,0.023,0.086,0.055,0.117c0.197,0.188,0.43,0.346,0.695,0.477
			S5.698,28.01,6,28.063v0.75c0,0.053,0.018,0.096,0.055,0.133C6.091,28.982,6.135,29,6.188,29h0.625
			c0.052,0,0.096-0.018,0.133-0.055C6.982,28.908,7,28.865,7,28.813v-0.734c0.5-0.084,0.9-0.295,1.203-0.633
			c0.302-0.338,0.453-0.736,0.453-1.195c0-0.334-0.094-0.625-0.281-0.875C8.219,25.178,7.994,25,7.703,24.844
			c-0.178-0.094-0.456-0.213-0.836-0.359c-0.381-0.146-0.639-0.26-0.773-0.344C5.875,23.994,5.766,23.828,5.766,23.641z"></path>
		<path id="Rectangle-3" fill="#292929" d="M12,24h9c0.552,0,1,0.447,1,1l0,0c0,0.553-0.448,1-1,1h-9c-0.553,0-1-0.447-1-1l0,0
			C11,24.447,11.448,24,12,24z"></path>
		<path id="Rectangle-3_1_" fill="#292929" d="M10,6h11c0.552,0,1,0.448,1,1l0,0c0,0.552-0.448,1-1,1H10C9.448,8,9,7.552,9,7l0,0
			C9,6.448,9.448,6,10,6z"></path>
		<path id="Rectangle-3-Copy-2" fill="#292929" d="M10,16h11c0.552,0,1,0.448,1,1l0,0c0,0.552-0.448,1-1,1H10c-0.553,0-1-0.448-1-1
			l0,0C9,16.448,9.448,16,10,16z"></path>
		<path id="Rectangle-3_2_" fill="#292929" d="M6.25,6L6.25,6c0.552,0,1,0.448,1,1l0,0c0,0.552-0.448,1-1,1l0,0
			c-0.553,0-1-0.448-1-1l0,0C5.25,6.448,5.698,6,6.25,6z"></path>
		<path id="Rectangle-3-Copy-2_1_" fill="#292929" d="M6.25,16L6.25,16c0.552,0,1,0.448,1,1l0,0c0,0.552-0.448,1-1,1l0,0
			c-0.553,0-1-0.448-1-1l0,0C5.25,16.448,5.698,16,6.25,16z"></path>
		<path id="Rectangle-3-Copy-2_2_" fill="#292929" d="M10,11h11c0.552,0,1,0.448,1,1l0,0c0,0.552-0.448,1-1,1H10
			c-0.553,0-1-0.448-1-1l0,0C9,11.448,9.448,11,10,11z"></path>
		<path id="Rectangle-3-Copy-2_3_" fill="#292929" d="M6.25,11L6.25,11c0.552,0,1,0.448,1,1l0,0c0,0.552-0.448,1-1,1l0,0
			c-0.553,0-1-0.448-1-1l0,0C5.25,11.448,5.698,11,6.25,11z"></path>
	</symbol>

	<symbol viewBox="0 0 26.149 17.568" id="icon-checkout-flybuys">
		<path d="M23.128,0H3.02C1.355,0,0,1.348,0,3.005v11.559c0,1.656,1.355,3.004,3.02,3.004h20.108
			c1.665,0,3.021-1.348,3.021-3.004V3.005C26.149,1.348,24.793,0,23.128,0z M24.92,14.564c0,0.984-0.804,1.783-1.792,1.783H3.02
			c-0.988,0-1.792-0.799-1.792-1.783V3.005c0-0.983,0.804-1.783,1.792-1.783h20.108c0.988,0,1.792,0.8,1.792,1.783V14.564z"></path>
		<path d="M11.485,7.669l-0.001,4.34h0.998v-3.33h1.538V7.786L12.481,7.78l-0.009-0.112
			c0.005-0.743,0.53-1.223,1.338-1.223l0.854-0.001V5.56h-0.854C12.356,5.56,11.487,6.349,11.485,7.669z"></path>
	</symbol>

	<symbol viewBox="0 0 31.792 33.917" id="icon-substitution">
		<path fill="#262626" d="M30.996,18.578H17.218c-0.414,0-0.75,0.337-0.75,0.75v13.777c0,0.414,0.336,0.75,0.75,0.75h13.776
			c0.414,0,0.75-0.336,0.75-0.75V19.328C31.746,18.915,31.41,18.578,30.996,18.578 M30.246,32.355H17.968V20.08h12.276L30.246,32.355
			L30.246,32.355z"></path>
		<path fill="#262626" d="M21.774,13.336c-0.293,0.293-0.293,0.768,0,1.061l1.534,1.535c0.07,0.069,0.152,0.123,0.244,0.161
			c0.092,0.038,0.188,0.058,0.287,0.058c0.098,0,0.195-0.02,0.287-0.058c0.092-0.038,0.174-0.092,0.243-0.161l1.534-1.535
			c0.294-0.293,0.294-0.768,0-1.061c-0.293-0.293-0.768-0.293-1.061,0l-0.269,0.268c-0.14-3.656-3.149-6.59-6.84-6.59
			c-0.413,0-0.75,0.336-0.75,0.75c0,0.414,0.337,0.75,0.75,0.75c2.847,0,5.159,2.24,5.321,5.046l-0.224-0.224
			C22.542,13.043,22.067,13.043,21.774,13.336"></path>
		<path fill="#262626" d="M12.377,26.402c0-0.414-0.336-0.75-0.75-0.75c-2.846,0-5.159-2.24-5.321-5.047L6.53,20.83
			c0.146,0.146,0.338,0.219,0.531,0.219c0.191,0,0.383-0.072,0.529-0.219c0.293-0.293,0.293-0.77,0-1.063l-1.535-1.533
			c-0.069-0.069-0.152-0.125-0.244-0.162c-0.184-0.076-0.391-0.076-0.573,0c-0.092,0.037-0.175,0.093-0.244,0.162l-1.535,1.533
			c-0.293,0.293-0.293,0.77,0,1.063c0.293,0.293,0.769,0.293,1.062,0l0.268-0.27c0.14,3.656,3.149,6.592,6.839,6.592
			C12.041,27.152,12.377,26.816,12.377,26.402"></path>
		<path fill="#262626" d="M16.552,15.158H0.75c-0.268,0-0.516-0.143-0.649-0.375c-0.134-0.232-0.134-0.518,0-0.75l7.9-13.685
			c0.268-0.464,1.031-0.464,1.299,0l7.901,13.685c0.135,0.232,0.135,0.518,0,0.75C17.067,15.016,16.819,15.158,16.552,15.158
			L16.552,15.158z M2.049,13.658h13.204L8.651,2.225L2.049,13.658L2.049,13.658z"></path>
	</symbol>

	<symbol viewBox="0 0 153.478 114.833" id="icon-coupon">
		<path fill="#E6E7E8" d="M3.364,38.88c-2.447,0.684-3.877,3.222-3.193,5.669l4.054,14.505V38.639L3.364,38.88z"></path>
		<path fill="#E6E7E8" d="M138.778,77.96l-4.053-14.505v20.415l0.859-0.241C138.033,82.947,139.461,80.408,138.778,77.96"></path>
		<path fill="#E6E7E8" d="M18.872,111.468c0.684,2.447,3.222,3.878,5.669,3.193l39.592-11.063H16.671L18.872,111.468z"></path>
		<path fill="#E51E25" d="M131.627,45.802c-0.505,0-1.012-0.182-1.411-0.545l-1.492-1.353l-1.79,0.924
			c-0.307,0.159-0.637,0.235-0.962,0.235c-0.694,0-1.369-0.345-1.769-0.964l-1.09-1.696l-1.97,0.427
			c-0.15,0.032-0.299,0.047-0.446,0.047c-0.896,0-1.717-0.576-2-1.462l-0.611-1.918l-2.012-0.097
			c-1.081-0.053-1.944-0.917-1.997-1.997l-0.097-2.011l-1.918-0.613c-1.031-0.329-1.644-1.387-1.415-2.445l0.427-1.97l-1.695-1.09
			c-0.91-0.586-1.227-1.768-0.729-2.73l0.924-1.79l-1.353-1.492c-0.354-0.389-0.527-0.864-0.535-1.355H64.08H11.825
			c-2.541,0-4.601,2.066-4.601,4.607v11.288V69.79v26.207c0,2.541,2.06,4.601,4.601,4.601h4.009h59.034h52.255
			c2.541,0,4.601-2.06,4.601-4.601V84.708l-0.029-38.912C131.672,45.797,131.65,45.802,131.627,45.802"></path>
		<path fill="#E6E7E8" d="M108.693,17.146c-0.069-0.136-0.122-0.277-0.159-0.419c-0.15-0.576-0.043-1.181,0.274-1.67l-33.992,3.856
			l34.008,0.881l0.781-0.85L108.693,17.146z"></path>
		<polygon fill="#FBB415" points="151.145,24.422 153.477,21.851 151.145,19.279 152.739,16.195 149.819,14.316 150.553,10.923 
			147.246,9.868 147.079,6.4 143.611,6.233 142.555,2.925 139.162,3.659 137.284,0.739 134.199,2.332 131.627,0 129.055,2.332 
			125.97,0.739 124.092,3.659 120.7,2.925 119.644,6.232 116.176,6.4 116.009,9.868 112.702,10.923 113.435,14.316 110.515,16.194 
			112.108,19.279 110.689,20.844 109.777,21.851 112.108,24.422 110.515,27.507 113.435,29.385 112.702,32.778 116.008,33.834 
			116.176,37.301 119.644,37.469 120.7,40.777 124.092,40.042 125.97,42.962 129.055,41.369 131.627,43.701 132.746,42.687 
			134.199,41.369 137.284,42.962 139.162,40.042 142.554,40.777 143.611,37.469 147.078,37.302 147.246,33.834 150.553,32.779 
			149.819,29.385 152.739,27.507 "></polygon>
		<path fill="#FFFFFF" d="M134.547,17.359c-0.958-0.878-1.782-1.33-2.899-1.33c-1.276,0-1.969,0.505-1.969,1.702
			c0,2.527,7.021,2.314,7.021,7.394c0,2.554-1.408,4.523-4.148,5.107v2.767h-2.58v-2.66c-1.57-0.186-3.431-0.878-4.682-2.022
			l1.702-2.633c1.357,1.011,2.526,1.543,3.804,1.543c1.489,0,2.154-0.612,2.154-1.836c0-2.739-7.021-2.686-7.021-7.473
			c0-2.607,1.543-4.416,4.043-4.921v-2.74h2.58v2.686c1.702,0.24,2.925,1.091,3.963,2.181L134.547,17.359z"></path>
		<path fill="#FFFFFF" d="M60.383,56.774c-2.718,0-4.921,2.211-4.921,4.938c0,2.729,2.203,4.939,4.92,4.939
			c2.718,0,4.92-2.211,4.921-4.939C65.303,58.985,63.101,56.774,60.383,56.774 M43.492,66.651c2.002,0,3.723-1.2,4.492-2.922h3.46
			c-0.896,3.571-4.117,6.214-7.952,6.214c-4.529,0-8.2-3.684-8.2-8.231c0.001-4.544,3.672-8.229,8.201-8.229
			c3.836,0,7.056,2.643,7.951,6.214h-3.46c-0.769-1.722-2.49-2.922-4.491-2.922c-2.718,0-4.92,2.211-4.921,4.938
			C38.572,64.44,40.774,66.651,43.492,66.651 M60.382,69.943c-4.529,0-8.201-3.685-8.2-8.231c0-4.544,3.672-8.229,8.201-8.229
			c4.529,0,8.2,3.685,8.2,8.229C68.583,66.258,64.912,69.943,60.382,69.943 M69.646,69.54l0.003-20.973l3.592-0.001v20.975
			L69.646,69.54z M89.855,62.455h-3.301c0,0,0-0.002,0-0.003h-8.912c0.344,2.682,2.284,4.364,4.455,4.364
			c1.605,0,3.083-0.92,3.885-2.482h3.527c-1.036,3.482-4.064,5.61-7.411,5.609h-0.001c-4.142,0.002-7.799-3.258-7.79-8.312
			c-0.008-6.095,4.603-8.148,7.791-8.149h0.001c3.188,0.001,7.798,2.055,7.789,8.149C89.889,61.912,89.876,62.186,89.855,62.455
			 M101.926,68.526c-1.145,0.9-2.842,1.377-4.91,1.377c-4.144,0-6.521-2.004-6.521-5.499v-0.071h3.245l0.001,0.069
			c0.143,1.861,1.309,2.766,3.565,2.766c1.877,0,3.044-0.769,3.044-2.007c0-1.052-0.794-1.442-2.354-1.834l-2.29-0.582
			c-1.706-0.421-2.845-0.916-3.585-1.56c-0.813-0.707-1.191-1.617-1.191-2.862c0-1.426,0.548-2.629,1.583-3.478
			c1.059-0.864,2.585-1.322,4.418-1.322c1.898,0,3.49,0.472,4.606,1.366c1.102,0.884,1.684,2.132,1.684,3.609v0.029h-3.216
			l-0.002-0.028c-0.086-1.504-1.189-2.3-3.188-2.3c-1.573,0-2.551,0.625-2.551,1.629c0,1.119,0.967,1.564,2.528,1.922l1.942,0.437
			c3.191,0.743,4.922,1.691,4.921,4.566C103.656,66.331,103.057,67.636,101.926,68.526 M82.099,56.445L82.099,56.445
			c-1.497,0-3.535,0.851-4.25,3.219h8.498C85.631,57.296,83.595,56.445,82.099,56.445"></path>
	</symbol>
	
	<symbol viewBox="0 0 35.417 35.417" id="icon-promo">
		<path fill="#262626" d="M34.27,1.031c-1.307-1.303-3.688-1.742-6.46,0.938c-1.026,0.994-1.807,2.444-2.384,3.879l-9.54,0.195
			c-0.194,0.004-0.378,0.083-0.515,0.22L0.22,21.413c-0.293,0.293-0.293,0.768,0,1.061l12.593,12.595
			c0.141,0.141,0.332,0.22,0.53,0.22s0.39-0.079,0.53-0.22l15.151-15.153c0.137-0.137,0.216-0.321,0.22-0.515l0.2-9.757
			c0.021-1.008-0.377-1.996-1.091-2.711c-0.523-0.522-1.174-0.868-1.912-1.012c0.519-1.234,1.188-2.44,2.036-3.261
			c1.96-1.894,3.823-2.238,5.113-0.949c0.518,0.518,0.789,1.161,0.784,1.858c-0.007,1.033-0.603,2.155-1.723,3.245
			c-0.56,0.544-1.288,1.052-2.165,1.508c-0.235,0.123-0.326,0.412-0.204,0.647c0.123,0.235,0.412,0.324,0.647,0.204
			c0.96-0.5,1.765-1.062,2.392-1.672c1.308-1.273,2.004-2.631,2.013-3.927C35.342,2.614,34.974,1.735,34.27,1.031z M27.293,7.992
			c0.427,0.427,0.664,1.017,0.651,1.62l-0.194,9.455l-14.407,14.41L1.811,21.943L16.219,7.536l8.667-0.177
			c-0.563,1.761-0.811,3.215-0.831,3.336c-0.043,0.261,0.134,0.508,0.396,0.552c0.026,0.004,0.053,0.006,0.079,0.006
			c0.23,0,0.434-0.167,0.473-0.401c0.005-0.03,0.28-1.632,0.9-3.492C26.426,7.402,26.917,7.616,27.293,7.992z"></path>
	</symbol>
	
	<symbol viewBox="0 0 34.813 23.521" id="icon-reference-no">
		<path fill="#262626" d="M30.827,23.537H4.025C1.805,23.537,0,21.731,0,19.511V4.025C0,1.806,1.805,0,4.025,0h26.802
			c2.22,0,4.025,1.806,4.025,4.025v15.486C34.852,21.731,33.046,23.537,30.827,23.537L30.827,23.537z M4.025,1.637
			c-1.317,0-2.389,1.072-2.389,2.389v15.486c0,1.317,1.072,2.389,2.389,2.389h26.802c1.317,0,2.389-1.071,2.389-2.389V4.025
			c0-1.317-1.071-2.389-2.389-2.389H4.025L4.025,1.637z"></path>
		<g>
			<path fill="#262626" d="M6.571,13.257H5.647v-0.912h1.02l0.192-1.548H5.887V9.885h1.092l0.264-2.088h0.828L7.819,9.885h1.403
				L9.5,7.797h0.815l-0.252,2.088h0.96v0.912H9.955l-0.191,1.548h1.021v0.912H9.656l-0.275,2.34h-0.84l0.275-2.34H7.412l-0.288,2.34
				h-0.84L6.571,13.257z M8.921,12.345l0.192-1.548H7.698l-0.192,1.548H8.921z"></path>
			<path fill="#262626" d="M12.271,14.468h1.703V9.452h-1.403V8.589c0.384-0.072,0.714-0.158,0.99-0.258
				c0.274-0.1,0.532-0.223,0.772-0.366h1.032v6.503h1.499v1.129H12.27L12.271,14.468L12.271,14.468z"></path>
			<path fill="#262626" d="M17.995,14.792c0.527-0.512,1.005-0.983,1.435-1.415c0.428-0.433,0.791-0.832,1.092-1.199
				c0.299-0.368,0.529-0.712,0.689-1.032c0.159-0.319,0.239-0.624,0.239-0.911c0-0.408-0.106-0.73-0.323-0.967
				c-0.218-0.237-0.527-0.354-0.937-0.354c-0.297,0-0.565,0.084-0.812,0.252c-0.244,0.168-0.471,0.367-0.678,0.6l-0.768-0.768
				c0.354-0.377,0.713-0.666,1.086-0.871c0.371-0.203,0.822-0.305,1.35-0.305c0.367,0,0.699,0.056,0.996,0.168
				c0.295,0.111,0.547,0.27,0.756,0.474c0.207,0.204,0.369,0.45,0.486,0.737c0.115,0.289,0.174,0.608,0.174,0.961
				c0,0.336-0.074,0.678-0.223,1.025c-0.149,0.347-0.348,0.7-0.6,1.057c-0.25,0.356-0.545,0.721-0.882,1.098
				c-0.336,0.375-0.69,0.765-1.065,1.164c0.199-0.017,0.414-0.035,0.646-0.056c0.231-0.02,0.44-0.028,0.625-0.028h1.871v1.176h-5.158
				V14.792z"></path>
			<path fill="#262626" d="M24.642,13.774c0.232,0.231,0.496,0.43,0.793,0.594c0.295,0.164,0.635,0.246,1.02,0.246
				c0.416,0,0.754-0.103,1.014-0.308c0.261-0.202,0.392-0.483,0.392-0.846c0-0.199-0.037-0.38-0.108-0.539
				c-0.072-0.16-0.193-0.298-0.365-0.408s-0.402-0.199-0.689-0.258c-0.289-0.061-0.648-0.09-1.08-0.09v-1.008
				c0.375,0,0.689-0.031,0.941-0.09c0.252-0.061,0.455-0.145,0.611-0.253c0.155-0.108,0.268-0.237,0.336-0.39
				c0.067-0.153,0.104-0.316,0.104-0.492c0-0.32-0.102-0.57-0.301-0.75c-0.199-0.18-0.477-0.27-0.828-0.27
				c-0.305,0-0.578,0.065-0.822,0.197c-0.244,0.133-0.482,0.307-0.713,0.522l-0.709-0.853c0.328-0.287,0.678-0.52,1.051-0.695
				c0.371-0.176,0.785-0.264,1.242-0.264c0.367,0,0.703,0.043,1.008,0.131c0.303,0.089,0.563,0.219,0.779,0.391
				s0.385,0.384,0.504,0.636C28.941,9.229,29,9.515,29,9.835c0,0.432-0.117,0.792-0.354,1.08c-0.236,0.287-0.563,0.512-0.979,0.672
				v0.048c0.457,0.12,0.834,0.34,1.135,0.659c0.299,0.319,0.449,0.731,0.449,1.235c0,0.353-0.07,0.664-0.209,0.937
				c-0.142,0.272-0.332,0.502-0.576,0.69s-0.527,0.332-0.853,0.433s-0.67,0.149-1.039,0.149c-0.623,0-1.146-0.104-1.562-0.313
				c-0.416-0.206-0.76-0.462-1.031-0.766L24.642,13.774z"></path>
		</g>
	</symbol>
	
	<symbol viewBox="0 0 34.813 23.521" id="icon-team-member">
		<path fill="#262626" d="M30.827,23.537H4.025C1.805,23.537,0,21.731,0,19.51V4.025C0,1.806,1.805,0,4.025,0h26.803
			c2.22,0,4.024,1.807,4.024,4.025V19.51C34.852,21.731,33.046,23.537,30.827,23.537L30.827,23.537z M4.025,1.637
			c-1.316,0-2.389,1.071-2.389,2.389v15.486c0,1.316,1.072,2.389,2.389,2.389h26.803c1.316,0,2.389-1.071,2.389-2.389V4.025
			c0-1.317-1.071-2.39-2.389-2.39H4.025V1.637z"></path>
		<g>
			<path fill="#262626" d="M10.52,11.143c-0.336-1.336-1.542-2.326-2.978-2.326c-1.696,0-3.071,1.379-3.071,3.081
				c0,1.703,1.375,3.081,3.071,3.081c1.436,0,2.642-0.988,2.978-2.325H9.224c-0.287,0.645-0.933,1.094-1.682,1.094
				c-1.018,0-1.843-0.826-1.843-1.85c0-1.021,0.825-1.849,1.843-1.849c0.749,0,1.394,0.449,1.682,1.093L10.52,11.143L10.52,11.143z"></path>
			<path fill="#262626" d="M15.71,11.898c0,1.023-0.825,1.85-1.843,1.85c-1.019,0-1.842-0.826-1.842-1.85
				c0-1.021,0.824-1.849,1.842-1.849S15.71,10.877,15.71,11.898 M16.939,11.898c0-1.701-1.375-3.081-3.071-3.081
				s-3.071,1.379-3.071,3.081c0,1.703,1.375,3.083,3.071,3.083S16.939,13.601,16.939,11.898"></path>
			<path fill="#262626" d="M17.338,6.978l-0.002,7.851l1.346,0.002V6.978L17.338,6.978z"></path>
			<path fill="#262626" d="M21.998,9.927L21.998,9.927L21.998,9.927c0.561,0,1.324,0.319,1.592,1.205h-3.182
				C20.674,10.245,21.438,9.927,21.998,9.927 M24.903,12.177c0.01-0.101,0.014-0.204,0.014-0.308c0.002-2.282-1.725-3.051-2.918-3.051
				l0,0l0,0c-1.193,0-2.92,0.769-2.918,3.051c-0.002,1.892,1.367,3.112,2.918,3.112l0,0l0,0c1.254,0,2.389-0.797,2.775-2.1h-1.32
				c-0.301,0.584-0.854,0.929-1.455,0.929l0,0c-0.813,0-1.539-0.631-1.668-1.634h3.338v0.001H24.903z"></path>
			<path fill="#262626" d="M27.586,14.966c-1.553,0-2.443-0.75-2.443-2.059V12.88h1.215l0.002,0.026
				c0.053,0.697,0.49,1.035,1.336,1.035c0.701,0,1.139-0.287,1.139-0.752c0-0.392-0.297-0.538-0.883-0.686l-0.857-0.218
				c-0.639-0.158-1.066-0.344-1.342-0.585c-0.305-0.264-0.445-0.605-0.445-1.071c0-0.534,0.205-0.984,0.592-1.302
				c0.396-0.324,0.969-0.495,1.654-0.495c0.711,0,1.307,0.177,1.725,0.511c0.412,0.331,0.631,0.798,0.631,1.351v0.011h-1.203v-0.011
				c-0.033-0.563-0.447-0.861-1.195-0.861c-0.59,0-0.955,0.234-0.955,0.61c0,0.418,0.361,0.585,0.947,0.719l0.727,0.163
				c1.195,0.279,1.844,0.634,1.844,1.711c0,0.591-0.225,1.079-0.648,1.412C28.996,14.786,28.36,14.966,27.586,14.966"></path>
		</g>
	</symbol>

	<symbol viewBox="0 0 116 106.1" id="icon-first-time">
		<g>
			<path fill="#262626" d="M115.2,51.9L59.8,0.7c-1-0.9-2.6-0.9-3.6,0L0.8,51.9c-0.8,0.7-1,1.8-0.6,2.8c0.4,1,1.4,1.6,2.4,1.6h12.9
				v47.2c0,1.4,1.2,2.6,2.6,2.6h19.5c1.4,0,2.6-1.2,2.6-2.6v-2.7c0-7.4,6.1-13.3,13.5-13.3h4.8c0.1,0,0.2,0,0.3,0c0.1,0,0.2,0,0.3,0
				h4.7c7.5,0,13.5,6,13.5,13.3v0.1H58.8c-1.4,0-2.6,1.2-2.6,2.6c0,1.4,1.2,2.6,2.6,2.6h39.2c1.4,0,2.6-1.2,2.6-2.6V56.4h12.9
				c1.1,0,2-0.6,2.4-1.6C116.2,53.8,116,52.6,115.2,51.9z M65.8,71.4c0,4.7-3.4,10.7-6.8,11h-0.3c-3.6-0.2-7-6.3-7-11
				c0-4.2,3.2-7.8,6.9-8C62.6,63.6,65.9,67.2,65.8,71.4C65.8,71.4,65.8,71.4,65.8,71.4z M97.9,51.2c-1.4,0-2.6,1.2-2.6,2.6V101H82.6
				v-0.1c0-9.1-6.7-16.6-15.5-18.2C69.6,79.4,71,75,71,71.4c0.1-6.9-5.5-12.9-12.3-13.1c-6.6,0.2-12.2,6.3-12.1,13.1
				c0,3.5,1.4,8,4,11.3C41.7,84.2,35,91.8,35,100.9v0.1H20.7c0,0-0.1-66.1-0.1-47.2c0-1.4-1.2-2.6-2.6-2.6h0.1H9.2L58,6.1l48.8,45.1
				H97.9z"></path>
			<path fill="none" d="M43.4-363.2L-12-414.4c-1-0.9-2.6-0.9-3.6,0L-71-363.2c-0.8,0.7-1,1.8-0.6,2.8c0.4,1,1.4,1.6,2.4,1.6h12.9v47.2
				c0,1.4,1.2,2.6,2.6,2.6h19.5c1.4,0,2.6-1.2,2.6-2.6v-2.7c0-7.4,6.1-13.3,13.5-13.3h4.8c0.1,0,0.2,0,0.3,0c0.1,0,0.2,0,0.3,0H-8
				c7.5,0,13.5,6,13.5,13.3v0.1H-13c-1.4,0-2.6,1.2-2.6,2.6c0,1.4,1.2,2.6,2.6,2.6h39.2c1.4,0,2.6-1.2,2.6-2.6v-47.2h12.9
				c1.1,0,2-0.6,2.4-1.6C44.5-361.4,44.2-362.5,43.4-363.2z M-6-343.7c0,4.7-3.4,10.7-6.8,11h-0.3c-3.6-0.2-7-6.3-7-11
				c0-4.2,3.2-7.8,6.9-8C-9.2-351.5-5.9-347.9-6-343.7C-6-343.7-6-343.7-6-343.7z M26.2-363.9c-1.4,0-2.6,1.2-2.6,2.6v47.2H10.8v-0.1
				c0-9.1-6.7-16.6-15.5-18.2c2.5-3.3,3.9-7.7,3.9-11.3c0.1-6.9-5.5-12.9-12.3-13.1c-6.6,0.2-12.2,6.3-12.1,13.1c0,3.5,1.4,8,4,11.3
				c-8.8,1.5-15.5,9.1-15.5,18.2v0.1h-14.3c0,0-0.1-66.1-0.1-47.2c0-1.4-1.2-2.6-2.6-2.6h0.1h-8.9l48.8-45.1l48.8,45.1H26.2z"></path>
		</g>
	</symbol>

	<symbol viewBox="0 0 116.221 116.221" id="icon-under18">
		<g>
			<path fill="#262626" d="M31.568,36.611c0,1.957,0.396,3.382,1.19,4.277c0.794,0.895,1.943,1.342,3.447,1.342
				c1.493,0,2.627-0.448,3.403-1.342c0.776-0.895,1.164-2.32,1.164-4.277v-6.263H38.25v6.532c0,1.145-0.178,1.944-0.533,2.397
				c-0.355,0.454-0.859,0.68-1.511,0.68c-0.651,0-1.149-0.227-1.492-0.68c-0.344-0.453-0.516-1.252-0.516-2.397v-6.532h-2.63V36.611z"></path>
			<path fill="#262626" d="M43.457,42.016h2.488v-4.134c0-0.692-0.039-1.408-0.116-2.147s-0.145-1.432-0.204-2.076h0.071l1.137,2.542
				l3.021,5.816h2.684V30.348H50.05v4.116c0,0.692,0.038,1.42,0.116,2.183c0.077,0.764,0.145,1.456,0.205,2.076h-0.071l-1.138-2.577
				l-3.021-5.798h-2.684V42.016z"></path>
			<path fill="#262626" d="M55.274,42.016h3.412c0.853,0,1.626-0.119,2.319-0.358c0.693-0.239,1.288-0.6,1.786-1.083
				c0.498-0.483,0.882-1.095,1.155-1.834c0.272-0.74,0.409-1.611,0.409-2.613s-0.136-1.867-0.409-2.595
				c-0.273-0.728-0.664-1.327-1.173-1.798c-0.51-0.471-1.12-0.82-1.831-1.047s-1.511-0.34-2.399-0.34h-3.27V42.016z M57.887,39.886
				v-7.408h0.498c0.498,0,0.948,0.06,1.351,0.179c0.403,0.12,0.747,0.319,1.031,0.6s0.507,0.656,0.667,1.127s0.24,1.053,0.24,1.745
				c0,0.704-0.08,1.295-0.24,1.771c-0.16,0.478-0.382,0.862-0.667,1.154c-0.284,0.293-0.628,0.504-1.031,0.636
				c-0.403,0.131-0.853,0.196-1.351,0.196H57.887z"></path>
			<path fill="#262626" d="M66.559,42.016h7.429v-2.219h-4.816v-2.684h3.945v-2.201h-3.945v-2.344h4.639v-2.219h-7.251V42.016z"></path>
			<path fill="#262626" d="M78.91,32.441h1.351c0.687,0,1.211,0.114,1.573,0.34c0.361,0.227,0.542,0.626,0.542,1.199
				c0,0.573-0.181,1.005-0.542,1.297c-0.361,0.292-0.886,0.438-1.573,0.438H78.91V32.441z M85.503,42.016l-2.63-4.671
				c0.627-0.274,1.128-0.688,1.501-1.244c0.373-0.555,0.56-1.261,0.56-2.121c0-0.691-0.118-1.271-0.355-1.736
				s-0.557-0.838-0.959-1.118c-0.403-0.28-0.874-0.48-1.413-0.6c-0.539-0.119-1.117-0.179-1.732-0.179h-4.177v11.667h2.613V37.81
				h1.439l2.221,4.206H85.503z"></path>
			<path fill="#262626" d="M31.614,86.016h23.34v-6.923h-6.875V49.074h-6.24c-1.31,0.776-2.658,1.436-4.044,1.978
				c-1.386,0.543-3.082,1.009-5.083,1.396v5.293h6.875v21.351h-7.973V86.016z"></path>
			<path fill="#262626" d="M68.588,72.402c0.539-1.008,1.213-1.899,2.022-2.676c1.156,0.504,2.205,0.97,3.148,1.396
				c0.943,0.427,1.762,0.883,2.456,1.367c0.693,0.486,1.222,1.018,1.589,1.6c0.365,0.582,0.549,1.28,0.549,2.094
				c0,1.551-0.463,2.705-1.387,3.461c-0.925,0.756-2.1,1.134-3.524,1.134c-1.541,0-2.869-0.456-3.986-1.367
				c-1.117-0.911-1.675-2.182-1.675-3.811C67.779,74.478,68.048,73.412,68.588,72.402z M71.014,62.105
				c-1.156-0.853-1.733-2.036-1.733-3.548c0-1.435,0.404-2.501,1.213-3.2s1.771-1.047,2.889-1.047c1.387,0,2.475,0.437,3.264,1.309
				c0.789,0.873,1.184,2.027,1.184,3.461c0,1.862-0.751,3.665-2.253,5.41C73.69,63.754,72.17,62.959,71.014,62.105z M61.453,80.722
				c0.635,1.242,1.521,2.308,2.657,3.199c1.136,0.893,2.484,1.581,4.044,2.065c1.56,0.484,3.265,0.728,5.113,0.728
				c1.964,0,3.745-0.262,5.344-0.786c1.598-0.523,2.965-1.241,4.102-2.152c1.136-0.911,2.012-1.987,2.629-3.229
				c0.615-1.241,0.924-2.598,0.924-4.072c0-2.443-0.616-4.421-1.849-5.934s-2.735-2.753-4.506-3.723v-0.233
				c1.271-0.853,2.388-1.968,3.351-3.345c0.962-1.376,1.444-2.957,1.444-4.741c0-1.513-0.27-2.899-0.809-4.16
				c-0.54-1.26-1.291-2.327-2.253-3.2c-0.964-0.873-2.138-1.551-3.524-2.036c-1.387-0.484-2.908-0.727-4.564-0.727
				c-1.695,0-3.264,0.232-4.708,0.698c-1.444,0.466-2.687,1.145-3.727,2.036c-1.039,0.893-1.849,1.969-2.426,3.229
				c-0.578,1.261-0.867,2.667-0.867,4.218c0,1.978,0.462,3.656,1.386,5.032c0.925,1.377,2.099,2.609,3.524,3.694v0.232
				c-1.733,0.931-3.207,2.114-4.42,3.549C61.106,72.5,60.5,74.342,60.5,76.591C60.5,78.104,60.817,79.481,61.453,80.722z"></path>
			<path fill="#DF1F26" d="M58.109,0.11c-32.034,0-58,25.969-58,58c0,32.035,25.966,58,58,58s58.002-25.965,58.002-58
				C116.111,26.08,90.144,0.11,58.109,0.11z M7.881,58.11c0-27.739,22.486-50.229,50.229-50.229c12.485,0,23.897,4.566,32.684,12.105
				L19.985,90.795C12.446,82.009,7.881,70.597,7.881,58.11z M58.109,108.339c-12.486,0-23.898-4.565-32.685-12.105l70.808-70.807
				c7.542,8.786,12.107,20.198,12.107,32.684C108.34,85.853,85.852,108.339,58.109,108.339z"></path>
		</g>
	</symbol>

	<symbol viewBox="0 0 45.354 42.52" id="icon-address">
		<path fill="#262626" d="M19.058,39.646v0.037h-7.034c-0.545,0-0.987,0.434-0.987,0.969s0.442,0.969,0.987,0.969h25.841
			c0.545,0,0.987-0.434,0.987-0.969V22.852h4.877c0.405,0,0.769-0.244,0.917-0.614c0.149-0.37,0.053-0.792-0.243-1.063L23.406,1.846
			c-0.378-0.351-0.972-0.351-1.35,0L1.06,21.176c-0.295,0.271-0.392,0.693-0.243,1.063c0.149,0.37,0.513,0.614,0.917,0.614H6.61
			v17.799c0,0.535,0.442,0.969,0.987,0.969h7.406c0.545,0,0.987-0.434,0.987-0.969v-1.006 M14.017,39.646v0.037H8.584v-16.83h5.436
			c0.545,0,0.987-0.435,0.987-0.97s-0.442-0.969-0.987-0.969H7.597H4.23L22.731,3.882l18.502,17.031h-3.369
			c-0.545,0-0.987,0.434-0.987,0.969v17.8h-4.846v-0.037"></path>
	</symbol>
    
    <symbol viewBox="0 0 101.594 101.843" id="icon-add-address">
        <path d="M101.404,47.278 C101.061,48.125 100.219,48.683 99.284,48.683 L88.022,48.683 L88.022,70.584 C88.022,71.810 87.001,72.804 85.743,72.804 C84.484,72.804 83.463,71.810 83.463,70.584 L83.463,46.463 C83.463,45.237 84.484,44.243 85.743,44.243 L93.518,44.243 L50.788,5.238 L8.057,44.243 L15.833,44.243 L30.668,44.243 C31.926,44.243 32.947,45.237 32.947,46.463 C32.947,47.688 31.926,48.683 30.668,48.683 L18.113,48.683 L18.113,87.225 L36.456,87.225 L36.456,61.184 C36.456,58.539 38.666,56.389 41.382,56.389 L60.195,56.389 C62.911,56.389 65.119,58.539 65.119,61.184 L65.119,87.225 L66.076,87.225 C67.335,87.225 68.356,88.220 68.356,89.445 C68.356,90.671 67.335,91.665 66.076,91.665 L62.840,91.665 C61.581,91.665 60.560,90.671 60.560,89.445 L60.560,61.184 C60.560,60.988 60.397,60.829 60.195,60.829 L41.382,60.829 C41.180,60.829 41.015,60.988 41.015,61.184 L41.015,89.445 C41.015,90.671 39.994,91.665 38.735,91.665 L15.833,91.665 C14.575,91.665 13.554,90.671 13.554,89.445 L13.554,48.683 L2.291,48.683 C1.356,48.683 0.514,48.125 0.171,47.278 C-0.173,46.431 0.050,45.465 0.732,44.844 L49.230,0.575 C50.107,-0.229 51.472,-0.229 52.346,0.575 L100.842,44.844 C101.525,45.465 101.748,46.431 101.404,47.278 ZM74.959,87.234 L83.402,87.234 L83.402,79.155 C83.402,77.929 84.424,76.935 85.682,76.935 C86.941,76.935 87.962,77.929 87.962,79.155 L87.962,87.234 L95.987,87.234 C97.245,87.234 98.266,88.228 98.266,89.454 C98.266,90.680 97.245,91.674 95.987,91.674 L87.962,91.674 L87.962,99.632 C87.962,100.857 86.941,101.852 85.682,101.852 C84.424,101.852 83.402,100.857 83.402,99.632 L83.402,91.674 L74.959,91.674 C73.700,91.674 72.679,90.680 72.679,89.454 C72.679,88.228 73.700,87.234 74.959,87.234 Z"></path>
    </symbol>


	<symbol viewBox="0 0 30 31.5" id="icon-modify">
		<path d="M4.826,6.008c-0.415,0-0.751-0.332-0.751-0.742V1.222c0-0.41,0.336-0.743,0.751-0.743
			c0.414,0,0.75,0.333,0.75,0.743v4.044C5.576,5.676,5.24,6.008,4.826,6.008z"></path>
		<path d="M8.56,6.008c-0.415,0-0.751-0.332-0.751-0.742V1.222c0-0.41,0.336-0.743,0.751-0.743
			c0.414,0,0.75,0.333,0.75,0.743v4.044C9.31,5.676,8.974,6.008,8.56,6.008z"></path>
		<path d="M12.293,6.008c-0.415,0-0.751-0.332-0.751-0.742V1.222c0-0.41,0.336-0.743,0.751-0.743
			c0.414,0,0.75,0.333,0.75,0.743v4.044C13.043,5.676,12.707,6.008,12.293,6.008z"></path>
		<path d="M16.026,6.008c-0.414,0-0.751-0.332-0.751-0.742V1.222c0-0.41,0.337-0.743,0.751-0.743s0.751,0.333,0.751,0.743
			v4.044C16.777,5.676,16.44,6.008,16.026,6.008z"></path>
		<path d="M19.76,6.008c-0.414,0-0.751-0.332-0.751-0.742V1.222c0-0.41,0.337-0.743,0.751-0.743s0.751,0.333,0.751,0.743
			v4.044C20.511,5.676,20.174,6.008,19.76,6.008z"></path>
		<path d="M29.998,9.864c0-0.912-0.359-1.768-1.013-2.408c-1.218-1.196-3.122-1.301-4.486-0.325V3.129
			c0-0.41-0.336-0.742-0.75-0.742H0.751C0.337,2.387,0,2.72,0,3.129v25.295C0,30.121,1.395,31.5,3.109,31.5h18.281
			c1.714,0,3.108-1.379,3.108-3.075V17.12c0-0.054-0.02-0.102-0.031-0.153l4.518-4.692C29.639,11.632,29.998,10.777,29.998,9.864z
			 M22.998,28.425c0,0.877-0.722,1.59-1.607,1.59H3.109c-0.887,0-1.608-0.713-1.608-1.59V3.872h21.497v4.422
			c0,0.087,0.022,0.167,0.05,0.245l-8.972,9.319c-0.083,0.085-0.144,0.189-0.177,0.303l-1.574,5.307
			c-0.077,0.26-0.005,0.54,0.189,0.733c0.143,0.141,0.335,0.218,0.531,0.218c0.069,0,0.14-0.01,0.208-0.029l5.41-1.542
			c0.128-0.037,0.243-0.106,0.335-0.202l3.999-4.153V28.425z M15.139,19.259l2.407,2.362l-3.396,0.968L15.139,19.259z M27.913,11.235
			l-9.802,10.18l-2.771-2.719l9.808-10.188c0.767-0.752,2.014-0.752,2.78,0c0.366,0.36,0.568,0.841,0.568,1.355
			C28.497,10.378,28.295,10.86,27.913,11.235z"></path>
	</symbol>

	<symbol viewBox="319.484 78.433 100 24" id="icon-thawte-logo">
		<path fill="#004FA3" d="M365.011,87.601c-0.578-0.307-1.359-0.524-2.293-0.524c-2.196,0-3.515,1.031-4.053,1.447l0.791-4.667h-3.106
			l-2.163,12.771h3.106l1.18-6.964c0.778-0.598,1.729-1.104,2.756-1.104c0.537,0,1,0.162,1.304,0.434
			c0.569,0.507,0.463,1.267,0.316,2.134l-0.931,5.5h3.107l1.039-6.132C366.2,89.681,366.417,88.397,365.011,87.601z M373.24,86.968
			c-3.55,0-4.754,1.592-5.418,2.479l0.742,0.307c0.55-0.487,1.541-1.374,3.527-1.374c0.887,0,2.178,0.234,2.574,1.212
			c0.154,0.386,0.15,0.799,0.109,1.204h0.068l-0.488,2.877h-0.053l-0.184,1.072c-0.658,0.309-1.467,0.67-2.564,0.67
			c-1.566,0-2.006-0.85-1.872-1.645c0.2-1.178,1.508-1.738,2.887-1.738c0.424,0,0.785,0.047,1.119,0.119l0.229-1.344
			c-0.572-0.12-1.148-0.203-1.924-0.203c-2.779,0-5.247,1.194-5.608,3.329c-0.282,1.664,1.039,2.967,3.468,2.967
			c2.218,0,3.541-0.904,4.125-1.32l-0.176,1.049h3.012l0.947-5.59c0.143-0.85,0.328-2.08-0.684-3.003
			C376.492,87.493,375.273,86.968,373.24,86.968z M400.484,95.831c-0.232,0-1.166,0-1.59-0.813c-0.182-0.309-0.258-0.688-0.125-1.467
			l0.715-4.219h3.395l0.334-1.966h-3.396l0.426-2.515h-3.105l-0.426,2.515h-3.27l-2.836,4.613l-0.498,0.867
			c-0.174-0.488-0.184-0.578-0.344-1.012l-1.625-4.468h-1.027l-4.031,5.462c-0.086-0.451-0.115-0.561-0.209-0.977l-1.201-4.487h-3.248
			l2.857,9.334h1.145l4.066-5.391l2.24,5.391h1.121l4.807-7.368h1.719l-0.777,4.6c-0.139,0.813-0.16,1.629,0.594,2.279
			c0.791,0.705,2.021,0.76,2.58,0.76c1.543,0,2.453-0.416,3.209-0.742l-0.275-0.578C401.318,95.741,400.977,95.831,400.484,95.831z
			 M406.904,90.821c-0.041,0.063-0.131,0.256-0.234,0.862c-0.039,0.236-0.061,0.414-0.072,0.551h8.289
			c0.148-1.014,0.416-2.733-1.021-4.035c-1.258-1.122-3.105-1.249-4.133-1.249c-4.229,0-6.844,2.207-7.303,4.92
			c-0.48,2.84,1.396,5.137,5.693,5.137c4.111,0,5.391-1.898,6.076-2.912l-0.723-0.289c-0.955,0.813-1.965,1.664-4.135,1.664
			c-3.166,0-3.592-1.877-3.648-2.844c-0.014-0.037-0.068-0.23,0.037-0.873c0.107-0.654,0.246-0.907,0.273-0.953
			c0.504-1.063,1.176-2.331,3.4-2.331c2.336,0,2.336,1.52,2.334,2.352H406.904L406.904,90.821z M351.617,84.852h-3.106l-1.538,9.081
			c-0.138,0.814-0.159,1.629,0.595,2.279c0.792,0.705,2.02,0.76,2.581,0.76c1.542,0,2.453-0.416,3.209-0.742l-0.276-0.578
			c-0.389,0.09-0.731,0.18-1.221,0.18c-0.234,0-1.168,0-1.591-0.813c-0.181-0.309-0.257-0.688-0.126-1.467l0.715-4.22h2.514
			l0.331-1.952h-2.514L351.617,84.852z"></path>
		<path fill="#ED174C" d="M331.359,78.558c-6.559,0-11.875,5.316-11.875,11.874c0,6.557,5.316,11.874,11.875,11.874
			c6.559,0,11.875-5.316,11.875-11.874C343.235,83.875,337.918,78.558,331.359,78.558z M331.359,99.946
			c-5.255,0-9.516-4.26-9.516-9.514c0-5.255,4.26-9.515,9.516-9.515c5.255,0,9.516,4.26,9.516,9.515
			C340.875,95.687,336.615,99.946,331.359,99.946z M332.508,84.639h-3.106l-1.537,9.081c-0.138,0.813-0.16,1.627,0.595,2.279
			c0.791,0.705,2.021,0.76,2.581,0.76c1.542,0,2.453-0.416,3.208-0.742l-0.275-0.578c-0.389,0.09-0.731,0.182-1.222,0.182
			c-0.233,0-1.168,0-1.59-0.814c-0.182-0.309-0.258-0.688-0.125-1.465l0.714-4.222h2.514l0.331-1.952h-2.514L332.508,84.639z"></path>
		<path fill="#004FA3" d="M416.477,85.719h-0.779v2.014h-0.646v-2.014h-0.779v-0.484h2.205V85.719L416.477,85.719z M419.484,87.733
			h-0.646v-1.674l-0.461,1.086h-0.443l-0.461-1.086v1.674h-0.607v-2.498h0.75l0.561,1.254l0.557-1.254h0.752V87.733L419.484,87.733z"></path>
	</symbol>

	<!--Delivery Slot Selector Icons-->
	<symbol viewBox="0 0 26.749 33.314" id="icon-bag">
		<path fill="none" stroke="#000000" stroke-linecap="round" stroke-linejoin="bevel" stroke-miterlimit="10" d="M25.477,24.043
		l-1.095-6.188l-1.308-7.417c0,0-2.296,0.291-3.463-2.833c-0.001-0.002-0.001-0.002-0.002-0.003
		c-0.354-1.024-0.572-1.663-0.576-1.675c-0.858-2.701-2.536-5.108-5.664-5.108S8.771,2.944,7.706,5.926
		c-0.004,0.012-0.226,0.655-0.58,1.682c-1.168,3.117-3.461,2.829-3.461,2.829L0.979,25.582c-0.871,3.831,1.904,6.914,6.325,6.914
		h12.131c4.542,0,7.356-3.251,6.258-7.227C25.693,25.27,25.477,24.046,25.477,24.043z"></path>
		<path fill="none" stroke="#000000" stroke-linecap="round" stroke-linejoin="round" stroke-miterlimit="10" d="M13.428,10.63
		c-2.991,0-4.286-1.97-4.064-2.61c0,0,0.493-1.435,0.513-1.493c1.2-3.363,2.384-3.645,3.492-3.645c1.551,0,2.721,1.211,3.477,3.596
		c0.004,0.013,0.013,0.04,0.53,1.546C17.594,8.662,16.418,10.63,13.428,10.63z"></path>
	</symbol>

	<symbol viewBox="0 0 100 109" id="icon-dss-error">
		<path d="M0,61.246v34.956c0,1.253,0.995,2.27,2.221,2.27h11.125C14.401,104.446,19.501,109,25.647,109
			s11.246-4.554,12.3-10.528h26.076c1.054,5.975,6.154,10.528,12.3,10.528c6.146,0,11.247-4.554,12.302-10.528h2.318
			c4.447,0,8.065-3.698,8.065-8.244V73.776c0-0.39-0.099-0.777-0.288-1.117L87.07,51.593c-1.429-2.58-4.118-4.186-7.021-4.186H64.73
			v-14.29c0-1.253-0.995-2.27-2.221-2.27H2.221C0.995,30.848,0,31.864,0,33.118V61.246 M80.049,51.947c1.305,0,2.512,0.722,3.154,1.88
			l9.551,17.268H64.73V51.947H80.049z M25.647,104.915c-4.702,0-8.528-3.91-8.528-8.713c0-4.806,3.826-8.717,8.528-8.717
			c4.701,0,8.528,3.911,8.528,8.717C34.175,101.005,30.349,104.915,25.647,104.915z M76.324,104.915c-4.701,0-8.528-3.91-8.528-8.713
			c0-4.806,3.827-8.717,8.528-8.717c4.703,0,8.529,3.911,8.529,8.717C84.853,101.005,81.027,104.915,76.324,104.915z M4.442,61.246
			V35.388h55.845v14.29v23.688c0,1.253,0.995,2.27,2.222,2.27h32.058v14.593c0,2.042-1.625,3.704-3.623,3.704h-2.318
			C87.571,87.956,82.47,83.4,76.324,83.4c-6.146,0-11.246,4.556-12.3,10.531H37.948c-1.054-5.976-6.154-10.531-12.3-10.531
			s-11.246,4.556-12.301,10.531H4.442V61.246"></path>
		<path d="M82.459,0.005c-9.126,0-16.55,7.479-16.55,16.671c0,9.193,7.424,16.672,16.55,16.672S99.01,25.869,99.01,16.676
			C99.01,7.483,91.585,0.005,82.459,0.005z M82.459,29.338c-6.931,0-12.57-5.68-12.57-12.662c0-6.981,5.639-12.661,12.57-12.661
			s12.57,5.68,12.57,12.661C95.029,23.658,89.39,29.338,82.459,29.338z"></path>
		<path d="M84.449,15.846V8.864c0-1.107-0.891-2.005-1.99-2.005s-1.991,0.897-1.991,2.005v7.812
			c0,0.132,0.014,0.263,0.04,0.393c0.012,0.059,0.034,0.114,0.05,0.171c0.02,0.068,0.036,0.137,0.063,0.203
			c0.028,0.067,0.066,0.128,0.101,0.192c0.027,0.051,0.05,0.104,0.082,0.153c0.074,0.11,0.157,0.213,0.25,0.307l4.152,4.182
			c0.388,0.392,0.897,0.587,1.407,0.587c0.509,0,1.019-0.196,1.407-0.587c0.777-0.783,0.777-2.052,0-2.835L84.449,15.846z"></path>
	</symbol>

	<symbol viewBox="0 0 105 87" id="icon-mov-error">
		<path d="M97.543,46.791c4.063,0,7.37-3.257,7.37-7.259V10.558c0-1.155-0.896-2.116-2.063-2.215L23.3,1.605
			c-0.004,0-0.008,0.002-0.012,0.001c-0.005,0-0.009-0.003-0.015-0.004L2.425,0.07C1.187-0.002,0.099,0.896,0.006,2.124
			C-0.086,3.349,0.847,4.414,2.09,4.506l18.758,1.378v38.683v7.65c0,7.911,4.971,14.691,11.993,17.497
			c-1.828,1.836-2.963,4.343-2.963,7.111C29.878,82.437,34.51,87,40.204,87c5.695,0,10.328-4.563,10.328-10.175
			c0-2.122-0.667-4.092-1.801-5.724H85.65c-1.134,1.632-1.801,3.602-1.801,5.724C83.85,82.437,88.482,87,94.177,87
			c5.693,0,10.326-4.563,10.326-10.175c0-5.608-4.633-10.171-10.326-10.171H40.019c-8.082,0-14.656-6.477-14.656-14.437v-5.426H97.543
			z M25.363,6.244L61.56,9.31l2.696,0.229l0,0c19.399,1.643,12.222,1.035,36.142,3.061c0,10.168,0,16.744,0,26.933
			c0,1.549-1.282,2.812-2.855,2.812c-8.565,0-63.097,0-72.18,0V6.244z M94.177,71.101c3.204,0,5.811,2.568,5.811,5.724
			c0,3.159-2.607,5.728-5.811,5.728c-3.206,0-5.813-2.568-5.813-5.728C88.365,73.669,90.972,71.101,94.177,71.101z M40.204,71.101
			c3.205,0,5.813,2.568,5.813,5.724c0,3.159-2.607,5.728-5.813,5.728c-3.204,0-5.812-2.568-5.812-5.728
			C34.393,73.669,37,71.101,40.204,71.101z"></path>
		<path d="M70.122,23.146l-5.5-5.495c-0.093-0.093-0.196-0.177-0.307-0.25c-0.047-0.032-0.099-0.054-0.148-0.081
			c-0.065-0.035-0.127-0.074-0.196-0.103c-0.065-0.027-0.133-0.042-0.2-0.063c-0.058-0.017-0.114-0.039-0.173-0.051
			c-0.259-0.052-0.525-0.052-0.783,0c-0.06,0.012-0.116,0.034-0.174,0.051c-0.066,0.02-0.134,0.035-0.199,0.063
			c-0.069,0.028-0.131,0.067-0.196,0.103c-0.049,0.027-0.101,0.049-0.148,0.081c-0.11,0.073-0.213,0.157-0.307,0.25l-5.5,5.495
			c-0.781,0.78-0.781,2.046,0,2.826c0.391,0.39,0.903,0.585,1.415,0.585s1.023-0.195,1.414-0.585l2.086-2.084v10.165
			c0,1.104,0.896,1.999,2,1.999s2-0.895,2-1.999V23.887l2.086,2.084c0.391,0.39,0.903,0.585,1.415,0.585s1.023-0.195,1.414-0.585
			C70.903,25.192,70.903,23.926,70.122,23.146z"></path>
	</symbol>

	<symbol viewBox="0 0 29 41" id="icon-mapmarker">
		<g>
			<path d="M14.501,40.508c-0.921,0-1.792-0.4-2.389-1.1C10.871,37.946,0.009,24.846,0.009,14.821
				c0-7.901,6.501-14.329,14.492-14.329c7.99,0,14.49,6.428,14.49,14.329c0,10.026-10.861,23.125-12.1,24.585
				C16.292,40.108,15.422,40.508,14.501,40.508z M14.501,2.329c-6.984,0-12.666,5.604-12.666,12.493
				c0,9.527,11.188,22.833,11.665,23.395c0.495,0.579,1.505,0.582,2.004-0.003c0.474-0.559,11.661-13.863,11.661-23.391
				C27.165,7.932,21.484,2.329,14.501,2.329z"></path>
			<path d="M14.501,20.454c-3.135,0-5.686-2.527-5.686-5.632c0-3.106,2.551-5.631,5.686-5.631
				c3.134,0,5.685,2.525,5.685,5.631C20.186,17.927,17.635,20.454,14.501,20.454z M14.501,11.026c-2.128,0-3.859,1.702-3.859,3.795
				s1.731,3.796,3.859,3.796c2.127,0,3.858-1.703,3.858-3.796S16.628,11.026,14.501,11.026z"></path>
		</g>
	</symbol>
   
	<symbol viewBox="0 0 22.042 30.5" id="icon-mapmarker-solid">
		<path fill="#E01A22" d="M11.042,0c-6.065,0-11,4.879-11,10.877c0,7.611,8.245,17.555,9.188,18.665
			c0.453,0.531,1.113,0.834,1.813,0.834c0.7,0,1.358-0.303,1.816-0.836c0.939-1.108,9.184-11.052,9.184-18.663
			C22.041,4.879,17.108,0,11.042,0z"></path>
		<circle fill="#FFFFFF" cx="11.041" cy="10.787" r="4.326"></circle>
	</symbol>
  
	<symbol viewBox="0 0 22.042 30.5" id="icon-mapmarker-filled">
		<path fill="#FFFFFF" d="M11.042,0c-6.065,0-11,4.879-11,10.877c0,7.611,8.245,17.555,9.188,18.665
	c0.453,0.531,1.113,0.834,1.813,0.834c0.701,0,1.358-0.303,1.816-0.836c0.939-1.108,9.184-11.052,9.184-18.663
	C22.041,4.879,17.108,0,11.042,0z M11.041,15.113c-2.389,0-4.326-1.937-4.326-4.326s1.937-4.326,4.326-4.326
	s4.326,1.937,4.326,4.326S13.43,15.113,11.041,15.113z"></path>
	</symbol>
   
	<symbol viewBox="-2.999 -3.061 22.04 22.04" id="icon-mappoint">
		<path fill="#E01A22" d="M7.97-3.061C1.912-3.061-2.999,1.85-2.999,7.908S1.912,18.875,7.97,18.875S18.94,13.964,18.94,7.908
			C18.94,1.85,14.029-3.061,7.97-3.061z"></path>
		<circle fill="#FFFFFF" cx="7.97" cy="7.908" r="4.382"></circle>
	</symbol>
   
   <!-- Click and collect map icons -->
   <symbol viewBox="0 0 55 55" id="icon-coles-store-inverse">
		<g id="Page-1" stroke="none" stroke-width="1" fill-rule="evenodd">
			<rect id="Rectangle-5" fill="#FF001F" x="0" y="0" width="55" height="55" rx="3"></rect>
			<path d="M16.984916,29.6806036 C16.461743,31.7731586 14.563219,33.3112426 12.306723,33.3133616 C9.650242,33.3112426 7.49548,31.1561096 7.500007,28.4959416 C7.49548,25.8369606 9.650242,23.6826756 12.306723,23.6838636 C14.552521,23.6826756 16.446475,25.2458596 16.984916,27.3206926 L15.029527,27.3206926 C14.583,26.2850996 13.54741,25.5642626 12.347901,25.5688416 C10.726996,25.5642626 9.414219,26.8750136 9.414219,28.4959416 C9.414219,30.1172086 10.726996,31.4304186 12.347901,31.4304186 C13.54741,31.4304186 14.582164,30.7108546 15.029527,29.6806036" id="c" fill="#FFFFFF"></path>
			<path d="M22.137622,23.6838636 C19.482785,23.6805566 17.325543,25.8369606 17.318925,28.4926346 C17.325543,31.1556856 19.482785,33.3092076 22.137622,33.3109036 C24.800245,33.3092076 26.954618,31.1556856 26.959188,28.4926346 C26.954618,25.8369606 24.800245,23.6805566 22.137622,23.6838636 M22.137622,31.3991296 C20.536441,31.4020136 19.234852,30.0987236 19.234852,28.4926346 C19.234852,26.8915486 20.536441,25.5897846 22.137622,25.5869026 C23.744556,25.5897846 25.046145,26.8915486 25.046145,28.4926346 C25.046145,30.0987236 23.744556,31.4020136 22.137622,31.3991296" id="o" fill="#FFFFFF"></path>
			<polygon id="l" fill="#FFFFFF" fill-rule="nonzero" points="27.567168 21.0294616 27.567168 33.3109036 29.680305 33.3109036 29.680305 21.0294616"></polygon>
			<path d="M35.23588,31.4609446 C33.757497,31.4564506 32.52585,30.3697266 32.523399,29.0598246 C32.52585,29.0125086 32.529585,28.9646856 32.534501,28.9202536 L39.459314,28.9202536 C39.462198,25.1021336 37.489117,23.6665656 35.062474,23.6665656 C33.190637,23.6665656 30.484775,24.8697966 30.489345,28.4427756 C30.484775,31.4016736 32.632097,33.3129376 35.062474,33.3109036 C37.155455,33.3129376 38.929523,32.0491636 39.365784,29.9623746 L37.423155,29.9623746 C37.123317,30.9122416 36.277238,31.4564506 35.23588,31.4609446 M35.031951,25.3649106 C36.251299,25.3649106 37.259669,26.2155686 37.410438,27.2898276 L32.698074,27.2787186 L32.648216,27.3013596 C32.784135,26.2122606 33.799973,25.3649106 35.031951,25.3649106" id="e" fill="#FFFFFF"></path>
			<path d="M45.39179,26.7111066 L47.22317,26.7111066 C47.22317,26.7111066 47.305598,25.0733036 45.938364,24.2519006 C45.938364,24.2519006 45.291297,23.6641066 43.488321,23.6669886 C43.488321,23.6669886 41.671777,23.6435006 40.844599,24.4656676 C40.844599,24.4656676 39.989033,25.1112066 39.984116,26.3786276 C39.984116,26.3786276 39.833765,27.5979706 41.028689,28.3633236 C41.028689,28.3633236 42.00332,28.8270636 42.943347,29.1014576 C42.943347,29.1014576 44.468286,29.5158486 44.723269,29.6694956 C44.723269,29.6694956 46.034446,30.2745876 45.248821,31.0374826 C45.248821,31.0374826 44.899126,31.5292886 43.710733,31.5317486 C43.710733,31.5317486 41.63132,31.6050956 41.634204,30.0241896 L39.77357,30.0241896 C39.77357,30.0241896 39.59728,31.7072726 41.028689,32.6443346 C41.028689,32.6443346 41.944811,33.2692686 43.720235,33.2528186 C43.720235,33.2528186 45.426797,33.2330616 46.333851,32.5830286 C46.333851,32.5830286 47.501208,31.7439046 47.49756,30.3149496 C47.49756,30.3149496 47.637559,28.8481776 45.796678,28.0312686 C45.796678,28.0312686 43.937313,27.4018406 43.464415,27.2787186 C43.464415,27.2787186 41.63132,26.8733176 41.997134,25.9535536 C41.997134,25.9535536 42.082013,25.3274316 43.548444,25.3274316 C43.548444,25.3274316 44.586918,25.3088626 45.038361,25.8930106 C45.038361,25.8930106 45.349387,26.2480436 45.39179,26.7111066" id="s" fill="#FFFFFF"></path>
		</g>
	</symbol>
   
   	<symbol viewBox="0 -0.001 595.28 595.281" id="icon-coles-store">
		<path id="c" fill="#FF001F" d="M144.741,319.456c-7.688,30.75-35.587,53.352-68.748,53.384
			c-39.037-0.032-70.702-31.703-70.635-70.794c-0.067-39.074,31.598-70.731,70.635-70.714c33.003-0.017,60.835,22.954,68.748,53.444
			h-28.735c-6.562-15.218-21.779-25.811-39.407-25.743c-23.819-0.068-43.111,19.194-43.111,43.013
			c0,23.825,19.292,43.123,43.111,43.123c17.627,0,32.833-10.574,39.407-25.713"></path>
		<path id="o" fill="#FF001F" d="M220.46,231.332c-39.014-0.048-70.714,31.64-70.812,70.666c0.097,39.134,31.798,70.78,70.812,70.805
			c39.128-0.024,70.787-31.671,70.854-70.805C291.248,262.972,259.588,231.283,220.46,231.332 M220.46,344.708
			c-23.53,0.043-42.656-19.109-42.656-42.711c0-23.528,19.126-42.658,42.656-42.7c23.614,0.042,42.741,19.172,42.741,42.7
			C263.202,325.599,244.074,344.751,220.46,344.708"></path>
		<polygon id="l" fill="#FF001F" points="300.249,192.325 300.249,372.802 331.3,372.802 331.3,192.325 "></polygon>
		<path id="e" fill="#FF001F" d="M412.943,345.619c-21.727-0.066-39.825-16.035-39.862-35.286c0.037-0.696,0.092-1.398,0.164-2.052
			h101.762c0.043-56.107-28.953-77.203-64.612-77.203c-27.507,0-67.271,17.682-67.202,70.188
			c-0.069,43.48,31.487,71.567,67.202,71.537c30.756,0.03,56.826-18.542,63.239-49.208h-28.55
			C440.678,337.553,428.244,345.552,412.943,345.619 M409.947,256.035c17.918,0,32.734,12.5,34.95,28.287l-69.25-0.163l-0.731,0.333
			C376.912,268.487,391.842,256.035,409.947,256.035"></path>
		<path id="s" fill="#FF001F" d="M562.185,275.817h26.911c0,0,1.212-24.067-18.878-36.139c0,0-9.511-8.638-36.005-8.595
			c0,0-26.695-0.345-38.852,11.737c0,0-12.572,9.486-12.645,28.111c0,0-2.208,17.919,15.352,29.165c0,0,14.321,6.815,28.137,10.848
			c0,0,22.408,6.089,26.155,8.347c0,0,19.269,8.892,7.722,20.103c0,0-5.137,7.227-22.602,7.264c0,0-30.558,1.078-30.515-22.153
			h-27.343c0,0-2.592,24.733,18.445,38.504c0,0,13.461,9.183,39.553,8.94c0,0,25.078-0.289,38.406-9.841
			c0,0,17.155-12.332,17.102-33.331c0,0,2.059-21.555-24.996-33.56c0,0-27.321-9.25-34.272-11.059c0,0-26.938-5.957-21.562-19.474
		c0,0,1.249-9.201,22.798-9.201c0,0,15.261-0.273,21.893,8.311C556.99,263.795,561.563,269.013,562.185,275.817"></path>
	</symbol>

    
    <symbol viewBox="0 0 55 55" id="icon-coles-express-store-inverse">
		<g stroke="none" stroke-width="1" fill="none" fill-rule="evenodd">
			<rect id="Rectangle" fill="#FF0018" x="0" y="0" width="55" height="55" rx="3"></rect>
			<path d="M15.7108703,24.5609024 C15.4458525,25.3943841 14.9587257,26.1330887 14.2578524,26.6645179 C13.5843569,27.1755382 12.7362405,27.5031765 11.8847391,27.514725 C11.4441048,27.5206984 11.0108377,27.4766947 10.5865306,27.3534445 C10.1733737,27.233181 9.79336899,27.0471111 9.43208074,26.8152455 C8.71089803,26.3523107 8.16553098,25.6207742 7.86208469,24.8268161 C7.56640376,24.0524706 7.49800888,23.1217227 7.73425496,22.3212936 C7.98115351,21.4840287 8.42686514,20.7421384 9.10533838,20.1821366 C9.76977425,19.6335838 10.5851368,19.3191863 11.4409191,19.2488003 C12.2786817,19.1799077 13.1736889,19.3899706 13.8841196,19.8429498 C14.6222268,20.3136499 15.2239425,20.9798778 15.5603418,21.7942448 C15.6386923,21.9838987 15.7022089,22.1770371 15.7582589,22.3742573 L14.0793487,22.3742573 C14.0657095,22.3742573 13.9615741,22.140301 13.947238,22.1146156 C13.8427044,21.9289439 13.7088017,21.7488473 13.5549879,21.6009073 C12.9345558,21.0047668 12.0696144,20.7355677 11.2226926,20.9259185 C10.4294314,21.1041235 9.73383458,21.6749769 9.43536608,22.4368779 C9.12773845,23.2223737 9.22082319,24.1253455 9.70715361,24.8200463 C10.1837275,25.5007098 10.9868447,25.9244196 11.8217203,25.9035128 C12.659682,25.8826061 13.4936615,25.4313193 13.9201588,24.6976921 C13.9623705,24.6252155 14.0049804,24.5527388 14.0406215,24.4766781 C14.0689949,24.4166459 14.0587406,24.3920556 14.1202661,24.3920556 L15.7581593,24.3920556 L15.7108703,24.5613006 L15.7108703,24.5609024 Z M19.9942615,25.877031 C19.1613771,25.8608034 18.3722973,25.4638741 17.912847,24.7574257 C17.4561842,24.0551586 17.3598141,23.1531824 17.7027841,22.3820226 C18.0449576,21.6130531 18.7399571,21.0629074 19.5696557,20.9138723 C20.4009472,20.7645384 21.2491632,21.0721661 21.8233019,21.6809502 C22.4079935,22.3008846 22.5998377,23.1734918 22.4116771,23.9928366 C22.2329743,24.7713635 21.602487,25.4652679 20.8498446,25.7265025 C20.5700926,25.8234699 20.290042,25.8712567 19.9942615,25.8771305 L19.9942615,25.877031 Z M19.9942615,19.2367541 C19.1331032,19.2566653 18.3199309,19.4975905 17.6102967,19.992184 C16.9251532,20.469654 16.3548972,21.184266 16.089083,21.9813103 C15.8056474,22.8307209 15.7814554,23.6970561 16.0217832,24.5601059 C16.2464808,25.3673049 16.7674567,26.1137748 17.4267157,26.6261889 C18.0904546,27.1422865 18.9336928,27.4921258 19.7824066,27.5118379 C20.6543169,27.5319482 21.4877986,27.3323387 22.2265032,26.8582536 C22.9385268,26.4010931 23.5099774,25.7143567 23.8210895,24.9265711 C24.1474337,24.0998592 24.1984063,23.2207808 23.9958101,22.357731 C23.801477,21.5304217 23.3125582,20.7933101 22.6808762,20.2355981 C22.05238,19.6806737 21.2203916,19.3256575 20.3848192,19.256267 C20.2540028,19.2453159 20.125277,19.2396412 19.9941619,19.236555 L19.9942615,19.2367541 Z M24.4543644,17.5322581 L26.271259,17.5322581 L26.271259,27.4121825 L24.4543644,27.4121825 L24.4543644,17.5322581 Z M30.5347391,20.7342735 C31.3831542,20.7557775 32.1860723,21.2171194 32.4925052,22.0346722 C32.5357125,22.1497588 32.559805,22.2681307 32.5806122,22.3887924 C31.7572851,22.3848102 30.933759,22.3798324 30.1103324,22.3778413 L29.0686794,22.3753524 L28.658111,22.3743568 C28.5898156,22.3741577 28.5398386,22.3629079 28.4836891,22.4012369 C28.5420288,21.9935556 28.7315832,21.6037944 29.0367219,21.3222504 C29.3507211,21.0320451 29.7162903,20.8597139 30.1318365,20.7697154 C30.2632502,20.7412424 30.4006373,20.7376584 30.53454,20.7341739 L30.5347391,20.7342735 Z M30.7112516,25.9665317 C29.9098269,25.9665317 29.0289566,25.569702 28.6335207,24.8407539 C28.535259,24.6595622 28.4553157,24.4747866 28.4127057,24.2722899 C28.3908035,24.1689509 28.3795536,24.0666075 28.3741776,23.9612774 C28.372983,23.9383795 28.3816443,23.7820768 28.3936906,23.7820768 L34.3375741,23.7820768 C34.3232381,22.9249008 34.2375205,22.0373602 33.8656793,21.2520635 C33.4883626,20.4552184 32.8681295,19.815771 32.0303669,19.5078447 C31.25184,19.2214225 30.3418994,19.1793104 29.5406737,19.3947493 C28.7130658,19.6170575 27.9308553,20.0635656 27.4146582,20.7620496 C26.8964699,21.4632215 26.6485758,22.3155193 26.6327464,23.1834474 C26.6173152,24.0336545 26.7581868,24.9273675 27.2177367,25.6603974 C27.6826626,26.4020886 28.3242006,26.9735393 29.1431472,27.2961003 C29.9147051,27.5997457 30.8071239,27.6381743 31.6081505,27.4316954 C32.4441211,27.2162565 33.1987546,26.7379901 33.6928503,26.0211879 C33.9732992,25.6142035 34.1501104,25.1604278 34.2577303,24.6801703 L32.5904682,24.6801703 C32.5838975,24.6801703 32.4839434,24.9427987 32.4708021,24.9686832 C32.3782151,25.1501736 32.2540689,25.3194185 32.1031422,25.4568056 C31.720549,25.804853 31.2238648,25.9665317 30.7111521,25.9665317 L30.7112516,25.9665317 Z M40.8537049,21.8464121 C40.8537049,21.0091472 40.4697179,20.1963731 39.7523183,19.7460819 C39.5882502,19.6430416 39.4369253,19.5466715 39.2540412,19.4762855 C39.0599072,19.4016186 38.8568132,19.3483562 38.6519273,19.3117197 C38.2384717,19.2376501 37.8198393,19.213458 37.40051,19.2332696 C36.614616,19.2706031 35.7183145,19.4642392 35.1817084,20.0862643 C34.9170889,20.3930955 34.7155878,20.7712087 34.6607325,21.1771975 C34.606375,21.5794032 34.6053794,21.9806134 34.7559079,22.3639035 C34.8307739,22.554553 34.9460596,22.7297713 35.0794645,22.8843816 C35.2084889,23.0341136 35.3804219,23.1973852 35.561514,23.2816095 C35.9405232,23.4583211 36.3286915,23.6178096 36.723331,23.7560927 C37.13151,23.899055 37.551138,24.0046837 37.9657882,24.1274361 C38.3759584,24.2488943 38.7622352,24.3685604 39.0971411,24.6441311 C39.2343291,24.757127 39.3904327,24.9696788 39.3646477,25.1586358 C39.3370708,25.3600373 39.2059557,25.5323685 39.0490556,25.6580081 C38.7410298,25.9049066 38.3070657,25.981266 37.9226805,25.9915202 C37.157295,26.0120287 36.0771138,25.7358607 36.0396808,24.7966507 C36.0389839,24.7814186 36.0426675,24.6851481 36.0300239,24.6851481 L34.4452936,24.6851481 C34.4283691,24.6851481 34.4373291,24.921892 34.4383247,24.9449889 C34.4465878,25.1490785 34.4773506,25.3501813 34.5283232,25.5480984 C34.6296711,25.9403485 34.8339597,26.3338928 35.1268531,26.618324 C35.4269145,26.9100227 35.7696853,27.0975859 36.1652208,27.2289997 C36.9680393,27.4955107 37.8334785,27.5121365 38.6632766,27.3902802 C39.059509,27.3318409 39.4645023,27.2293979 39.8240981,27.0497991 C40.1717472,26.8761737 40.4748948,26.575714 40.6796812,26.2461841 C40.9093566,25.8764336 41.0406708,25.4985196 41.0798958,25.0646551 C41.1167315,24.658268 40.9987578,24.2642259 40.7893918,23.9193644 C40.5749484,23.5657419 40.2301864,23.2812112 39.8657124,23.0922542 C39.489889,22.8973238 39.0692655,22.7851244 38.6664624,22.6566973 C38.2672434,22.5294649 37.8676261,22.4090023 37.4648231,22.2956082 C37.0964664,22.1918709 36.6500579,22.0323824 36.4162011,21.7096223 C36.2979288,21.5463507 36.2833936,21.3183677 36.3733921,21.1381716 C36.4643862,20.9561835 36.628056,20.8587183 36.8110397,20.7839518 C36.9993994,20.7069952 37.2139423,20.6806129 37.4153438,20.6658786 C37.6164467,20.6511443 37.8242198,20.6476599 38.0238293,20.6793186 C38.4220528,20.742437 38.7831419,20.878729 39.0259587,21.2159248 C39.1448284,21.3809884 39.2334331,21.5729321 39.2681781,21.7744332 C39.2719612,21.7957381 39.2632003,21.8465116 39.2898813,21.8465116 L40.8536053,21.8465116 L40.8537049,21.8464121 Z" id="Coles" fill="#FFFFFF" fill-rule="nonzero"></path>
			<path d="M21.5803856,33.8926722 C21.6980606,33.7761918 21.8047845,33.651747 21.9082231,33.5227226 L21.1217317,32.913142 C20.8901648,33.2175838 20.5926918,33.444173 20.2220453,33.5502995 C19.8371623,33.6608065 19.4103663,33.6090375 19.0900951,33.3619398 C18.7928213,33.1326627 18.6558324,32.7409103 18.6291514,32.3781287 C18.6259656,32.3363153 18.6203905,32.2935062 18.6203905,32.2513941 C18.6203905,32.167369 18.6398039,32.1891717 18.7213402,32.1891717 L22.2062933,32.1891717 C22.2829514,32.1891717 22.2700091,32.1802117 22.2761816,32.1045492 C22.3371098,31.3758003 22.2600535,30.5728822 21.7144874,30.0274156 C21.1872395,29.5001677 20.4266326,29.3538206 19.7076402,29.466916 C18.9460378,29.5863831 18.2740356,30.0340858 17.8859669,30.701807 C17.5172119,31.3359779 17.3799244,32.1807094 17.5695783,32.8950228 C17.6638577,33.250039 17.8214547,33.5670249 18.0639728,33.8440889 C18.3150527,34.1311085 18.6573257,34.328926 19.0161251,34.4481939 C19.7003726,34.6757786 20.5280801,34.6204256 21.1462225,34.2378324 C21.3032221,34.1408649 21.4498679,34.0232895 21.5804852,33.8927717 M20.862986,31.4130341 L18.7149686,31.4130341 C18.7933191,31.0424872 19.0265785,30.7131564 19.3693493,30.5423185 C19.7073415,30.3737704 20.1233855,30.3163267 20.4895519,30.4228515 C20.9412369,30.5540661 21.1642421,30.9662274 21.1840537,31.4130341 L20.862986,31.4130341" id="e" fill="#FFFFFF" fill-rule="nonzero"></path>
			<path d="M26.3011258,34.0376255 L25.5827306,32.827723 L25.1821178,32.1529334 L25.1164109,32.0424263 C25.0875397,31.993644 25.0584694,31.9451603 25.0293991,31.896577 C25.0162577,31.8746747 25.0990882,31.8035918 25.1165105,31.7835811 C25.7084697,31.1016234 26.2900751,30.4107057 26.8773551,29.7250644 C26.914589,29.6815585 26.9513251,29.6377539 26.9882604,29.5941484 L25.7977713,29.5941484 C25.7853268,29.5941484 25.7165337,29.5849893 25.7079719,29.595144 C25.3977558,29.9661887 25.0874402,30.3370343 24.7771245,30.7079795 C24.6381445,30.8742378 24.5242526,31.0524428 24.4147412,31.2386123 C24.3604832,31.0552304 24.2550536,30.8994254 24.1616702,30.7343618 L23.8516532,30.1868045 L23.6210818,29.779621 C23.5890248,29.7228742 23.5523882,29.5944471 23.4811062,29.5944471 L22.2965905,29.5944471 C22.7545475,30.3557508 23.2120067,31.1176519 23.6714571,31.8780596 C23.6830055,31.8973734 23.4813054,32.1065403 23.4617924,32.1296373 C23.4120145,32.1883752 23.3618383,32.2473123 23.3120604,32.3062494 L22.7846134,32.9308629 L21.9120062,33.9644519 L21.5625651,34.3786044 L22.5936652,34.3786044 C22.6185542,34.3786044 22.8318029,34.3969226 22.8478314,34.377111 C23.1222073,34.0426033 23.3963842,33.7075978 23.6711584,33.3733888 C23.7939108,33.224055 23.9220392,33.078106 24.0351346,32.9214051 C24.1317038,32.787602 24.2180188,32.6456354 24.3128955,32.5100403 C24.3619766,32.6745066 24.4375395,32.8252341 24.5179806,32.9761608 L24.9316352,33.75419 C25.0209369,33.9220411 25.1102385,34.0896932 25.1994405,34.2577435 C25.2060112,34.270188 25.2518069,34.3787039 25.2648487,34.3787039 L26.5030251,34.3787039 L26.301524,34.0378246" id="x" fill="#FFFFFF" fill-rule="nonzero"></path>
			<path d="M26.9283277,36.6427039 C26.9737252,36.6427039 27.5163047,36.6580355 27.518694,36.6399164 L27.574744,36.209835 C27.6545878,35.5992589 27.7344316,34.9885832 27.8140763,34.378007 L27.9014864,33.7092903 C28.150376,33.9780911 28.4218649,34.2176225 28.7626446,34.3635714 C29.1190546,34.516091 29.5155857,34.5550174 29.8975815,34.5004607 C30.6813849,34.3884604 31.2654792,33.8244764 31.5671334,33.1146431 C31.8582348,32.4301965 31.9059221,31.6010952 31.7429491,30.8792156 C31.6613133,30.5171309 31.4821127,30.1298586 31.1938985,29.8859467 C30.9012042,29.6382517 30.577349,29.5086299 30.2001318,29.4508875 C29.8762766,29.4013087 29.5254417,29.4264963 29.2155243,29.5331207 C28.8794237,29.6486055 28.5942956,29.8516995 28.3444104,30.1015847 L28.3966772,29.5938498 L27.4171471,29.5938498 C27.3648802,29.5938498 27.3650793,29.5832968 27.3594047,29.6255085 L27.2429243,30.5093655 L26.7620694,34.1499245 L26.4350284,36.6261776 L26.4330373,36.6424053 L26.9283277,36.6424053 M28.1005981,32.2188393 C28.1107528,31.8218105 28.1778534,31.4088528 28.3768656,31.0594117 C28.5705018,30.7194284 28.8676761,30.5024962 29.2479795,30.4162808 C29.6175309,30.3322556 30.0257099,30.4252408 30.3079508,30.6766194 C30.5980566,30.9349669 30.6866613,31.3668402 30.7002009,31.7368894 C30.7273797,32.4666339 30.5090537,33.4042511 29.7036467,33.6207851 C29.3571923,33.7139694 28.939655,33.672355 28.6393945,33.4658762 C28.3221099,33.2478488 28.1515707,32.9047793 28.1097572,32.5270643 C28.0988061,32.4245218 28.0981092,32.3219792 28.1005981,32.2187398" id="p" fill="#FFFFFF" fill-rule="nonzero"></path>
			<path d="M31.8214987,34.3786044 L32.8394574,34.3786044 C32.9176088,34.3786044 32.906359,34.3811928 32.9161155,34.3093135 L33.1391206,32.6494185 C33.1859119,32.2999774 33.2203582,31.9448616 33.3086642,31.6028872 C33.4020477,31.2411012 33.5513815,30.8565168 33.8567193,30.6205694 C34.0508532,30.4705387 34.2692788,30.4110043 34.5108014,30.3923874 C34.7238509,30.3759607 34.9104186,30.4441564 35.0869312,30.5568537 L35.3445818,29.871312 L35.4401554,29.6168472 C35.4455314,29.6025111 35.2433334,29.5230655 35.220336,29.5135082 C34.8994675,29.3805015 34.5204583,29.4139523 34.2046671,29.5403883 C33.8811105,29.6696118 33.611115,29.937218 33.4143926,30.2185628 L33.4965262,29.5941484 L32.509828,29.5941484 C32.4369531,29.5941484 32.4523842,29.6036062 32.4434242,29.6715033 L32.2244013,31.3224383 C32.1069254,32.2100784 31.9906441,33.0979177 31.8734668,33.9855578 L31.8214987,34.3785048" id="r" fill="#FFFFFF" fill-rule="nonzero"></path>
			<path d="M35.4328878,30.4898526 C34.9875744,31.1324857 34.8072787,31.9612883 34.9476525,32.7325476 C35.0830485,33.47623 35.5563371,34.1147813 36.2701527,34.3935377 C36.9431503,34.6563652 37.751544,34.6495954 38.4016438,34.3255411 C38.7736841,34.1401681 39.0597081,33.8414009 39.3180556,33.5229217 C39.1458239,33.3868288 38.9711034,33.2537226 38.7975775,33.1191231 C38.7104661,33.0514251 38.6231556,32.9842249 38.5359447,32.916726 C38.5327589,32.9142371 38.3758588,33.1002074 38.3555494,33.1206164 C38.0805761,33.3973817 37.7205821,33.5755867 37.3293276,33.6011726 C36.9735149,33.6243691 36.6321378,33.5147581 36.3842437,33.2533244 C36.1132526,32.967599 36.0433644,32.5677827 36.0301235,32.1893708 L39.6775518,32.1893708 C39.6838238,32.1893708 39.6996532,31.9151939 39.7004497,31.8889112 C39.7143875,31.5120922 39.697463,31.1462244 39.5771995,30.7851353 C39.3452343,30.0882442 38.7623347,29.5974338 38.0410525,29.4700023 C37.3212635,29.3425707 36.4922618,29.5080326 35.9205125,29.9797283 C35.7357368,30.1325466 35.5778412,30.2991035 35.4329874,30.4900517 M38.3176187,31.4131337 L36.1223122,31.4131337 C36.2168903,31.0356178 36.4304376,30.7247049 36.7803765,30.5417212 C37.1003491,30.3744673 37.5290366,30.314236 37.8784777,30.4160817 C38.3414125,30.551179 38.5701919,30.9502985 38.5937866,31.4132333 L38.3175191,31.4132333" id="e" fill="#FFFFFF" fill-rule="nonzero"></path>
			<path d="M42.1320022,33.2610897 C42.0633087,33.6657843 41.5900201,33.7710149 41.2415745,33.7303961 C40.8498222,33.6847995 40.5084451,33.4412859 40.2589581,33.1469987 C40.2111713,33.0906501 40.1663711,33.0320117 40.1220688,32.9727759 L39.640517,33.5266052 C39.6126414,33.5586622 39.4748561,33.6774324 39.5071122,33.7135712 C39.5755071,33.7899305 39.6443002,33.864697 39.718768,33.9348839 C39.9895599,34.1901451 40.3225743,34.3838808 40.6820705,34.4832376 C41.3411304,34.6654248 42.1813819,34.6123615 42.7154992,34.1423583 C43.2487204,33.6730519 43.3861075,32.7692837 42.9470661,32.193353 C42.7218707,31.8978712 42.3611798,31.7089142 42.0371255,31.5429546 C41.8708672,31.4579338 41.6980382,31.3800812 41.5385497,31.2831137 C41.3890168,31.1921197 41.2488421,31.0715575 41.218378,30.8901667 C41.1613325,30.5490883 41.4421796,30.2999995 41.7647406,30.2709292 C42.1549996,30.2360847 42.5459555,30.4245439 42.8175439,30.6940417 C42.8659281,30.7421271 42.9099318,30.7939958 42.9543337,30.8457648 C43.1153155,30.6814976 43.2756005,30.5166331 43.4361841,30.3519677 C43.4541041,30.3334503 43.6352958,30.1606213 43.6233491,30.1485751 C43.548284,30.0732113 43.4695353,30.0026262 43.3874017,29.9351273 C43.0986897,29.6973879 42.7649784,29.5421803 42.4001062,29.4648254 C41.6733483,29.3105138 40.7770468,29.5142051 40.3574188,30.1686853 C40.1610947,30.474521 40.1018589,30.8650786 40.1702538,31.219398 C40.2427305,31.5932303 40.5284558,31.8817432 40.8405635,32.0798594 C41.1070745,32.2489052 41.3839394,32.3974426 41.6561252,32.556732 C41.9239304,32.7133333 42.1755081,32.9205091 42.1320022,33.2608906" id="s" fill="#FFFFFF" fill-rule="nonzero"></path>
			<path d="M47.3945254,30.1265732 C46.8563264,29.5770248 46.0774013,29.3147947 45.3162967,29.4557658 C44.9416679,29.5251562 44.573809,29.6750873 44.3115788,29.9610118 C44.0664723,30.2283193 43.9399368,30.5734795 43.9399368,30.9346682 C43.9399368,31.3109894 44.0832972,31.6036836 44.352795,31.8615333 C44.6285647,32.1255555 44.9942334,32.297588 45.323166,32.4847531 C45.6168558,32.6520069 46.0598794,32.9112504 45.9135323,33.3255024 C45.7816208,33.6991356 45.3341172,33.7771874 44.9851738,33.7217347 C44.5302035,33.6494572 44.1837491,33.3284891 43.9174372,32.9728755 L43.4358854,33.5266052 C43.4080098,33.5586622 43.2702245,33.6774324 43.3024806,33.7135712 C43.3719705,33.7912247 43.4416597,33.8666881 43.5175212,33.9382688 C43.7783576,34.1843709 44.0955426,34.3683501 44.438413,34.4725851 C45.1185787,34.679064 46.0387736,34.616742 46.5654241,34.0900915 C46.8103316,33.845184 46.9487142,33.536959 46.9885366,33.1942877 C47.0299518,32.8406653 46.9636476,32.4309929 46.7160522,32.1599023 C46.4587998,31.8781592 46.1261837,31.6992573 45.7931693,31.5220478 C45.514612,31.3737096 45.0325624,31.2286567 45.0069766,30.8508422 C44.9800965,30.4572978 45.3472585,30.24833 45.7018765,30.2708297 C46.0788946,30.2947231 46.4204708,30.4779059 46.6718494,30.7566623 C46.6983312,30.7859317 46.7241162,30.8156989 46.7498016,30.8457648 C46.8728527,30.7203244 46.9952068,30.5944858 47.1173619,30.468249 C47.1641531,30.4201635 47.2106457,30.3718789 47.2572379,30.3238929 L47.365256,30.2128882 C47.3917379,30.1857094 47.4470909,30.1544489 47.3944259,30.1264737" id="s" fill="#FFFFFF" fill-rule="nonzero"></path>
			<path d="M47.2526583,35.4261312 C47.1929248,35.3902911 47.0988445,35.3944724 47.0311465,35.3887978 C46.9299977,35.3804351 46.8290481,35.3763533 46.7275011,35.3721719 C46.5299823,35.3639088 46.331667,35.3614199 46.1338495,35.3614199 L44.9738245,35.3614199 C44.1587606,35.3614199 43.3447918,35.3912867 42.5302257,35.4079125 C41.7142658,35.4244388 40.8975094,35.4743162 40.0831424,35.5233973 C39.2606118,35.572777 38.4381808,35.6346012 37.6181391,35.7150423 C36.792821,35.7956826 35.9673037,35.882794 35.1461669,35.997781 C34.3238354,36.1125689 33.5028977,36.2345249 32.6861414,36.3840578 C31.8877033,36.5302058 31.0934466,36.6938756 30.3041677,36.8832309 C29.5276319,37.0694004 28.755377,37.2818526 28.0014405,37.5452774 C27.7658913,37.6277097 26.0640832,38.2817917 26.4477716,38.667969 C26.5715195,38.7926129 26.7786953,38.796396 26.943062,38.7924138 C27.1401826,38.7877347 27.3366064,38.7507994 27.5287492,38.708986 C27.9052695,38.627151 28.2664582,38.4916555 28.6308327,38.3701974 C29.4409188,38.1001023 30.2605622,37.8691327 31.0824955,37.6392582 C31.8998491,37.4105783 32.7338287,37.2089777 33.5664144,37.0431176 C34.3935245,36.8783527 35.2200374,36.7180677 36.0501342,36.5682361 C36.871271,36.420097 37.6984807,36.3073998 38.5245953,36.1919149 C39.3496148,36.0764301 40.178517,35.9808565 41.0075187,35.8988225 C41.8344297,35.8169875 42.6621372,35.7514798 43.490442,35.6879631 C44.3068002,35.6254421 45.135105,35.5704872 45.9541511,35.5704872 C46.196271,35.5704872 46.442174,35.5499787 46.6836965,35.5324569 C46.8095351,35.5234968 46.9342786,35.5102559 47.0596195,35.4981101 C47.0827164,35.496119 47.28591,35.4732211 47.2523596,35.4261312" fill="#FFFFFF" fill-rule="nonzero"></path>
		</g>
	</symbol>
	
	<symbol viewBox="0 -0.001 595.28 595.281" id="icon-coles-express-store">
		<g>
			<path fill="#FF001F" d="M124.158,265.024c-3.919,12.329-11.125,23.255-21.49,31.114c-9.962,7.558-22.505,12.404-35.1,12.573
				c-6.517,0.09-12.925-0.561-19.201-2.384c-6.11-1.78-11.731-4.531-17.074-7.96c-10.667-6.848-18.733-17.667-23.221-29.409
				C3.7,257.505,2.688,243.74,6.183,231.9c3.651-12.384,10.244-23.355,20.278-31.638c9.827-8.113,21.886-12.763,34.544-13.804
				c12.391-1.02,25.628,2.088,36.136,8.787c10.917,6.961,19.814,16.815,24.79,28.861c1.159,2.804,2.099,5.662,2.927,8.578h-24.83
				c-0.201,0-1.743-3.46-1.956-3.841c-1.544-2.745-3.526-5.41-5.801-7.597c-9.176-8.817-21.969-12.799-34.495-9.983
				c-11.733,2.636-22.021,11.078-26.435,22.348c-4.55,11.617-3.173,24.972,4.02,35.247c7.049,10.066,18.927,16.333,31.275,16.024
				c12.394-0.31,24.728-6.984,31.036-17.833c0.624-1.073,1.254-2.146,1.782-3.271c0.42-0.889,0.269-1.251,1.178-1.251h24.226
				l-0.7,2.502 M187.51,284.491c-12.317-0.24-23.988-6.111-30.784-16.559c-6.755-10.388-8.179-23.728-3.107-35.134
				c5.061-11.373,15.34-19.51,27.611-21.714c12.296-2.209,24.841,2.341,33.333,11.345c8.648,9.168,11.483,22.075,8.703,34.194
				c-2.645,11.514-11.97,21.776-23.101,25.642C196.028,283.699,191.885,284.405,187.51,284.491 M187.51,186.28
				c-12.736,0.293-24.763,3.858-35.258,11.173c-10.135,7.062-18.568,17.632-22.5,29.42c-4.191,12.562-4.55,25.375-0.995,38.141
				c3.323,11.938,11.028,22.979,20.78,30.558c9.815,7.634,22.288,12.808,34.841,13.1c12.896,0.297,25.221-2.656,36.147-9.668
				c10.531-6.761,18.983-16.919,23.585-28.568c4.826-12.229,5.581-25.23,2.584-37.995c-2.875-12.235-10.104-23.138-19.448-31.386
				c-9.295-8.208-21.601-13.459-33.958-14.486c-1.935-0.161-3.839-0.245-5.777-0.291 M253.477,161.07h26.872v146.126h-26.872V161.07z
				 M343.406,208.428c12.547,0.318,24.425,7.143,28.957,19.232c0.639,1.703,0.995,3.454,1.303,5.239
				c-12.18-0.059-24.358-0.134-36.538-0.163l-15.406-0.038l-6.071-0.014c-1.009-0.003-1.748-0.17-2.579,0.398
				c0.862-6.029,3.667-11.796,8.179-15.96c4.645-4.291,10.052-6.84,16.197-8.17c1.944-0.423,3.975-0.475,5.956-0.526 M346.017,285.814
				c-11.854,0-24.883-5.87-30.732-16.649c-1.452-2.681-2.634-5.414-3.264-8.408c-0.325-1.528-0.492-3.042-0.569-4.6
				c-0.018-0.338,0.109-2.65,0.287-2.65h87.91c-0.21-12.678-1.479-25.805-6.977-37.419c-5.582-11.787-14.757-21.243-27.146-25.798
				c-11.516-4.236-24.975-4.858-36.823-1.672c-12.239,3.289-23.81,9.892-31.445,20.222c-7.664,10.37-11.331,22.977-11.563,35.813
				c-0.229,12.576,1.855,25.793,8.652,36.636c6.875,10.969,16.365,19.421,28.476,24.191c11.411,4.491,24.611,5.059,36.46,2.005
				c12.364-3.187,23.525-10.26,30.833-20.861c4.146-6.02,6.761-12.73,8.354-19.834h-24.661c-0.095,0-1.573,3.884-1.769,4.267
				c-1.369,2.686-3.207,5.188-5.438,7.221c-5.656,5.146-13.005,7.538-20.588,7.538 M496.026,224.877
				c0-12.383-5.681-24.405-16.289-31.065c-2.428-1.522-4.665-2.948-7.371-3.989c-2.87-1.104-5.876-1.892-8.906-2.435
				c-6.114-1.096-12.307-1.454-18.507-1.16c-11.624,0.552-24.882,3.417-32.816,12.616c-3.914,4.539-6.894,10.13-7.708,16.134
				c-0.802,5.95-0.816,11.883,1.409,17.553c1.107,2.82,2.813,5.411,4.786,7.697c1.906,2.214,4.451,4.63,7.129,5.875
				c5.605,2.614,11.346,4.972,17.184,7.017c6.036,2.115,12.242,3.678,18.377,5.493c6.065,1.796,11.779,3.566,16.731,7.642
				c2.03,1.671,4.337,4.815,3.958,7.609c-0.409,2.979-2.348,5.527-4.668,7.387c-4.556,3.65-10.975,4.781-16.66,4.932
				c-11.319,0.304-27.295-3.78-27.85-17.672c-0.009-0.226,0.046-1.649-0.142-1.649h-23.44c-0.251,0-0.115,3.503-0.102,3.844
				c0.121,3.019,0.575,5.992,1.329,8.92c1.501,5.802,4.521,11.622,8.854,15.828c4.438,4.314,9.508,7.09,15.357,9.033
				c11.875,3.941,24.672,4.188,36.946,2.385c5.861-0.863,11.849-2.379,17.169-5.036c5.143-2.568,9.626-7.012,12.654-11.886
				c3.396-5.467,5.338-11.058,5.918-17.474c0.544-6.011-1.199-11.839-4.296-16.939c-3.172-5.231-8.271-9.438-13.66-12.234
				c-5.56-2.882-11.78-4.541-17.739-6.442c-5.904-1.881-11.813-3.664-17.772-5.341c-5.447-1.533-12.05-3.892-15.507-8.666
				c-1.751-2.415-1.964-5.787-0.636-8.451c1.346-2.691,3.768-4.134,6.474-5.24c2.787-1.139,5.959-1.528,8.938-1.746
				c2.974-0.219,6.048-0.271,8.998,0.198c5.891,0.934,11.23,2.949,14.823,7.936c1.757,2.442,3.068,5.28,3.583,8.261
				c0.055,0.315-0.075,1.065,0.319,1.065h23.128"></path>
			<path fill="#FF001F" d="M210.97,403.043c1.74-1.723,3.319-3.563,4.849-5.472l-11.631-9.016c-3.425,4.502-7.825,7.854-13.307,9.425
				c-5.694,1.633-12.005,0.868-16.744-2.787c-4.396-3.391-6.422-9.186-6.816-14.551c-0.049-0.618-0.129-1.252-0.129-1.873
				c0-1.244,0.286-0.921,1.493-0.921h51.543c1.133,0,0.942-0.134,1.034-1.252c0.9-10.779-0.239-22.655-8.309-30.722
				c-7.798-7.798-19.047-9.962-29.682-8.29c-11.263,1.768-21.202,8.389-26.942,18.265c-5.454,9.38-7.485,21.873-4.679,32.438
				c1.394,5.25,3.726,9.939,7.312,14.037c3.712,4.245,8.775,7.17,14.083,8.935c10.12,3.366,22.361,2.546,31.504-3.112
				c2.322-1.434,4.491-3.173,6.423-5.104 M200.359,366.369h-31.77c1.159-5.479,4.608-10.351,9.679-12.878
				c5-2.493,11.151-3.342,16.568-1.766c6.681,1.939,9.978,8.035,10.271,14.644H200.359"></path>
			<path fill="#FF001F" d="M280.791,405.187l-10.625-17.895l-5.926-9.98l-0.971-1.634c-0.429-0.722-0.857-1.438-1.289-2.157
				c-0.194-0.325,1.031-1.375,1.289-1.671c8.755-10.087,17.357-20.307,26.044-30.447c0.551-0.643,1.093-1.291,1.639-1.935h-17.606
				c-0.184,0-1.202-0.136-1.329,0.014c-4.588,5.487-9.177,10.974-13.767,16.459c-2.056,2.459-3.741,5.096-5.36,7.849
				c-0.803-2.712-2.361-5.016-3.743-7.458l-4.585-8.098l-3.41-6.022c-0.474-0.84-1.017-2.739-2.07-2.739h-17.519
				c6.772,11.261,13.538,22.528,20.334,33.775c0.171,0.285-2.813,3.38-3.102,3.721c-0.736,0.868-1.479,1.741-2.215,2.612l-7.801,9.237
				l-12.905,15.288l-5.168,6.124h15.25c0.368,0,3.521,0.272,3.76-0.021c4.058-4.947,8.113-9.901,12.176-14.845
				c1.814-2.209,3.71-4.369,5.384-6.686c1.428-1.979,2.703-4.079,4.106-6.084c0.728,2.434,1.844,4.662,3.034,6.894l6.119,11.507
				c1.321,2.483,2.641,4.964,3.961,7.448c0.096,0.185,0.773,1.789,0.966,1.789h18.313l-2.981-5.042"></path>
			<path fill="#FF001F" d="M290.066,443.717c0.671,0,8.697,0.226,8.731-0.042l0.828-6.361c1.183-9.03,2.364-18.063,3.541-27.093
				l1.294-9.89c3.681,3.976,7.695,7.519,12.737,9.676c5.269,2.258,11.135,2.833,16.783,2.024c11.593-1.656,20.232-9.996,24.695-20.496
				c4.306-10.123,5.01-22.386,2.6-33.062c-1.208-5.354-3.859-11.083-8.121-14.691c-4.328-3.662-9.119-5.58-14.699-6.435
				c-4.788-0.733-9.979-0.359-14.561,1.217c-4.972,1.708-9.188,4.712-12.884,8.407l0.771-7.51h-14.485
				c-0.773,0-0.771-0.155-0.854,0.469l-1.723,13.073l-7.112,53.844l-4.837,36.624l-0.029,0.24h7.325 M307.405,378.287
				c0.149-5.871,1.142-11.979,4.087-17.147c2.861-5.028,7.259-8.236,12.884-9.512c5.465-1.243,11.501,0.132,15.677,3.851
				c4.291,3.82,5.6,10.208,5.801,15.682c0.402,10.792-2.827,24.661-14.739,27.862c-5.125,1.379-11.299,0.763-15.739-2.291
				c-4.693-3.226-7.216-8.299-7.834-13.885C307.376,381.33,307.368,379.814,307.405,378.287"></path>
			<path fill="#FF001F" d="M362.438,410.23h15.056c1.155,0,0.989,0.039,1.133-1.025l3.299-24.548
				c0.692-5.17,1.202-10.423,2.508-15.479c1.38-5.351,3.589-11.039,8.106-14.529c2.87-2.219,6.1-3.099,9.672-3.375
				c3.152-0.242,5.913,0.766,8.521,2.434l3.811-10.141l1.415-3.763c0.08-0.212-2.911-1.388-3.253-1.529
				c-4.745-1.967-10.351-1.472-15.021,0.398c-4.786,1.911-8.78,5.868-11.688,10.03l1.213-9.234h-14.592
				c-1.078,0-0.852,0.139-0.983,1.145l-3.238,24.416c-1.737,13.128-3.457,26.26-5.191,39.388L362.438,410.23"></path>
			<path fill="#FF001F" d="M415.852,352.714c-6.589,9.505-9.255,21.765-7.179,33.17c2.002,11.001,9.002,20.445,19.559,24.567
				c9.957,3.887,21.912,3.786,31.525-1.005c5.505-2.744,9.735-7.161,13.555-11.872c-2.548-2.013-5.131-3.981-7.699-5.973
				c-1.288-1.001-2.579-1.995-3.868-2.992c-0.046-0.038-2.366,2.713-2.669,3.015c-4.066,4.093-9.39,6.729-15.179,7.108
				c-5.26,0.344-10.31-1.278-13.977-5.146c-4.006-4.226-5.041-10.139-5.237-15.735h53.946c0.092,0,0.328-4.055,0.339-4.444
				c0.204-5.573-0.046-10.984-1.823-16.325c-3.431-10.307-12.053-17.565-22.719-19.451c-10.646-1.885-22.907,0.563-31.365,7.539
				c-2.731,2.261-5.066,4.723-7.209,7.548 M458.515,366.371h-32.469c1.4-5.584,4.559-10.183,9.732-12.889
				c4.733-2.474,11.075-3.364,16.243-1.857c6.844,1.998,10.229,7.899,10.577,14.747L458.515,366.371"></path>
			<path fill="#FF001F" d="M514.931,393.703c-1.015,5.986-8.015,7.542-13.168,6.94c-5.795-0.674-10.846-4.276-14.535-8.629
				c-0.707-0.832-1.369-1.701-2.024-2.576l-7.121,8.191c-0.414,0.475-2.45,2.23-1.976,2.766c1.013,1.129,2.03,2.235,3.132,3.272
				c4.006,3.776,8.93,6.642,14.247,8.111c9.749,2.695,22.176,1.91,30.076-5.043c7.886-6.94,9.919-20.308,3.425-28.826
				c-3.333-4.37-8.668-7.164-13.459-9.62c-2.459-1.257-5.016-2.407-7.373-3.842c-2.212-1.346-4.285-3.129-4.737-5.813
				c-0.843-5.044,3.311-8.728,8.081-9.158c5.772-0.516,11.556,2.272,15.57,6.258c0.716,0.712,1.369,1.479,2.024,2.245
				c2.382-2.431,4.751-4.869,7.127-7.305c0.265-0.273,2.944-2.83,2.77-3.009c-1.11-1.114-2.275-2.158-3.491-3.156
				c-4.271-3.516-9.206-5.812-14.602-6.955c-10.75-2.283-24.005,0.73-30.214,10.411c-2.901,4.522-3.778,10.298-2.767,15.538
				c1.073,5.53,5.298,9.797,9.913,12.728c3.943,2.5,8.038,4.697,12.062,7.053c3.963,2.316,7.685,5.381,7.04,10.415"></path>
			<path fill="#FF001F" d="M592.764,347.342c-7.96-8.128-19.481-12.007-30.737-9.922c-5.539,1.026-10.98,3.244-14.859,7.473
				c-3.624,3.953-5.496,9.06-5.496,14.401c0,5.564,2.119,9.895,6.105,13.709c4.078,3.904,9.487,6.448,14.354,9.217
				c4.343,2.474,10.894,6.308,8.731,12.435c-1.953,5.525-8.57,6.681-13.732,5.86c-6.729-1.068-11.852-5.816-15.792-11.076l-7.12,8.19
				c-0.414,0.475-2.45,2.23-1.976,2.766c1.029,1.148,2.059,2.265,3.181,3.323c3.859,3.641,8.55,6.361,13.62,7.902
				c10.06,3.055,23.671,2.131,31.459-5.656c3.624-3.624,5.669-8.183,6.258-13.25c0.612-5.23-0.368-11.29-4.029-15.299
				c-3.805-4.168-8.725-6.813-13.648-9.434c-4.121-2.194-11.251-4.34-11.63-9.928c-0.397-5.82,5.032-8.912,10.278-8.578
				c5.576,0.354,10.629,3.063,14.348,7.186c0.391,0.433,0.771,0.872,1.15,1.318c1.82-1.856,3.632-3.717,5.438-5.585
				c0.689-0.711,1.38-1.425,2.067-2.134l1.599-1.643c0.392-0.402,1.211-0.864,0.432-1.278"></path>
			<path fill="#FF001F" d="M590.667,425.724c-0.886-0.53-2.274-0.469-3.278-0.552c-1.495-0.124-2.988-0.185-4.489-0.248
				c-2.922-0.12-5.855-0.158-8.78-0.158h-17.157c-12.056,0-24.094,0.441-36.142,0.688c-12.066,0.244-24.148,0.983-36.192,1.708
				c-12.165,0.73-24.33,1.646-36.458,2.836c-12.208,1.192-24.416,2.48-36.561,4.182c-12.162,1.696-24.304,3.5-36.386,5.712
				c-11.809,2.162-23.557,4.584-35.229,7.384c-11.483,2.753-22.906,5.896-34.057,9.791c-3.485,1.219-28.653,10.894-22.978,16.604
				c1.829,1.844,4.894,1.899,7.325,1.841c2.915-0.069,5.821-0.615,8.662-1.233c5.568-1.211,10.911-3.216,16.301-5.01
				c11.981-3.995,24.103-7.411,36.259-10.813c12.091-3.382,24.425-6.362,36.74-8.815c12.23-2.438,24.456-4.809,36.733-7.024
				c12.145-2.191,24.379-3.858,36.599-5.566c12.202-1.708,24.459-3.12,36.722-4.334c12.231-1.211,24.471-2.18,36.722-3.119
				c12.076-0.924,24.324-1.738,36.44-1.738c3.581,0,7.216-0.302,10.791-0.561c1.86-0.134,3.704-0.329,5.559-0.509
				c0.343-0.029,3.348-0.368,2.85-1.064"></path>
		</g>
	</symbol>
	
	<symbol viewBox="0 0 55 55" id="icon-first-choice-store-inverse">
		<g stroke="none" stroke-width="1" fill="none" fill-rule="evenodd">
			<rect id="Rectangle" fill="#003C7B" x="0" y="0" width="55" height="55" rx="3"></rect>
			<g id="Group" transform="translate(13.500000, 13.048387)" fill-rule="nonzero">
				<path d="M4.2621698,3.13175527 L5.91245569,3.13175527 C5.96703771,3.21347917 6.00730314,3.35067988 6.00730314,3.50100413 C6.00730314,3.73364881 5.91275396,4.01998072 5.54410162,4.01998072 L4.2621698,4.01998072 L4.2621698,9.38065096 C4.2621698,9.65415759 4.00357629,9.72275794 3.67638243,9.72275794 C3.49921456,9.72275794 3.30832662,9.68189599 3.21288265,9.60047036 L3.21288265,4.02057725 L2.40817067,4.02057725 C2.35358865,3.92513328 2.3127267,3.78852909 2.3127267,3.63760832 C2.3127267,3.35127641 2.42189074,3.13205354 2.81679017,3.13205354 L3.21288265,3.13205354 L3.21288265,1.8739827 C3.21288265,0.534187971 3.8535503,0.0694951408 4.88911738,0.0694951408 C6.10304537,0.0694951408 6.2670897,0.315263364 6.2670897,0.629333679 C6.2670897,0.847960023 6.21220941,0.998582539 6.14360906,1.08090296 L5.16232574,1.08090296 C4.58966192,1.08090296 4.26246806,1.27238743 4.26246806,2.01088515 M9.0701598,4.19744685 L9.0701598,8.51926913 C9.0701598,8.77875743 9.19244738,8.87479792 9.38333532,8.87479792 L9.77823475,8.87479792 C9.8334133,8.95622356 9.86055518,9.05196579 9.86055518,9.21630838 C9.86055518,9.53097522 9.60106688,9.72216142 8.94697742,9.72216142 C8.38803367,9.72216142 8.04711974,9.47669146 8.04711974,8.7924775 L8.04711974,4.48467355 C8.04711974,4.18342852 7.91081382,4.10200288 7.70620581,4.10200288 L7.31100812,4.10200288 C7.2564261,4.00596239 7.22898596,3.86935821 7.22898596,3.69159381 C7.22898596,3.29490481 7.59763829,3.13086049 8.10200002,3.13086049 C8.70150746,3.13086049 9.0701598,3.33606502 9.0701598,4.19714859 M8.42889562,0.573856871 C8.86435874,0.573856871 9.09700341,0.806501549 9.09700341,1.25777257 C9.09700341,1.70874533 8.86435874,1.91394987 8.42889562,1.91394987 C7.99253772,1.91394987 7.76019131,1.69532352 7.76019131,1.25777257 C7.76019131,0.806501549 7.97911591,0.573856871 8.42889562,0.573856871 M12.5768309,4.26664373 L12.5768309,4.33524409 C13.1354764,3.61046644 13.9398901,2.9942563 14.7034419,2.9942563 C15.44015,2.9942563 15.8762097,3.3632069 15.8762097,4.1431631 C15.8762097,4.7032999 15.6304414,4.89478436 15.2755092,4.89478436 C15.1123596,4.89478436 14.9623336,4.81335872 14.8806097,4.73074004 C14.8806097,4.37580777 14.7305838,4.12944302 14.2811023,4.12944302 C13.6947184,4.12944302 13.0534542,4.60785593 12.5765327,5.31951003 L12.5765327,9.59957557 C12.4810887,9.68100121 12.2627606,9.72186316 12.0038688,9.72186316 C11.7449771,9.72186316 11.5129289,9.6532628 11.5129289,9.22973018 L11.5129289,4.52613203 C11.5129289,4.23980012 11.3906413,4.10259941 11.1729098,4.10259941 L10.6676532,4.10259941 C10.6130712,3.95197689 10.5859293,3.82819799 10.5859293,3.65103012 C10.5859293,3.36380343 10.9408616,3.13145701 11.5269472,3.13145701 C12.181335,3.13145701 12.5768309,3.40496364 12.5768309,4.26634547 M21.1596299,4.03399905 C21.1596299,4.29348735 21.0647825,4.49869188 20.9144582,4.58041578 C20.6144063,4.30720742 19.8240109,4.0471226 18.8832912,4.0471226 C17.9288515,4.0471226 17.5733228,4.44321508 17.5733228,4.90850443 C17.5733228,5.48295783 18.0505426,5.72872605 19.142183,5.93452711 C20.7378869,6.20743721 21.3910816,6.78159235 21.3910816,7.94481574 C21.3910816,9.14770802 20.5875626,9.85846734 18.9638221,9.85846734 C17.4915989,9.85846734 16.4834719,9.29773401 16.4834719,8.80619757 C16.4834719,8.51837434 16.5511775,8.36775183 16.7012035,8.23144591 C17.0964012,8.53209441 18.0922993,8.91446682 18.8964148,8.91446682 C20.0417424,8.91446682 20.4369401,8.47691587 20.4369401,7.95764102 C20.4369401,7.34232567 20.0146006,7.06881905 18.8961165,6.86361451 C17.2467254,6.57638781 16.6323049,6.07083303 16.6323049,4.85332589 C16.6323049,3.80105611 17.3964532,2.99395804 18.9095383,2.99395804 C20.4097982,2.99395804 21.1593317,3.58153498 21.1593317,4.03340253 M23.8770987,4.01998072 L23.8770987,7.78106967 C23.8770987,8.60129129 24.1634306,8.80709235 24.7092508,8.80709235 L26.017728,8.80709235 C26.0588882,8.90253632 26.0863284,8.97113668 26.0863284,9.10714434 C26.0863284,9.4620766 25.7719598,9.72245968 24.4363407,9.72245968 C23.5367813,9.72245968 22.8823936,9.35350908 22.8823936,8.0268379 L22.8823936,4.01998072 L22.0776816,4.01998072 C22.0090813,3.92453675 21.9688159,3.80165264 21.9688159,3.63731005 C21.9688159,3.32204669 22.0642598,3.13175527 22.4191921,3.13175527 L22.8826919,3.13175527 L22.8826919,1.33919821 C22.9781358,1.28551097 23.1958674,1.23122722 23.4135989,1.23122722 C23.6865091,1.23122722 23.8776953,1.36753314 23.8776953,1.68219998 L23.8776953,3.13175527 L25.9637425,3.13175527 C26.0323429,3.1997591 26.0591865,3.30951967 26.0591865,3.48668754 C26.0591865,3.70561214 25.9905861,4.01998072 25.5408064,4.01998072" id="Shape" fill="#FFFFFF"></path>
				<path d="M4.29378561,13.4128604 C3.99999714,13.0161714 3.52307555,12.8026156 3.03124084,12.8026156 C2.14987543,12.8026156 1.55603498,13.4796712 1.55603498,14.3407548 C1.55603498,15.2167515 2.15852504,15.8499626 3.05331226,15.8499626 C3.52307555,15.8499626 3.99283884,15.6214936 4.29408387,15.2608943 L4.29408387,16.9908163 C3.81686402,17.1378596 3.47087963,17.2482167 3.02408254,17.2482167 C2.25277596,17.2482167 1.51875218,16.9538317 0.946386617,16.4309777 C0.337931307,15.8791923 0.0584594318,15.1573973 0.0584594318,14.3335965 C0.0584594318,13.57601 0.344791342,12.8467584 0.873312328,12.3024295 C1.41614991,11.7431875 2.20117656,11.4040631 2.97904492,11.4040631 C3.44135165,11.4040631 3.86786689,11.5075602 4.29318909,11.6838333 L4.29378561,13.4128604 Z M8.69613874,13.6932271 L8.69613874,11.5511065 L10.1346583,11.5511065 L10.1346583,17.1008751 L8.69584048,17.1008751 L8.69584048,14.8260277 L6.61903934,14.8260277 L6.61903934,17.1008751 L5.18081801,17.1008751 L5.18081801,11.5511065 L6.6193376,11.5511065 L6.6193376,13.6932271 L8.69613874,13.6932271 Z M16.9153559,14.2229411 C16.9153559,16.0190774 15.631038,17.2852013 13.8551836,17.2852013 C12.0793292,17.2852013 10.7950113,16.0193756 10.7950113,14.2229411 C10.7950113,12.5449168 12.2624623,11.3673769 13.8551836,11.3673769 C15.4479048,11.3673769 16.9153559,12.5449168 16.9153559,14.2229411 L16.9153559,14.2229411 Z M12.2916921,14.2300994 C12.2916921,15.186627 12.9970826,15.8869471 13.8551836,15.8869471 C14.7135828,15.8869471 15.4180786,15.186627 15.4180786,14.2300994 C15.4180786,13.4650564 14.7141793,12.765631 13.8551836,12.765631 C12.9970826,12.765631 12.2922886,13.4650564 12.2922886,14.2300994 L12.2916921,14.2300994 Z M17.5813758,11.5508082 L19.0213867,11.5508082 L19.0213867,17.1014716 L17.5813758,17.1014716 L17.5813758,11.5508082 Z M23.9158728,13.4128604 C23.6220844,13.0161714 23.1448645,12.8026156 22.6542229,12.8026156 C21.7731557,12.8026156 21.179017,13.4796712 21.179017,14.3407548 C21.179017,15.2167515 21.7806123,15.8499626 22.6762943,15.8499626 C23.1451628,15.8499626 23.6158209,15.6214936 23.9161711,15.2608943 L23.9161711,16.9908163 C23.4389513,17.1378596 23.0941599,17.2482167 22.6467663,17.2482167 C21.8760562,17.2482167 21.1420325,16.9538317 20.5693686,16.4309777 C19.9609133,15.8791923 19.6814415,15.1573973 19.6814415,14.3335965 C19.6814415,13.57601 19.9677734,12.8467584 20.4956978,12.3024295 C21.0385354,11.7431875 21.8238603,11.4040631 22.6020269,11.4040631 C23.0643337,11.4040631 23.4908489,11.5075602 23.9155746,11.6838333 L23.9158728,13.4128604 Z M26.2417231,12.7727893 L26.2417231,13.7003854 L27.8642706,13.7003854 L27.8642706,14.92177 L26.2417231,14.92177 L26.2417231,15.8791923 L27.9519597,15.8791923 L27.9519597,17.0999803 L24.8035018,17.0999803 L24.8035018,11.5508082 L27.9519597,11.5508082 L27.9519597,12.7724911 L26.2417231,12.7727893 Z" id="Shape" fill="#FFFFFF"></path>
				<path d="M3.60151856,25.7594328 C3.60151856,26.3100252 3.76615941,26.4573668 4.21474607,26.4573668 L4.8381145,26.4573668 C4.85690504,26.5128436 4.86555465,26.5677239 4.86555465,26.6682383 C4.86555465,26.8615124 4.61889163,27.0544882 3.98687359,27.0544882 C3.23435754,27.0544882 2.91402372,26.714469 2.91402372,25.9240736 L2.91402372,20.7143242 C2.99604588,20.6496012 3.06971669,20.6120202 3.25255155,20.6120202 C3.51800509,20.6218628 3.60151856,20.7501157 3.60151856,20.9245992 M6.54984246,23.3414194 L6.54984246,26.2464953 C6.54984246,26.4206805 6.63246114,26.4851052 6.76101224,26.4851052 L7.02646578,26.4851052 C7.06315206,26.540582 7.08194259,26.6044102 7.08194259,26.7147673 C7.08194259,26.9259371 6.90745908,27.0541899 6.46752203,27.0541899 C6.0917114,27.0541899 5.86204935,26.8901456 5.86204935,26.4302249 L5.86204935,23.5358865 C5.86204935,23.3324716 5.77107931,23.2778896 5.63328208,23.2778896 L5.36723201,23.2778896 C5.330844,23.2131666 5.31294826,23.1213018 5.31294826,23.0019968 C5.31294826,22.7359468 5.55990953,22.6252914 5.89903389,22.6252914 C6.30258292,22.6252914 6.54984246,22.7633869 6.54984246,23.3411212 M6.12034459,20.9064052 C6.41264175,20.9064052 6.56833473,21.0620981 6.56833473,21.3663258 C6.56833473,21.6687639 6.41323828,21.8068594 6.12034459,21.8068594 C5.82506481,21.8068594 5.66996836,21.6601143 5.66996836,21.3663258 C5.66996836,21.0620981 5.81701172,20.9064052 6.12034459,20.9064052 M10.926545,26.6595887 C10.5784728,26.9629216 10.1659759,27.146353 9.60762865,27.146353 C8.62753838,27.146353 7.86667098,26.4111361 7.86667098,24.840188 C7.86667098,23.2683452 8.70031441,22.5328301 9.69024734,22.5328301 C10.276333,22.5328301 10.6885316,22.7535442 10.9823201,23.0655267 C11.0917824,22.7815809 11.3572359,22.6249931 11.6868159,22.6249931 C12.0348881,22.6249931 12.1908794,22.753246 12.1908794,22.9560644 C12.1908794,23.0932651 12.1729836,23.1767786 12.1455435,23.2495546 L11.8246131,23.2495546 C11.6784645,23.2495546 11.5865997,23.3321733 11.5865997,23.5349917 L11.5865997,28.7086515 C11.5120341,28.7453377 11.4121162,28.782024 11.2286848,28.782024 C11.0363056,28.782024 10.9259485,28.6895627 10.9259485,28.4968852 M10.9259485,26.0708187 L10.9259485,23.7825495 C10.6706359,23.4335825 10.2855791,23.2403085 9.70814309,23.2403085 C9.14025146,23.2403085 8.53448051,23.7085805 8.53448051,24.8398898 C8.53448051,25.9512155 9.08417813,26.5027027 9.74482936,26.5027027 C10.3037731,26.5027027 10.6521436,26.3189731 10.9259485,26.0708187 M16.352833,26.329114 L16.352833,26.2464953 C15.9313882,26.7982807 15.3727427,27.1466512 14.7219341,27.1466512 C13.9971565,27.1466512 13.493093,26.7696476 13.493093,25.6672697 L13.493093,23.5162012 C13.493093,23.3417177 13.420317,23.2686434 13.2831163,23.2686434 L12.879269,23.2686434 C12.8613733,23.1857265 12.8425827,23.1031078 12.8425827,22.9739602 C12.8515306,22.7353502 13.1274233,22.6249931 13.5485698,22.6249931 C14.0245966,22.6249931 14.226222,22.7997749 14.226222,23.2686434 L14.226222,25.5115767 C14.226222,26.1731227 14.50122,26.438278 14.9316126,26.438278 C15.5460332,26.438278 15.9943216,26.0809597 16.3513417,25.4650478 L16.3513417,22.7082084 C16.4536457,22.6524333 16.5997943,22.6255897 16.7450481,22.6255897 C16.983658,22.6255897 17.0850672,22.7264024 17.0850672,22.9014824 L17.0850672,26.2002646 C17.0850672,26.4024865 17.1676859,26.4582616 17.2953422,26.4582616 L17.6353613,26.4582616 C17.6443092,26.5134401 17.662205,26.5686187 17.662205,26.6879237 C17.662205,26.9086378 17.423595,27.0547864 16.9753066,27.0547864 C16.6364805,27.0547864 16.3519382,26.9166909 16.3519382,26.3294122 M20.2705097,22.5098639 C21.4617698,22.5098639 22.2402346,23.245379 22.2402346,24.8261697 C22.2402346,26.498527 21.4068895,27.1239833 20.2245773,27.1239833 C19.0509147,27.1239833 18.227114,26.4713851 18.227114,24.8261697 C18.227114,23.245379 19.0890923,22.5095656 20.270808,22.5095656 M20.2251738,26.480333 C21.0036387,26.480333 21.5160535,26.0568004 21.5160535,24.8351176 C21.5160535,23.6951587 21.040325,23.162462 20.2705097,23.162462 C19.4920448,23.162462 18.9512951,23.7041065 18.9512951,24.8348193 C18.9512951,26.0568004 19.4732543,26.4800348 20.2248756,26.4800348 M24.1699924,23.3879484 L24.1699924,23.4338808 C24.545803,22.9468183 25.0865528,22.5331283 25.5992659,22.5331283 C26.0943815,22.5331283 26.3872751,22.7815809 26.3872751,23.3047332 C26.3872751,23.6823334 26.2226343,23.8105862 25.9846209,23.8105862 C25.8742638,23.8105862 25.7728546,23.7557059 25.7191674,23.7008256 C25.7191674,23.4622157 25.6177581,23.2963818 25.3156183,23.2963818 C24.9210172,23.2963818 24.4906245,23.6179087 24.1696942,24.0957251 L24.1696942,26.9727643 C24.1055677,27.027048 23.9588226,27.0541899 23.7849356,27.0541899 C23.6107504,27.0541899 23.4553557,27.0094505 23.4553557,26.7249082 L23.4553557,23.5627302 C23.4553557,23.3700526 23.3718422,23.277293 23.2262902,23.277293 L22.886271,23.277293 C22.8504795,23.1770769 22.8319873,23.0938616 22.8319873,22.9736619 C22.8319873,22.7812826 23.0700007,22.6246949 23.4643036,22.6246949 C23.9042406,22.6246949 24.1699924,22.8087228 24.1699924,23.3882466" id="Shape" fill="#FFFFFF"></path>
				<polygon id="Shape" fill="#EE2423" points="0.186712267 18.5966611 27.9519597 18.5966611 27.9519597 19.8732242 0.186712267 19.8732242"></polygon>
			</g>
		</g>
	</symbol>
	
	<symbol viewBox="0 0 595.28 595.281" id="icon-first-choice-store">
		<path fill="#003D79" d="M116.829,88.53h30.659c1.018,1.515,1.764,4.07,1.764,6.862c0,4.318-1.753,9.644-8.604,9.644h-23.818v99.603
			c0,5.081-4.807,6.353-10.884,6.353c-3.296,0-6.841-0.756-8.617-2.273V105.047H82.381c-1.018-1.775-1.776-4.313-1.776-7.123
			c0-5.315,2.03-9.389,9.363-9.389h7.359V65.161c0-24.895,11.906-33.532,31.146-33.532c22.558,0,25.604,4.567,25.604,10.402
			c0,4.064-1.017,6.862-2.294,8.394h-18.233c-10.641,0-16.717,3.556-16.717,17.281 M206.164,108.333v80.297
			c0,4.828,2.267,6.607,5.818,6.607h7.339c1.022,1.511,1.526,3.296,1.526,6.349c0,5.844-4.823,9.396-16.971,9.396
			c-10.386,0-16.724-4.558-16.724-17.275v-80.039c0-5.601-2.533-7.111-6.333-7.111h-7.343c-1.013-1.781-1.527-4.324-1.527-7.625
			c0-7.372,6.852-10.418,16.225-10.418c11.139,0,17.989,3.816,17.989,19.813 M194.247,41.002c8.091,0,12.415,4.324,12.415,12.707
			c0,8.378-4.324,12.194-12.415,12.194c-8.107,0-12.426-4.064-12.426-12.194C181.821,45.327,185.891,41.002,194.247,41.002
			 M271.32,109.615v1.278c10.379-13.465,25.322-24.917,39.513-24.917c13.688,0,21.789,6.852,21.789,21.345
			c0,10.412-4.568,13.968-11.159,13.968c-3.031,0-5.819-1.509-7.337-3.047c0-6.597-2.788-11.176-11.14-11.176
			c-10.895,0-22.813,8.892-31.672,22.114v79.529c-1.774,1.51-5.835,2.268-10.64,2.268c-4.811,0-9.125-1.271-9.125-9.141v-87.397
			c0-5.319-2.273-7.869-6.316-7.869h-9.389c-1.012-2.799-1.515-5.098-1.515-8.389c0-5.341,6.592-9.655,17.481-9.655
			C263.97,88.525,271.32,93.607,271.32,109.615 M430.792,105.297c0,4.816-1.763,8.632-4.556,10.153
			c-5.575-5.077-20.264-9.915-37.743-9.915c-17.732,0-24.336,7.36-24.336,16.009c0,10.671,8.864,15.239,29.152,19.06
			c29.648,5.077,41.779,15.739,41.779,37.353c0,22.352-14.924,35.557-45.092,35.557c-27.36,0-46.091-10.416-46.091-19.548
			c0-5.348,1.262-8.149,4.048-10.683c7.339,5.585,25.849,12.695,40.788,12.695c21.28,0,28.617-8.133,28.617-17.782
			c0-11.43-7.846-16.512-28.629-20.327c-30.64-5.337-42.059-14.731-42.059-37.354c0-19.548,14.199-34.544,42.308-34.544
			c27.882,0,41.802,10.915,41.802,19.315 M481.286,105.038v69.879c0,15.24,5.315,19.062,15.457,19.062h24.311
			c0.769,1.774,1.277,3.053,1.277,5.58c0,6.597-5.846,11.435-30.653,11.435c-16.713,0-28.879-6.862-28.879-31.507v-74.448h-14.948
			c-1.276-1.775-2.024-4.059-2.024-7.112c0-5.856,1.775-9.395,8.368-9.395h8.617V55.225c1.774-0.996,5.812-2.008,9.859-2.008
			c5.078,0,8.628,2.533,8.628,8.384V88.53h38.759c1.266,1.266,1.777,3.3,1.777,6.592c0,4.07-1.278,9.915-9.636,9.915"></path>
		<g>
			<path fill="#003D79" d="M117.413,279.559c-5.456-7.366-14.32-11.339-23.455-11.339c-16.377,0-27.413,12.578-27.413,28.581
				c0,16.273,11.192,28.041,27.817,28.041c8.73,0,17.46-4.243,23.056-10.944v32.143c-8.864,2.733-15.294,4.784-23.596,4.784
				c-14.331,0-27.969-5.472-38.604-15.187c-11.305-10.249-16.5-23.667-16.5-38.972c0-14.071,5.32-27.624,15.142-37.736
				c10.088-10.392,24.673-16.698,39.124-16.698c8.594,0,16.517,1.928,24.419,5.203 M199.209,284.769v-39.8h26.73v103.114h-26.734
				v-42.268h-38.588v42.268h-26.718V244.97h26.725v39.799 M351.933,294.607c0,33.376-23.862,56.901-56.859,56.901
				c-32.998,0-56.865-23.52-56.865-56.901c0-31.172,27.267-53.058,56.865-53.058C324.666,241.549,351.933,263.436,351.933,294.607
				 M266.021,294.743c0,17.772,13.108,30.789,29.052,30.789c15.95,0,29.035-13.018,29.035-30.789c0-14.217-13.074-27.21-29.035-27.21
				c-15.944,0-29.042,12.994-29.042,27.21 M364.304,244.958h26.754v103.137h-26.754V244.958z M482,279.559
				c-5.454-7.366-14.319-11.339-23.435-11.339c-16.375,0-27.415,12.578-27.415,28.581c0,16.273,11.18,28.041,27.818,28.041
				c8.712,0,17.456-4.243,23.044-10.944v32.143c-8.866,2.733-15.273,4.784-23.589,4.784c-14.319,0-27.958-5.472-38.597-15.187
				c-11.309-10.249-16.506-23.667-16.506-38.972c0-14.071,5.326-27.624,15.133-37.736c10.087-10.392,24.679-16.698,39.138-16.698
				c8.596,0,16.518,1.928,24.408,5.203 M525.222,267.667v17.232h30.144v22.697h-30.144v17.789h31.777v22.683h-58.504v-103.11h58.504
				v22.704"></path>
		</g>
		<g>
			<path fill="#003D79" d="M104.554,508.967c0,10.229,3.058,12.968,11.392,12.968h11.581c0.352,1.028,0.509,2.051,0.509,3.917
				c0,3.593-4.583,7.177-16.323,7.177c-13.985,0-19.938-6.321-19.938-21.003v-96.8c1.526-1.208,2.896-1.9,6.289-1.9
				c4.936,0.185,6.489,2.566,6.489,5.807 M159.333,464.035v53.979c0,3.235,1.532,4.432,3.923,4.432h4.931
				c0.683,1.035,1.035,2.22,1.035,4.271c0,3.918-3.242,6.306-11.42,6.306c-6.98,0-11.25-3.047-11.25-11.593V467.65
				c0-3.777-1.688-4.794-4.249-4.794h-4.94c-0.677-1.202-1.013-2.912-1.013-5.125c0-4.942,4.589-6.997,10.889-6.997
				c7.501,0,12.095,2.564,12.095,13.296 M151.352,418.791c5.434,0,8.324,2.895,8.324,8.545c0,5.623-2.878,8.188-8.324,8.188
				c-5.487,0-8.366-2.728-8.366-8.188C142.986,421.686,145.718,418.791,151.352,418.791 M240.655,525.689
				c-6.468,5.639-14.13,9.047-24.506,9.047c-18.212,0-32.347-13.664-32.347-42.851c0-29.205,15.488-42.874,33.879-42.874
				c10.895,0,18.553,4.104,24.007,9.898c2.036-5.276,6.972-8.188,13.093-8.188c6.467,0,9.367,2.386,9.367,6.153
				c0,2.549-0.334,4.103-0.844,5.454h-5.964c-2.716,0-4.42,1.532-4.42,5.304v96.128c-1.386,0.683-3.242,1.364-6.652,1.364
				c-3.572,0-5.623-1.716-5.623-5.298 M240.644,514.752v-42.523c-4.746-6.481-11.901-10.071-22.627-10.071
				c-10.554,0-21.805,8.702-21.805,29.724c0,20.646,10.212,30.897,22.487,30.897C229.085,522.778,235.557,519.363,240.644,514.752
				 M341.48,519.553v-1.538c-7.83,10.251-18.209,16.723-30.307,16.723c-13.464,0-22.834-7.002-22.834-27.48v-39.974
				c0-3.241-1.347-4.601-3.896-4.601h-7.506c-0.331-1.535-0.683-3.072-0.683-5.477c0.168-4.426,5.293-6.482,13.12-6.482
				c8.843,0,12.587,3.247,12.587,11.959v41.678c0,12.29,5.115,17.217,13.108,17.217c11.419,0,19.749-6.636,26.378-18.082v-51.225
				c1.903-1.034,4.618-1.535,7.315-1.535c4.434,0,6.323,1.871,6.323,5.13v61.29c0,3.761,1.53,4.796,3.9,4.796h6.323
				c0.168,1.023,0.496,2.051,0.496,4.27c0,4.097-4.433,6.813-12.762,6.813c-6.298,0-11.581-2.564-11.581-13.481 M414.275,448.584
				c22.134,0,36.596,13.667,36.596,43.043c0,31.07-15.489,42.69-37.451,42.69c-21.811,0-37.118-12.123-37.118-42.69
				c0-29.376,16.021-43.048,37.974-43.048 M413.431,522.361c14.462,0,23.985-7.874,23.985-30.572c0-21.182-8.841-31.076-23.141-31.076
				c-14.472,0-24.517,10.067-24.517,31.076c0,22.698,9.699,30.565,23.661,30.565 M486.73,464.901v0.855
				c6.981-9.049,17.025-16.739,26.553-16.739c9.198,0,14.645,4.616,14.645,14.336c0,7.014-3.065,9.399-7.479,9.399
				c-2.057,0-3.939-1.021-4.937-2.039c0-4.432-1.884-7.512-7.501-7.512c-7.327,0-15.327,5.977-21.289,14.85v53.46
				c-1.191,1.006-3.919,1.51-7.145,1.51c-3.238,0-6.127-0.827-6.127-6.121v-58.751c0-3.584-1.561-5.304-4.254-5.304h-6.321
				c-0.672-1.861-1.006-3.412-1.006-5.64c0-3.577,4.417-6.482,11.744-6.482c8.171,0,13.119,3.42,13.119,14.184"></path>
		</g>
		<path fill="#EE2423" d="M41.104,375.875h515.896v23.719H41.104V375.875z"></path>
	</symbol>


	
	<symbol viewBox="0 0 55 55" id="icon-liquorland-store-inverse">
		<g id="Page-1" stroke="none" stroke-width="1" fill="none" fill-rule="evenodd">
			<rect id="Rectangle" fill="#FF002A" x="0" y="0" width="55" height="55" rx="3"></rect>
			<path d="M5.45285051,30.177631 L9.14259316,30.177631 L9.44013333,28.7890731 L7.51595871,28.7890731 L8.56718581,24.0877828 L6.80184007,24.0877828 L5.45296166,30.1775198 L5.45285051,30.177631 Z M9.42023804,30.177631 L11.1856949,30.177631 L12.5344622,24.107567 L10.7690053,24.107567 L9.42023804,30.177631 Z M14.835647,27.1425434 C14.4388527,28.9278956 14.3199255,29.1857563 13.9431376,29.1857563 C13.5663497,29.1857563 13.5463433,28.9278956 13.9431376,27.1426545 C14.339932,25.3573024 14.4588591,25.0995528 14.835647,25.0995528 C15.2124349,25.1193369 15.2324413,25.3771977 14.835647,27.1426545 L14.835647,27.1425434 Z M14.9745806,31.2884328 L16.224316,30.4157076 L15.6490198,29.6816936 C16.2045319,29.1459657 16.4028179,28.2534564 16.6408945,27.1425434 C17.0772571,25.2580482 17.3550131,23.9885287 15.09373,23.9885287 C12.8124405,23.9885287 12.5346845,25.2580482 12.118106,27.1425434 C11.6817434,29.0865022 11.4237715,30.2965581 13.6852769,30.2965581 L14.0024901,30.2965581 C14.1017442,30.2965581 14.2008872,30.276774 14.2803572,30.276774 L14.9745806,31.2885439 L14.9745806,31.2884328 Z M19.239286,28.4519647 C19.1203588,28.9676861 19.0014317,29.1858675 18.6641009,29.1858675 C18.3268813,29.1858675 18.3070972,28.9677973 18.4260243,28.4519647 L19.3981149,24.1077892 L17.632658,24.1077892 L16.7401486,28.1346404 C16.4227132,29.6421254 16.7201422,30.3166757 18.4460308,30.3166757 C20.0132017,30.3166757 20.7867839,29.5826618 21.1041082,28.1346404 L21.9966176,24.1077892 L20.2312718,24.1077892 L19.2395083,28.4519647 L19.239286,28.4519647 Z M24.3175865,27.1426545 C23.9207922,28.9280067 23.801865,29.1858675 23.4250771,29.1858675 C23.0482892,29.1858675 23.0282828,28.9280067 23.4250771,27.1427657 C23.8218715,25.3575247 23.9407986,25.0996639 24.3175865,25.0996639 C24.6943744,25.0996639 24.7143808,25.3773088 24.3175865,27.1427657 L24.3175865,27.1426545 Z M21.6000455,27.1427657 C21.1636829,29.0867244 20.905711,30.2967804 23.1672164,30.2967804 C25.4482836,30.2967804 25.7062555,29.0868356 26.1426181,27.1427657 C26.5591966,25.2582705 26.8369526,23.9887509 24.5754472,23.9887509 C22.314053,23.9887509 22.016624,25.2583816 21.6000455,27.1428768 L21.6000455,27.1427657 Z M28.6618731,25.3378517 L28.8601591,25.3378517 C29.2569534,25.3378517 29.49503,25.4567788 29.3758806,25.9527161 C29.2371693,26.5477965 28.8999497,26.6668348 28.6223048,26.6668348 L28.364444,26.6668348 L28.6618731,25.3377405 L28.6618731,25.3378517 Z M25.8251826,30.1779644 L27.5906395,30.1779644 L28.1263674,27.7776366 L28.4435806,27.7776366 C28.7609049,27.7776366 28.8997274,27.8768908 28.7808002,28.3922788 C28.7212255,28.6901524 28.6815461,28.9874703 28.6218602,29.2851216 C28.5426125,29.5826618 28.4632536,30.0191355 28.5626189,30.157958 L30.4273299,30.157958 L30.4471141,30.0785991 C30.3677552,30.0389197 30.3281869,29.979345 30.3081805,29.9000972 C30.2881741,29.8207384 30.3081805,29.5233093 30.3876505,29.1859786 L30.5065777,28.6902636 C30.5859365,28.3330375 30.6652954,27.9166813 30.5660412,27.6588206 C30.4668982,27.3611693 30.1692469,27.2024516 29.8320273,27.1825563 L29.8320273,27.1627721 C30.4869047,27.0834133 31.0024039,26.6668348 31.2206963,25.6948554 C31.4388776,24.6831966 31.0619786,24.1079004 29.8321385,24.1079004 L27.1741722,24.1079004 L25.8255161,30.1779644 L25.8251826,30.1779644 Z M30.6652954,30.1779644 L33.7398401,30.1779644 L34.3944952,28.7894066 L32.7284036,28.7894066 L33.7796307,24.0881163 L32.0141738,24.0881163 L30.6651843,30.1778533 L30.6652954,30.1779644 Z M37.4296939,30.1779644 L39.2545032,30.1779644 L39.1155696,24.1079004 L36.8940772,24.1079004 L34.057609,30.1779644 L35.8824183,30.1779644 L36.2592062,29.2456645 L37.4495892,29.2456645 L37.4295828,30.1779644 L37.4296939,30.1779644 Z M37.5286146,27.9363543 L36.715353,27.9363543 L37.6874435,25.4369947 L37.7071165,25.4369947 L37.5286146,27.9363543 Z M42.8647759,27.8174272 L42.7655217,24.1077892 L40.8413471,24.1077892 L39.4924687,30.1779644 L41.0990967,30.1779644 L41.9321425,26.4289805 L41.9521489,26.4289805 L42.1107555,30.1779644 L43.9953618,30.1779644 L45.3441291,24.1079004 L43.6780375,24.1079004 L42.8646647,27.8175383 L42.8647759,27.8174272 Z M47.2089513,25.3377405 L47.466812,25.3377405 C48.0222129,25.3377405 48.0222129,25.6550648 47.8833905,26.2700405 L47.4865962,28.0354973 C47.3874532,28.4916441 47.2089513,28.9677973 46.7725887,28.9677973 L46.4154738,28.9677973 L47.2088401,25.3377405 L47.2089513,25.3377405 Z M44.3724832,30.1779644 L46.9510906,30.1779644 C48.7959063,30.1779644 49.2321578,28.47186 49.5099138,27.1428768 C49.8273493,25.6948554 49.8273493,25.3774199 49.6686315,24.9013779 C49.4902408,24.4056629 49.053767,24.1080115 48.2604007,24.1080115 L45.7210281,24.1080115 L44.372372,30.1780756 L44.3724832,30.1779644 Z" id="Shape" fill="#FFDD00" fill-rule="nonzero"></path>
		</g>
	</symbol>
	
	<symbol viewBox="0 -0.001 595.28 595.281" id="icon-liquorland-store">
		<path fill="#FF0000" d="M595.28,236.725L40.168,236.76c-20.777,0-37.624,16.846-37.624,37.625l0.022,87.802l554.996,0.011
			c20.782,0,37.629-16.847,37.629-37.629L595.28,236.725L595.28,236.725z"></path>
		<path fill="#FFDD00" d="M26.195,335.876h45.209l3.645-17.015H51.473l12.88-57.606h-21.63l-16.528,74.619L26.195,335.876z
			 M74.806,335.876h21.631l16.526-74.379H91.332L74.806,335.876z M141.159,298.687c-4.862,21.876-6.319,25.034-10.936,25.034
			s-4.862-3.158,0-25.031c4.862-21.88,6.319-25.039,10.936-25.039c4.617,0.243,4.862,3.402,0,25.039 M142.861,349.485l15.313-10.692
			l-7.049-8.993c6.807-6.564,9.235-17.5,12.153-31.112c5.346-23.094,8.75-38.649-18.957-38.649c-27.952,0-31.355,15.555-36.459,38.649
			c-5.347,23.819-8.507,38.646,19.203,38.646h3.887c1.216,0,2.43-0.242,3.404-0.242l8.506,12.397V349.485z M195.116,314.731
			c-1.457,6.32-2.915,8.993-7.047,8.993c-4.132,0-4.375-2.673-2.917-8.993l11.911-53.231H175.43l-10.935,49.342
			c-3.889,18.472-0.246,26.736,20.902,26.736c19.202,0,28.68-8.992,32.569-26.736l10.936-49.342h-21.63l-12.152,53.231H195.116z
			 M257.338,298.69c-4.861,21.875-6.318,25.034-10.935,25.034c-4.617,0-4.862-3.159,0-25.034c4.861-21.877,6.319-25.036,10.935-25.036
			S262.201,277.055,257.338,298.69 M224.042,298.69c-5.347,23.819-8.507,38.645,19.202,38.645c27.949,0,31.11-14.824,36.458-38.645
			c5.102-23.094,8.506-38.649-19.203-38.649c-27.708,0-31.353,15.558-36.457,38.652 M310.568,276.572h2.43
			c4.862,0,7.779,1.458,6.319,7.533c-1.699,7.292-5.833,8.75-9.234,8.75h-3.159l3.645-16.286V276.572z M275.81,335.879h21.632
			l6.565-29.41h3.886c3.889,0,5.588,1.217,4.132,7.531c-0.729,3.648-1.217,7.293-1.948,10.939c-0.971,3.646-1.941,8.993-0.725,10.695
			h22.846l0.242-0.974c-0.971-0.485-1.454-1.216-1.702-2.187c-0.244-0.972,0-4.617,0.977-8.751l1.454-6.072
			c0.974-4.378,1.947-9.479,0.729-12.638c-1.213-3.648-4.862-5.593-8.993-5.836v-0.242c8.025-0.973,14.34-6.081,17.015-17.989
			c2.674-12.396-1.944-19.445-17.012-19.445h-32.568l-16.524,74.378H275.81z M335.116,335.879h37.669l8.022-17.013h-20.414
			l12.881-57.607h-21.632l-16.529,74.619L335.116,335.879z M417.998,335.879h22.358l-1.702-74.378h-27.222l-34.753,74.378h22.359
			l4.616-11.424h14.585l-0.245,11.424H417.998z M419.208,308.415h-9.964l11.911-30.628h0.242L419.208,308.415L419.208,308.415z
			 M484.592,306.957l-1.218-45.457h-23.575l-16.528,74.379h19.687l10.206-45.939h0.244l1.943,45.939h23.094l16.525-74.378h-20.414
			l-9.967,45.456L484.592,306.957z M537.819,276.571h3.16c6.804,0,6.804,3.887,5.104,11.422l-4.862,21.635
			c-1.216,5.589-3.402,11.423-8.749,11.423h-4.376L537.819,276.571L537.819,276.571z M503.065,335.879h31.595
			c22.603,0,27.949-20.903,31.351-37.187c3.893-17.746,3.893-21.637,1.947-27.47c-2.187-6.072-7.535-9.72-17.254-9.72h-31.116
		l-16.524,74.377L503.065,335.879z"></path>
	</symbol>

	
	<symbol viewBox="0 0 55 55" id="icon-vintage-cellars-store-inverse">
		<g id="Page-1" stroke="none" stroke-width="1" fill="none" fill-rule="evenodd">
			<rect id="Rectangle" fill="#00483C" x="0" y="0" width="55" height="55" rx="3"></rect>
			<path d="M13.0056224,23.3662842 L13.0270109,23.3662842 L14.764023,18.0064975 L16.3975953,18.0064975 L13.3674379,26.1742103 L12.4782886,26.1742103 L9.5,18.0064975 L11.1335724,18.0064975 L13.0056224,23.3662842 L13.0056224,23.3662842 Z M16.7318368,26.1806194 L17.7913486,26.1806194 L17.7913486,20.7450415 L16.7318368,20.7450415 L16.7318368,26.1806194 L16.7318368,26.1806194 Z M19.643128,20.6012096 L20.4087906,20.6012096 L23.2696289,24.3993399 L23.2835649,24.3993399 L23.2835649,20.7450415 L24.3444181,20.7450415 L24.3444181,26.2890522 L23.5787556,26.2890522 L20.7177682,22.4895805 L20.7026398,22.4895805 L20.7026398,26.1805448 L19.6430535,26.1805448 L19.6430535,20.6011351 L19.643128,20.6012096 Z M27.6746849,26.1806194 L26.6137572,26.1806194 L26.6137572,21.6671305 L25.517654,21.6671305 L25.517654,20.7450415 L28.7695957,20.7450415 L28.7695957,21.667205 L27.6746849,21.667205 L27.6746849,26.1806194 L27.6746849,26.1806194 Z M31.8336618,22.1931229 L31.8198003,22.1931229 L31.220625,24.1685381 L32.511013,24.1685381 L31.8335873,22.1931974 L31.8336618,22.1931229 Z M30.9179074,25.0339887 L30.4713578,26.1806194 L29.3537171,26.1806194 L31.4729642,20.6012841 L32.2942219,20.6012841 L34.3553401,26.1806194 L33.2251047,26.1806194 L32.8062783,25.0339142 L30.9178328,25.0339142 L30.9179074,25.0339887 Z M40.2019939,23.2893006 L40.2019939,23.4267979 C40.2019939,24.9619982 39.4161353,26.3243022 37.7295762,26.3243022 C36.143923,26.3243022 35.1411242,24.9833867 35.1411242,23.4849269 C35.1411242,21.9345236 36.171795,20.6012096 37.7938907,20.6012096 C38.7172466,20.6012096 39.5245682,21.0692221 39.9433947,21.8979322 L39.0061027,22.4024616 C38.789237,21.9118682 38.3286769,21.538427 37.7649007,21.538427 C36.7419058,21.538427 36.2373764,22.5828104 36.2373764,23.4847778 C36.2373764,24.3854038 36.7495073,25.3870102 37.7737691,25.3870102 C38.4359919,25.3870102 38.9909743,24.8105649 39.0123628,24.1546021 L37.859472,24.1546021 L37.859472,23.2893006 L40.2019939,23.2893006 L40.2019939,23.2893006 Z M42.5798404,21.6671305 L42.5798404,22.8642886 L44.2675173,22.8642886 L44.2675173,23.7863776 L42.5798404,23.7863776 L42.5798404,25.2571889 L44.3319063,25.2571889 L44.3319063,26.1805448 L41.5214464,26.1805448 L41.5214464,20.7450415 L44.3319063,20.7450415 L44.3319063,21.667205 L42.5798404,21.667205 L42.5798404,21.6671305 Z M19.1978454,32.2428773 L19.1978454,33.4400355 L20.8855969,33.4400355 L20.8855969,34.3621245 L19.1976964,34.3621245 L19.1976964,35.8329358 L20.9511038,35.8329358 L20.9511038,36.7562917 L18.1393025,36.7562917 L18.1393025,31.3207883 L20.9511038,31.3207883 L20.9511038,32.2429518 L19.1976964,32.2429518 L19.1978454,32.2428773 Z M23.6532054,35.8330103 L25.1518888,35.8330103 L25.1518888,36.7563662 L22.5936191,36.7563662 L22.5936191,31.3207883 L23.6532054,31.3207883 L23.6532054,35.8329358 L23.6532054,35.8330103 Z M27.4880016,35.8330103 L28.9865359,35.8330103 L28.9865359,36.7563662 L26.4284153,36.7563662 L26.4284153,31.3207883 L27.4881506,31.3207883 L27.4881506,35.8329358 L27.4880016,35.8330103 Z M32.2890052,32.7688697 L32.2738768,32.7688697 L31.6760429,34.7442105 L32.9664309,34.7442105 L32.2890052,32.7688697 Z M31.3732507,35.6097355 L30.9253598,36.7563662 L29.8077191,36.7563662 L31.9282331,31.177031 L32.7494908,31.177031 L34.8118759,36.7563662 L33.6791067,36.7563662 L33.2616216,35.609661 L31.3731762,35.609661 L31.3732507,35.6097355 Z M37.1315933,33.822196 L37.2678237,33.822196 C37.8531375,33.822196 38.2630956,33.6492997 38.2630956,32.9858845 C38.2630956,32.3147933 37.838009,32.1862389 37.2766921,32.1862389 L37.1315933,32.1862389 L37.1315933,33.822196 Z M39.7478429,36.7563662 L38.4650564,36.7563662 L37.1456039,34.5652031 L37.1316679,34.5652031 L37.1316679,36.7563662 L36.0707401,36.7563662 L36.0707401,31.3207883 L37.5063014,31.3207883 C38.5810907,31.3207883 39.3227564,31.7962533 39.3227564,32.9568945 C39.3227564,33.6493742 38.9404468,34.3406615 38.2139841,34.4630303 L39.7476939,36.7563662 L39.7478429,36.7563662 Z M43.591433,32.5178719 C43.3883543,32.2428773 43.1284882,32.069981 42.7765099,32.069981 C42.4372754,32.069981 42.1130947,32.3299217 42.1130947,32.6830923 C42.1130947,33.5989958 44.2689333,33.2166862 44.2689333,35.0407426 C44.2689333,36.128052 43.5915075,36.9001236 42.4815428,36.9001236 C41.7310833,36.9001236 41.1834788,36.4672865 40.8075783,35.8403882 L41.4924565,35.169297 C41.6362884,35.5881235 42.0185979,35.9627571 42.4725999,35.9627571 C42.9053624,35.9627571 43.1727556,35.5956505 43.1727556,35.176824 C43.1727556,34.615507 42.6542901,34.4565467 42.2279367,34.289985 C41.5288989,34.0024703 41.016917,33.6492251 41.016917,32.8054612 C41.016917,31.9047606 41.6879337,31.1768819 42.6037626,31.1768819 C43.0868291,31.1768819 43.7566534,31.4140182 44.0884355,31.7823918 L43.5913585,32.5177974 L43.591433,32.5178719 Z M16.7808738,35.8531319 C16.1767054,36.5217638 15.2950085,36.9935025 13.8973055,36.9935025 C10.9822135,36.9935025 9.5,34.6914473 9.5,32.6289877 C9.5,30.5867241 11.2747959,28.2643238 13.636247,28.2643238 C15.0540715,28.2643238 16.0228127,28.6466333 16.8288674,29.452688 L15.6722505,30.7392753 C15.0691999,30.1855599 14.3854396,30.0391196 13.8317242,30.0391196 C12.5135386,30.0391196 11.3277081,31.2955991 11.3277081,32.6452339 C11.3277081,33.9255612 12.4768726,35.2841389 13.7661428,35.2841389 C14.4800855,35.2841389 15.1511767,35.0683911 15.6405776,34.5512671 L16.7807992,35.8532064 L16.7808738,35.8531319 Z M44.8061789,31.7470672 L44.8831625,31.7470672 C44.9702068,31.7470672 45.0433897,31.7155435 45.0433897,31.6347591 C45.0433897,31.5767792 45.0004637,31.5187248 44.8831625,31.5187248 L44.8061789,31.5187248 L44.8061789,31.7471418 L44.8061789,31.7470672 Z M44.8061789,32.1116401 L44.7003544,32.1116401 L44.7003544,31.453218 C44.7557259,31.4405489 44.8087127,31.4380896 44.8881556,31.4380896 C44.9877946,31.4380896 45.0534505,31.4582111 45.0925012,31.4872756 C45.1315519,31.516191 45.1530894,31.5603094 45.1530894,31.6234315 C45.1530894,31.7104758 45.0951096,31.7633881 45.024386,31.7836587 C45.0823659,31.7961787 45.1215657,31.8478986 45.1341603,31.9450783 C45.1505556,32.0471765 45.1657586,32.0863763 45.1758939,32.1065724 L45.0661196,32.1065724 C45.0509912,32.0864508 45.0345958,32.0258626 45.0219267,31.9388928 C45.0055314,31.8555746 44.9639468,31.8239763 44.8806287,31.8239763 L44.8061044,31.8239763 L44.8061044,32.1115655 L44.8061789,32.1116401 Z M44.9159532,31.2689939 C44.6573539,31.2689939 44.4442144,31.4922687 44.4442144,31.7685302 C44.4442144,32.0485925 44.6573539,32.2693334 44.9196794,32.2693334 C45.1821539,32.2693334 45.3915672,32.0485925 45.3915672,31.7710641 C45.3915672,31.4923432 45.1821539,31.2689939 44.9198284,31.2689939 L44.9159532,31.2689939 L44.9159532,31.2689939 Z M44.9196794,31.1768819 C45.2414007,31.1768819 45.5,31.4405489 45.5,31.7684557 C45.5,32.1015793 45.2414007,32.3613709 44.9159532,32.3613709 C44.5943063,32.3613709 44.3319063,32.1015048 44.3319063,31.7684557 C44.3319063,31.4405489 44.5942318,31.1768819 44.9159532,31.1768819 L44.9196794,31.1768819 L44.9196794,31.1768819 Z" id="Shape" fill="#FFFFFF" fill-rule="nonzero"></path>
		</g>
	</symbol>
    
    <symbol viewBox="0 -0.001 595.28 595.281" id="icon-vintage-cellars-store">
		<path id="Shape" fill="#00483C" d="M59.844,229.821h0.351l28.498-87.933h26.8l-49.713,134H51.192l-48.861-134h26.8L59.844,229.821
		L59.844,229.821z M120.977,275.994h17.382v-89.177h-17.382V275.994L120.977,275.994z M168.739,184.458H181.3l46.936,62.313h0.229
		v-59.953h17.404v90.956h-12.562l-46.938-62.334h-0.248v60.554h-17.384v-91.537L168.739,184.458z M300.505,275.994H283.1v-74.049
		h-17.982v-15.128h53.353v15.129h-17.965V275.994L300.505,275.994z M368.738,210.574h-0.229l-9.829,32.41h21.171l-11.113-32.408
		V210.574z M353.715,257.182l-7.327,18.812h-18.335l34.766-91.535h13.474l33.815,91.535h-18.542l-6.871-18.813h-30.982
		L353.715,257.182z M506.028,228.558v2.256c0,25.187-12.891,47.537-40.563,47.537c-26.012,0-42.464-21.999-42.464-46.583
		c0-25.437,16.908-47.311,43.521-47.311c15.149,0,28.393,7.678,35.264,21.274l-15.377,8.277
		c-3.556-8.049-11.114-14.176-20.363-14.176c-16.783,0-25.062,17.134-25.062,31.932c0,14.776,8.402,31.208,25.207,31.208
		c10.865,0,19.972-9.457,20.321-20.218h-18.915v-14.197H506.028L506.028,228.558z M545.04,201.945v19.641h27.69v15.127h-27.69v24.13
		h28.744v15.148h-46.107v-89.175h46.107v15.129H545.04V201.945z M161.434,375.452v19.641h27.689v15.127h-27.692v24.131h28.767v15.148
		h-46.13v-89.175h46.13v15.128h-28.767H161.434z M234.529,434.351h24.587v15.147h-41.971v-89.175h17.384V434.351L234.529,434.351z
		 M297.443,434.351h24.586v15.147h-41.97v-89.175h17.386v74.026L297.443,434.351z M376.207,384.081h-0.245l-9.809,32.408h21.168
		L376.207,384.081z M361.185,430.687l-7.349,18.812h-18.338l34.79-91.534h13.474l33.837,91.534h-18.584l-6.851-18.812h-30.982
		H361.185z M455.657,401.362h2.235c9.602,0,16.327-2.837,16.327-13.721c0-11.011-6.975-13.119-16.182-13.119h-2.381V401.362z
		 M498.58,449.499h-21.047l-21.647-35.947h-0.229v35.947h-17.405v-89.175h23.552c17.633,0,29.801,7.801,29.801,26.842
		c0,11.361-6.271,22.702-18.189,24.71l25.162,37.623H498.58z M561.636,379.962c-3.33-4.511-7.594-7.348-13.37-7.348
		c-5.565,0-10.883,4.265-10.883,10.059c0,15.027,35.367,8.754,35.367,38.68c0,17.839-11.114,30.506-29.321,30.506
		c-12.313,0-21.299-7.103-27.466-17.388l11.238-11.009c2.36,6.871,8.631,13.018,16.079,13.018c7.1,0,11.487-6.023,11.487-12.895
		c0-9.208-8.506-11.816-15.502-14.549c-11.469-4.718-19.868-10.513-19.868-24.356c0-14.776,11.011-26.718,26.035-26.718
		c7.926,0,18.915,3.891,24.356,9.935L561.636,379.962L561.636,379.962z M121.781,434.681c-9.912,10.969-24.377,18.708-47.309,18.708
		c-47.825,0-72.142-37.767-72.142-71.604c0-33.505,29.118-71.605,67.859-71.605c23.261,0,39.154,6.271,52.378,19.496l-18.976,21.107
		c-9.894-9.084-21.112-11.486-30.196-11.486c-21.626,0-41.081,20.612-41.081,42.755c0,21.005,18.853,43.295,40.004,43.295
		c11.713,0,22.723-3.54,30.752-12.022l18.707,21.359L121.781,434.681z M581.567,367.316h1.262c1.43,0,2.629-0.517,2.629-1.841
		c0-0.952-0.705-1.904-2.629-1.904h-1.262v3.747V367.316z M581.567,373.298h-1.737v-10.802c0.908-0.209,1.779-0.249,3.082-0.249
		c1.634,0,2.712,0.33,3.351,0.807c0.643,0.476,0.995,1.198,0.995,2.234c0,1.429-0.95,2.297-2.111,2.629
		c0.951,0.204,1.593,1.054,1.801,2.648c0.27,1.674,0.518,2.317,0.684,2.647h-1.8c-0.249-0.328-0.519-1.323-0.726-2.75
		c-0.27-1.366-0.95-1.886-2.318-1.886h-1.223v4.719L581.567,373.298z M583.367,359.474c-4.242,0-7.738,3.662-7.738,8.194
		c0,4.595,3.496,8.216,7.801,8.216s7.739-3.621,7.739-8.174c0-4.571-3.435-8.236-7.739-8.236H583.367L583.367,359.474z
		 M583.429,357.962c5.275,0,9.519,4.325,9.519,9.706c0,5.466-4.243,9.726-9.581,9.726c-5.278,0-9.583-4.263-9.583-9.726
		c0-5.381,4.305-9.706,9.583-9.706H583.429L583.429,357.962z"></path>
	</symbol>

    <!-- My Account Icons -->
    <symbol viewBox="0 0 19 24" id="icon-lists">
        <path d="M18.295,23.302 C17.845,23.747 17.245,23.992 16.607,23.992 L2.416,23.992 C1.087,23.992 0.006,22.925 0.006,21.614 L0.006,2.047 C0.006,1.730 0.267,1.473 0.588,1.473 L3.165,1.473 L3.165,0.572 C3.165,0.255 3.425,-0.003 3.747,-0.003 C4.068,-0.003 4.328,0.255 4.328,0.572 L4.328,1.473 L6.058,1.473 L6.058,0.572 C6.058,0.255 6.319,-0.003 6.640,-0.003 C6.961,-0.003 7.222,0.255 7.222,0.572 L7.222,1.473 L8.952,1.473 L8.952,0.572 C8.952,0.255 9.212,-0.003 9.533,-0.003 C9.855,-0.003 10.115,0.255 10.115,0.572 L10.115,1.473 L11.845,1.473 L11.845,0.572 C11.845,0.255 12.106,-0.003 12.427,-0.003 C12.748,-0.003 13.009,0.255 13.009,0.572 L13.009,1.473 L14.738,1.473 L14.738,0.572 C14.738,0.255 14.999,-0.003 15.320,-0.003 C15.641,-0.003 15.902,0.255 15.902,0.572 L15.902,1.473 L18.412,1.473 C18.733,1.473 18.993,1.730 18.993,2.047 L18.994,21.636 C18.994,22.257 18.739,22.865 18.295,23.302 ZM17.830,2.621 L15.902,2.621 L15.902,3.700 C15.902,4.017 15.641,4.274 15.320,4.274 C14.999,4.274 14.738,4.017 14.738,3.700 L14.738,2.621 L13.009,2.621 L13.009,3.700 C13.009,4.017 12.748,4.274 12.427,4.274 C12.106,4.274 11.845,4.017 11.845,3.700 L11.845,2.621 L10.115,2.621 L10.115,3.700 C10.115,4.017 9.855,4.274 9.533,4.274 C9.212,4.274 8.952,4.017 8.952,3.700 L8.952,2.621 L7.222,2.621 L7.222,3.700 C7.222,4.017 6.961,4.274 6.640,4.274 C6.319,4.274 6.058,4.017 6.058,3.700 L6.058,2.621 L4.328,2.621 L4.328,3.700 C4.328,4.017 4.068,4.274 3.747,4.274 C3.425,4.274 3.165,4.017 3.165,3.700 L3.165,2.621 L1.170,2.621 L1.170,21.614 C1.170,22.292 1.729,22.844 2.416,22.844 L16.607,22.844 C16.930,22.844 17.245,22.715 17.473,22.490 C17.700,22.266 17.831,21.955 17.831,21.636 L17.830,2.621 ZM9.912,16.926 C9.858,16.978 9.794,17.020 9.723,17.049 C9.651,17.079 9.576,17.094 9.500,17.094 C9.424,17.094 9.349,17.079 9.278,17.049 C9.207,17.020 9.142,16.978 9.089,16.926 L5.866,13.745 C5.638,13.520 5.638,13.157 5.866,12.933 C6.093,12.708 6.461,12.708 6.688,12.933 L8.918,15.134 L8.918,9.692 C8.918,9.375 9.179,9.118 9.500,9.118 C9.821,9.118 10.082,9.375 10.082,9.692 L10.082,15.134 L12.313,12.933 C12.540,12.708 12.908,12.708 13.135,12.933 C13.362,13.157 13.362,13.520 13.135,13.745 L9.912,16.926 Z"></path>
    </symbol>
    
    <symbol viewBox="0 0 100 123" width="100%" height="100%" id="icon-listsuccess">
        <g id="Prod-Association-scrapbook" stroke="none" stroke-width="1" fill="none" fill-rule="evenodd">
        <g id="add-to-list">
            <g id="List_created_1_" transform="translate(10.309278, 0.000000)">
                <g id="Rectangle_1" transform="translate(6.061468, 69.854896)" fill="#DCDCDC" fill-rule="nonzero">
                    <rect id="Rectangle" x="0.726060897" y="0.646556644" width="56.8928314" height="4.04097903"></rect>
                </g>
                <g id="Rectangle_1_copy_2" transform="translate(6.061468, 80.630840)" fill="#DCDCDC" fill-rule="nonzero">
                    <rect id="Rectangle" x="0.728397376" y="0.646556644" width="43.4864105" height="2.69398602"></rect>
                </g>
                <path d="M89.029503,118.691636 C89.029503,120.800354 87.3201689,122.509688 85.2114513,122.509688 L4.45315889,122.509688 C2.34444133,122.509688 0.635107204,120.800354 0.635107204,118.691636 L0.635107204,4.42487204 C0.635107204,2.31615448 2.34444133,0.606820351 4.45315889,0.606820351 L85.2114513,0.606820351 C87.3201689,0.606820351 89.029503,2.31615448 89.029503,4.42487204 L89.029503,118.691636 L89.029503,118.691636 Z" id="Path" stroke="#E2E2E2" stroke-width="0.673496505"></path>
                <g id="Small_down_arrow" transform="translate(74.758112, 109.106434)" fill="#282826" fill-rule="nonzero">
                    <polygon id="Path" points="0.360994127 0.647903638 2.7175584 3.33986916 5.07412267 0.647903638"></polygon>
                </g>
                <g id="Rectangle_1_copy" transform="translate(6.061468, 64.466924)" fill="#DCDCDC" fill-rule="nonzero">
                    <rect id="Rectangle" x="0.728397376" y="0.646556644" width="43.4864105" height="2.69398602"></rect>
                </g>
                <path d="M69.7547065,116.44822 L21.7653656,116.44822 C20.9422794,116.44822 20.2748696,115.592878 20.2748696,114.538857 L20.2748696,107.076515 C20.2748696,106.022494 20.9422794,105.167153 21.7653656,105.167153 L69.7547065,105.167153 L69.7547065,116.44822 Z" id="Path" stroke="#E2E2E2" stroke-width="0.673496505"></path>
                <g id="Add-to-List" transform="translate(6.084067, 105.070439)">
                    <circle id="Oval" stroke="#D4D4D4" stroke-width="0.6" cx="5.9200736" cy="5.9200736" r="5.9200736"></circle>
                    <g id="icon-add-to-list" transform="translate(2.767129, 3.162433)" fill="#4C4C4C">
                        <path d="M0.395304075,0 L5.13895297,6.66133815e-16 C5.35727338,2.38214049e-16 5.53425704,0.176983663 5.53425704,0.395304075 L5.53425704,0.395304075 C5.53425704,0.613624486 5.35727338,0.790608149 5.13895297,0.790608149 L0.395304075,0.790608149 C0.176983663,0.790608149 2.67365394e-17,0.613624486 0,0.395304075 L0,0.395304075 C-2.67365394e-17,0.176983663 0.176983663,4.0104809e-17 0.395304075,0 Z" id="Rectangle-15"></path>
                        <path d="M0.395304075,2.17417241 L3.1624326,2.17417241 C3.38075301,2.17417241 3.55773667,2.35115607 3.55773667,2.56947648 L3.55773667,2.56947648 C3.55773667,2.7877969 3.38075301,2.96478056 3.1624326,2.96478056 L0.395304075,2.96478056 C0.176983663,2.96478056 2.67365394e-17,2.7877969 0,2.56947648 L0,2.56947648 C-2.67365394e-17,2.35115607 0.176983663,2.17417241 0.395304075,2.17417241 Z" id="Rectangle-15"></path>
                        <path d="M0.395304075,4.34834482 L2.37182445,4.34834482 C2.59014486,4.34834482 2.76712852,4.52532848 2.76712852,4.74364889 L2.76712852,4.74364889 C2.76712852,4.96196931 2.59014486,5.13895297 2.37182445,5.13895297 L0.395304075,5.13895297 C0.176983663,5.13895297 2.67365394e-17,4.96196931 0,4.74364889 L0,4.74364889 C-2.67365394e-17,4.52532848 0.176983663,4.34834482 0.395304075,4.34834482 Z" id="Rectangle-15"></path>
                        <path d="M3.95304075,4.34834482 L5.92956112,4.34834482 C6.14788153,4.34834482 6.32486519,4.52532848 6.32486519,4.74364889 L6.32486519,4.74364889 C6.32486519,4.96196931 6.14788153,5.13895297 5.92956112,5.13895297 L3.95304075,5.13895297 C3.73472033,5.13895297 3.55773667,4.96196931 3.55773667,4.74364889 L3.55773667,4.74364889 C3.55773667,4.52532848 3.73472033,4.34834482 3.95304075,4.34834482 Z" id="Rectangle-15-Copy"></path>
                        <path d="M3.95304075,4.34834482 L5.92956112,4.34834482 C6.14788153,4.34834482 6.32486519,4.52532848 6.32486519,4.74364889 L6.32486519,4.74364889 C6.32486519,4.96196931 6.14788153,5.13895297 5.92956112,5.13895297 L3.95304075,5.13895297 C3.73472033,5.13895297 3.55773667,4.96196931 3.55773667,4.74364889 L3.55773667,4.74364889 C3.55773667,4.52532848 3.73472033,4.34834482 3.95304075,4.34834482 Z" id="Rectangle-15-Copy" transform="translate(4.941301, 4.743649) rotate(90.000000) translate(-4.941301, -4.743649) "></path>
                    </g>
                </g>
                <path d="M71.3872621,105.167153 L81.6553898,105.167153 C82.7087382,105.167153 83.5640789,106.022494 83.5640789,107.076515 L83.5640789,114.538857 C83.5640789,115.592878 82.7087382,116.44822 81.6553898,116.44822 L71.3872621,116.44822 L71.3872621,105.167153 L71.3872621,105.167153 Z" id="Path" stroke="#E2E2E2" stroke-width="0.673496505"></path>
            </g>
            <path d="M25.4310099,99.0217255 L22.3542468,102.098489 L19.2774836,99.0217255 L2.63033858,99.0217255 C1.57631655,99.0217255 0.721649485,98.1670584 0.721649485,97.1130364 L0.721649485,75.0014726 C0.721649485,73.9474506 1.57631655,73.0927835 2.63033858,73.0927835 L78.4532486,73.0927835 C79.5072706,73.0927835 80.3626112,73.9474506 80.3626112,75.0014726 L80.3626112,97.1130364 C80.3626112,98.1670584 79.5072706,99.0217255 78.4532486,99.0217255 L25.4310099,99.0217255 Z" id="Combined-Shape" stroke="#5C5C5C" stroke-width="0.673496505" fill="#FFFFFF" fill-rule="nonzero"></path>
            <g id="Lists_3_" transform="translate(13.860893, 82.275255)" fill="#5C5C5C" fill-rule="nonzero">
                <g id="Group">
                    <path d="M2.20627577,5.22041237 L1.81720361,6.77123711 L0.545489691,6.77123711 L2.20627577,0.729587629 L3.82697165,0.729587629 L5.52916237,6.77123711 L4.19238402,6.77123711 L3.77045103,5.22041237 L2.20627577,5.22041237 Z M3.59168814,4.1985567 L3.25125,2.91690722 C3.15463918,2.55824742 3.05671392,2.11010309 2.97587629,1.7514433 L2.95944588,1.7514433 C2.87860825,2.11010309 2.79777062,2.56690722 2.70838918,2.91690722 L2.38438144,4.1985567 L3.59168814,4.1985567 Z" id="Shape"></path>
                    <path d="M6.25078608,0.819793814 C6.70426546,0.738969072 7.29641753,0.684845361 7.91157216,0.684845361 C8.95720361,0.684845361 9.6380799,0.899896907 10.1566237,1.33 C10.7231443,1.79618557 11.0800129,2.54020619 11.0800129,3.60680412 C11.0800129,4.7628866 10.6988273,5.56103093 10.1802835,6.05391753 C9.60521907,6.5828866 8.7219201,6.83402062 7.65197165,6.83402062 C7.01184278,6.83402062 6.54981959,6.78927835 6.25012887,6.74453608 L6.25012887,0.819793814 L6.25078608,0.819793814 Z M7.48240979,5.74072165 C7.58756443,5.76742268 7.76632732,5.76742268 7.91157216,5.76742268 C9.03804124,5.77608247 9.77543814,5.09484536 9.77543814,3.65226804 C9.77543814,2.39731959 9.11099227,1.73412371 8.04104381,1.73412371 C7.77421392,1.73412371 7.58756443,1.76082474 7.48175258,1.78824742 L7.48175258,5.74072165 L7.48240979,5.74072165 Z" id="Shape"></path>
                    <path d="M11.8916753,0.819793814 C12.3451546,0.738969072 12.9373067,0.684845361 13.5524613,0.684845361 C14.5980928,0.684845361 15.2783119,0.899896907 15.7968557,1.33 C16.3640335,1.79618557 16.7209021,2.54020619 16.7209021,3.60680412 C16.7209021,4.7628866 16.3397165,5.56103093 15.8211727,6.05391753 C15.2461082,6.5828866 14.3628093,6.83402062 13.2928608,6.83402062 C12.652732,6.83402062 12.1907088,6.78927835 11.891018,6.74453608 L11.891018,0.819793814 L11.8916753,0.819793814 Z M13.123299,5.74072165 C13.2284536,5.76742268 13.4072165,5.76742268 13.5524613,5.76742268 C14.6789304,5.77608247 15.4163273,5.09484536 15.4163273,3.65226804 C15.4163273,2.39731959 14.7518814,1.73412371 13.681933,1.73412371 C13.4151031,1.73412371 13.2284536,1.76082474 13.1226418,1.78824742 L13.1226418,5.74072165 L13.123299,5.74072165 Z" id="Shape"></path>
                    <polygon id="Path" points="19.9156314 1.87701031 18.4408376 1.87701031 18.4408376 0.729587629 22.6384794 0.729587629 22.6384794 1.87701031 21.1472552 1.87701031 21.1472552 6.77123711 19.9156314 6.77123711"></polygon>
                    <path d="M28.0598582,3.68762887 C28.0598582,5.67721649 26.9820232,6.86938144 25.3777577,6.86938144 C23.7656057,6.86938144 22.8093557,5.51628866 22.8093557,3.7857732 C22.8093557,1.97515464 23.8628737,0.622061856 25.4671392,0.622061856 C27.1436985,0.622061856 28.0598582,2.01195876 28.0598582,3.68762887 Z M24.1139304,3.75907216 C24.1139304,4.95123711 24.6160438,5.78474227 25.4421649,5.78474227 C26.2768299,5.78474227 26.7546263,4.90649485 26.7546263,3.73237113 C26.7546263,2.63835052 26.2932603,1.70670103 25.4421649,1.70670103 C24.5996134,1.70670103 24.1139304,2.5856701 24.1139304,3.75907216 Z" id="Shape"></path>
                    <path d="M31.7803608,5.22041237 L31.3912887,6.77123711 L30.1189175,6.77123711 L31.7797036,0.729587629 L33.4003995,0.729587629 L35.1025902,6.77123711 L33.7651546,6.77123711 L33.3438789,5.22041237 L31.7803608,5.22041237 Z M33.1657732,4.1985567 L32.8253351,2.91690722 C32.728067,2.55824742 32.630799,2.11010309 32.5499613,1.7514433 L32.5341881,1.7514433 C32.4526933,2.11010309 32.3718557,2.56690722 32.2824742,2.91690722 L31.9584665,4.1985567 L33.1657732,4.1985567 Z" id="Shape"></path>
                    <polygon id="Path" points="37.4705412 0.729587629 38.7021649 0.729587629 38.7021649 5.62381443 40.8736082 5.62381443 40.8736082 6.77123711 37.4705412 6.77123711"></polygon>
                    <polygon id="Path" points="42.8439433 0.729587629 42.8439433 6.77123711 41.6123196 6.77123711 41.6123196 0.729587629"></polygon>
                    <path d="M43.953982,5.36402062 C44.2779897,5.55237113 44.7965335,5.74072165 45.3236211,5.74072165 C45.890799,5.74072165 46.1904897,5.48092784 46.1904897,5.08618557 C46.1904897,4.70948454 45.9308892,4.49443299 45.2743299,4.24402062 C44.3667139,3.88536082 43.7673325,3.32969072 43.7673325,2.4514433 C43.7673325,1.42092784 44.5533634,0.640824742 45.8336211,0.640824742 C46.4573196,0.640824742 46.9035696,0.775051546 47.2275773,0.945360825 L46.9522036,2.03865979 C46.7412371,1.92175258 46.3442784,1.75216495 45.8171907,1.75216495 C45.2828737,1.75216495 45.0232732,2.03 45.0232732,2.33453608 C45.0232732,2.71989691 45.3229639,2.89092784 46.0360438,3.18608247 C47.0001804,3.58010309 47.4464304,4.1357732 47.4464304,4.98804124 C47.4464304,6.00051546 46.7491237,6.8614433 45.2500129,6.8614433 C44.6263144,6.8614433 44.0105026,6.67309278 43.7029253,6.48546392 L43.953982,5.36402062 Z" id="Path"></path>
                    <polygon id="Path" points="49.351701 1.87701031 47.8769072 1.87701031 47.8769072 0.729587629 52.074549 0.729587629 52.074549 1.87701031 50.5833247 1.87701031 50.5833247 6.77123711 49.351701 6.77123711"></polygon>
                </g>
            </g>
        </g>
    </g>
    </symbol>
    
    <symbol viewBox="0 -11.016 89.151 63.984" id="icon-emailsuccess">
        <path fill="#7A7A7A" d="M74.306,43.917c0,2.965-2.397,5.377-5.344,5.377H8.994c-2.947,0-5.346-2.412-5.346-5.377V9.052
            c0-0.548,0.106-1.067,0.257-1.565l34.419,26.609c0.192,0.15,0.424,0.225,0.653,0.225s0.458-0.074,0.65-0.223L63.87,15.537
            c-0.534-0.489-1.042-1.005-1.501-1.566L38.981,31.878L4.954,5.57c0.98-1.15,2.419-1.896,4.04-1.896h50.032
            c0.068-1.275,0.278-2.513,0.646-3.684H8.994c-4.968,0-9.009,4.064-9.009,9.062v34.865c0,4.997,4.041,9.062,9.009,9.062h59.968
            c4.966,0,9.007-4.064,9.007-9.062V18.932c-1.171,0.322-2.396,0.509-3.663,0.536V43.917z"></path>
        <path fill="#00A828" d="M73.985-10.515c-8.284,0-14.999,6.715-14.999,14.999S65.7,19.483,73.985,19.483s14.999-6.715,14.999-14.999
            S82.269-10.515,73.985-10.515z M80.987,2.1l-8.284,8.328c-0.294,0.313-0.692,0.488-1.108,0.488c-0.418,0-0.815-0.176-1.109-0.488
            l-3.707-3.551c-0.613-0.65-0.613-1.703,0-2.354c0.613-0.651,1.605-0.651,2.219,0l2.598,2.374l7.175-7.152
            c0.612-0.65,1.606-0.65,2.218,0C81.6,0.396,81.6,1.449,80.987,2.1z"></path>
	</symbol>
	
	<symbol viewBox="0 0 61 96" id="icon-mobile-success">
		<g transform="translate(-.5 -.056)" fill="none" fill-rule="evenodd">
			<rect fill="#E3F9FF" fill-rule="nonzero" x="4.2" y="3.803" width="53.06" height="88.724" rx="4"></rect>
			<path d="M8.716.324h44.02a8 8 0 0 1 8 8v79.683a8 8 0 0 1-8 8H8.716a8 8 0 0 1-8-8V8.324a8 8 0 0 1 8-8zM8.2 3.804a4 4 0 0 0-4 4v80.723a4 4 0 0 0 4 4h45.06a4 4 0 0 0 4-4V7.803a4 4 0 0 0-4-4H8.2zm22.86 84.92a3.48 3.48 0 1 1 0-6.959 3.48 3.48 0 0 1 0 6.96zm-5.988-77.85a1.74 1.74 0 0 1 0-3.48h11.09a1.74 1.74 0 1 1 0 3.48h-11.09z" fill="#5C5C5C" fill-rule="nonzero"></path>
			<g transform="translate(9.73 24.26)">
			<circle fill="#008A23" fill-rule="nonzero" cx="20.537" cy="20.955" r="20.516"></circle>
			<path d="M31.423 12.77a2.306 2.306 0 0 0-3.399 0L17.03 23.727l-3.98-3.637a2.306 2.306 0 0 0-3.399 0c-.94.996-.94 2.61 0 3.607l5.68 5.442c.45.478 1.06.748 1.7.748.637 0 1.248-.27 1.699-.748l12.693-12.762c.939-.997.939-2.612 0-3.607z" fill="#FFF"></path>
			</g>
		</g>
	</symbol>

	<symbol viewBox="0 0 105 107" id="icon-mobile-ring">
		<g transform="rotate(20 37.24 47.965)" fill-rule="nonzero" fill="none">
			<rect fill="#E3F9FF" x="26.2" y="3.803" width="53.06" height="88.724" rx="4"></rect>
			<path d="M30.716.324h44.02a8 8 0 0 1 8 8v79.683a8 8 0 0 1-8 8h-44.02a8 8 0 0 1-8-8V8.324a8 8 0 0 1 8-8zm-.516 3.48a4 4 0 0 0-4 4v80.723a4 4 0 0 0 4 4h45.06a4 4 0 0 0 4-4V7.803a4 4 0 0 0-4-4H30.2zm22.86 84.92a3.48 3.48 0 1 1 0-6.959 3.48 3.48 0 0 1 0 6.96zm-5.988-77.85a1.74 1.74 0 0 1 0-3.48h11.09a1.74 1.74 0 1 1 0 3.48h-11.09z" fill="#5C5C5C"></path>
			<path d="M45.518 47.323c.278 2.454 6.147 7.464 17.513 13.903a2.513 2.513 0 0 1-2.476 4.372c-13.563-7.682-20.22-13.483-20.07-18.64.078-2.703 2.004-4.2 4.898-4.85 1.672-.375 3.202-.478 6.875-.58l.398-.01c5.385-.151 7.289-.642 7.289-1.04 0-2.952-6.085-8.58-18.237-15.84a2.513 2.513 0 1 1 2.577-4.314C58.081 28.567 64.97 34.938 64.97 40.479c0 2.866-1.939 4.585-4.926 5.356-1.79.462-3.596.604-7.247.706l-.4.01c-3.307.092-4.686.185-5.913.46-.446.1-.77.212-.966.312z" fill="#FFF" opacity=".6"></path>
			<path d="M88.12 38.732a2.175 2.175 0 1 1 3.818-2.082c1.908 3.5 2.875 7.045 2.875 10.613 0 3.567-.967 7.112-2.875 10.612a2.175 2.175 0 1 1-3.818-2.082c1.57-2.882 2.344-5.717 2.344-8.53 0-2.814-.773-5.65-2.344-8.53z" fill="#5C5C5C"></path>
			<path d="M94.372 27.483a2.175 2.175 0 0 1 3.491-2.594c5.484 7.381 8.258 14.85 8.258 22.374 0 7.522-2.774 14.992-8.258 22.373a2.175 2.175 0 1 1-3.49-2.594c4.954-6.67 7.399-13.251 7.399-19.78 0-6.528-2.445-13.11-7.4-19.78zM18.001 38.732a2.175 2.175 0 1 0-3.818-2.082c-1.908 3.5-2.875 7.045-2.875 10.613 0 3.567.967 7.112 2.875 10.612A2.175 2.175 0 1 0 18 55.793c-1.57-2.882-2.344-5.717-2.344-8.53 0-2.814.773-5.65 2.344-8.53z" fill="#5C5C5C"></path>
			<path d="M11.749 27.483a2.175 2.175 0 0 0-3.491-2.594C2.774 32.27 0 39.74 0 47.263c0 7.522 2.774 14.992 8.258 22.373a2.175 2.175 0 1 0 3.49-2.594c-4.954-6.67-7.399-13.251-7.399-19.78 0-6.528 2.445-13.11 7.4-19.78z" fill="#5C5C5C"></path>
		</g>
	</symbol>
    
    <!-- Lists Icons -->
    <symbol viewBox="0 0 91 95" id="icon-mylists">
        <path d="M87.924,36.114 L74.220,50.484 C74.254,50.640 74.315,50.787 74.315,50.954 L74.315,85.575 C74.315,90.768 70.085,94.991 64.884,94.991 L9.432,94.991 C4.232,94.991 0.001,90.768 0.001,85.575 L0.001,8.110 C0.001,6.855 1.021,5.837 2.278,5.837 L12.361,5.837 L12.361,2.268 C12.361,1.012 13.382,-0.005 14.639,-0.005 C15.896,-0.005 16.916,1.012 16.916,2.268 L16.916,5.837 L23.686,5.837 L23.686,2.268 C23.686,1.012 24.706,-0.005 25.963,-0.005 C27.221,-0.005 28.241,1.012 28.241,2.268 L28.241,5.837 L35.012,5.837 L35.012,2.268 C35.012,1.012 36.032,-0.005 37.289,-0.005 C38.546,-0.005 39.566,1.012 39.566,2.268 L39.566,5.837 L46.337,5.837 L46.337,2.268 C46.337,1.012 47.356,-0.005 48.614,-0.005 C49.871,-0.005 50.891,1.012 50.891,2.268 L50.891,5.837 L57.662,5.837 L57.662,2.268 C57.662,1.012 58.682,-0.005 59.938,-0.005 C61.196,-0.005 62.216,1.012 62.216,2.268 L62.216,5.837 L72.039,5.837 C73.295,5.837 74.315,6.855 74.315,8.110 L74.315,20.363 C78.452,17.374 84.228,17.695 87.924,21.358 C89.904,23.320 90.995,25.940 90.995,28.734 C90.995,31.529 89.904,34.150 87.924,36.114 ZM69.761,23.925 L69.761,10.384 L62.216,10.384 L62.216,14.654 C62.216,15.909 61.196,16.927 59.938,16.927 C58.682,16.927 57.662,15.909 57.662,14.654 L57.662,10.384 L50.891,10.384 L50.891,14.654 C50.891,15.909 49.871,16.927 48.614,16.927 C47.356,16.927 46.337,15.909 46.337,14.654 L46.337,10.384 L39.566,10.384 L39.566,14.654 C39.566,15.909 38.546,16.927 37.289,16.927 C36.032,16.927 35.012,15.909 35.012,14.654 L35.012,10.384 L28.241,10.384 L28.241,14.654 C28.241,15.909 27.221,16.927 25.963,16.927 C24.706,16.927 23.686,15.909 23.686,14.654 L23.686,10.384 L16.916,10.384 L16.916,14.654 C16.916,15.909 15.896,16.927 14.639,16.927 C13.382,16.927 12.361,15.909 12.361,14.654 L12.361,10.384 L4.555,10.384 L4.555,85.575 C4.555,88.261 6.743,90.445 9.432,90.445 L64.884,90.445 C67.573,90.445 69.761,88.261 69.761,85.575 L69.761,55.160 L57.632,67.878 C57.353,68.171 57.003,68.383 56.615,68.496 L40.204,73.217 C39.997,73.276 39.784,73.306 39.573,73.306 C38.977,73.306 38.393,73.071 37.960,72.638 C37.373,72.048 37.154,71.190 37.388,70.394 L42.161,54.142 C42.262,53.794 42.446,53.476 42.698,53.214 L69.913,24.675 C69.829,24.438 69.761,24.191 69.761,23.925 ZM53.222,64.739 L45.920,57.505 L42.923,67.703 L53.222,64.739 ZM84.716,24.584 C82.392,22.282 78.608,22.282 76.284,24.584 L46.534,55.784 L54.938,64.109 L84.672,32.934 C85.828,31.784 86.442,30.308 86.442,28.735 C86.442,27.161 85.828,25.687 84.716,24.584 Z" class="cls-1"></path>
    </symbol>
	
	<symbol viewBox="0 0 31 31" id="icon-list-tab">
		<g transform="translate(2.57 2.5)" stroke="#FFF" stroke-width="2" fill="none" fill-rule="evenodd">
			<circle fill="#454543" cx="13" cy="13" r="14"></circle>
			<path stroke-linecap="round" stroke-linejoin="round" d="M13 6.01l2.163 4.601 4.837.742-3.5 3.58.826 5.058L13 17.6l-4.326 2.39.826-5.057-3.5-3.58 4.837-.742z"></path>
		</g>
	</symbol>

	<symbol viewBox="0 0 41.46 36.43" id="coo-logo">	
		<path class="cls-3" d="M84.15,78a.82.82,0,0,1-1,.19,3.73,3.73,0,0,0-1.76-.44A3.6,3.6,0,0,0,78.54,79l-3.87,4.86a.87.87,0,0,1-.58.27.68.68,0,0,1-.56-.24.75.75,0,0,1-.2-.51.86.86,0,0,1,.12-.43L76,78.61A5.45,5.45,0,0,1,80.7,75.7L80,73.07a.73.73,0,0,1,.23-.88.69.69,0,0,1,1,.22l3,4.63a.87.87,0,0,1-.09,1m7.72,9L72.74,53.95a1.64,1.64,0,0,0-2.88,0L56.39,77.45c4.26.24,6.32-1.67,8.31-3.53,1.77-1.65,3.6-3.35,6.65-3.35,3.94,0,6,3.66,6,3.83a1.12,1.12,0,0,1-2,1c-.12-.21-1.6-2.6-4-2.6-2.17,0-3.47,1.21-5.12,2.75A12.63,12.63,0,0,1,55.5,79l-4.64,8.09a1.64,1.64,0,0,0,1.43,2.45H71.57L69,85.94a2.72,2.72,0,0,1,.09-3.16l2.8-4.49a1.12,1.12,0,1,1,1.9,1.19L71,84c-.2.31-.26.42-.06.74.53.85,3.12,4.69,3.17,4.77H90.47a1.64,1.64,0,0,0,1.4-2.5" transform="translate(-50.65 -53.1)"></path>
		<path class="cls-4" d="M81.19,72.4a.69.69,0,0,0-1-.22.73.73,0,0,0-.23.88l.73,2.63A5.44,5.44,0,0,0,76,78.61l-2.55,4.33a.86.86,0,0,0-.12.43.75.75,0,0,0,.2.51.68.68,0,0,0,.56.24.87.87,0,0,0,.58-.27L78.54,79a3.6,3.6,0,0,1,2.82-1.24,3.73,3.73,0,0,1,1.76.44.82.82,0,0,0,1-.19.87.87,0,0,0,.09-1l-3-4.63" transform="translate(-50.65 -53.1)"></path>
		<path class="cls-4" d="M66.22,75.57c1.65-1.54,3-2.75,5.12-2.75,2.43,0,3.92,2.39,4,2.6a1.12,1.12,0,0,0,2-1c-.08-.17-2.1-3.83-6-3.83-3.05,0-4.88,1.7-6.65,3.35-2,1.85-4,3.76-8.31,3.53L55.5,79a12.63,12.63,0,0,0,10.72-3.43" transform="translate(-50.65 -53.1)"></path>
		<path class="cls-4" d="M71,84l2.83-4.54a1.12,1.12,0,0,0-.36-1.54,1.12,1.12,0,0,0-1.54.36l-2.8,4.49A2.72,2.72,0,0,0,69,85.94l2.54,3.59H74.1c-.05-.08-2.64-3.92-3.17-4.77-.2-.32-.15-.43.06-.74" transform="translate(-50.65 -53.1)"></path>
	</symbol>	
	
	<symbol viewBox="0 0 42.33 12.33" id="barchart-0">		
		<path class="cls-5" d="M49.5,44.83a1.25,1.25,0,0,1,1.25,1.25h0v8.5a1.25,1.25,0,0,1-1.25,1.25H11a1.25,1.25,0,0,1-1.25-1.25v-8.5A1.25,1.25,0,0,1,11,44.83Z" transform="translate(-9.09 -44.17)"></path>
		<line class="cls-5" x1="8.86" y1="11.66" x2="8.86" y2="7.26"></line>
		<line class="cls-5" x1="17.06" y1="11.66" x2="17.06" y2="7.26"></line>
		<line class="cls-5" x1="25.26" y1="11.66" x2="25.26" y2="7.26"></line>
		<line class="cls-5" x1="33.46" y1="11.66" x2="33.46" y2="7.26"></line>
	</symbol>
	
	<symbol viewBox="0 0 42.33 12.33" id="barchart-5">		
		<rect class="cls-4" x="0.66" y="0.66" width="4.1" height="11"></rect>
		<path class="cls-5" d="M49.5,44.83a1.25,1.25,0,0,1,1.25,1.25h0v8.5a1.25,1.25,0,0,1-1.25,1.25H11a1.25,1.25,0,0,1-1.25-1.25v-8.5A1.25,1.25,0,0,1,11,44.83Z" transform="translate(-9.09 -44.17)"></path>
		<line class="cls-5" x1="8.86" y1="11.66" x2="8.86" y2="7.26"></line>
		<line class="cls-5" x1="17.06" y1="11.66" x2="17.06" y2="7.26"></line>
		<line class="cls-5" x1="25.26" y1="11.66" x2="25.26" y2="7.26"></line>
		<line class="cls-5" x1="33.46" y1="11.66" x2="33.46" y2="7.26"></line>
	</symbol>
	
	<symbol viewBox="0 0 42.33 12.33" id="barchart-10">		
		<rect class="cls-4" x="0.66" y="0.66" width="4.1" height="11"></rect>
		<path class="cls-5" d="M49.5,44.83a1.25,1.25,0,0,1,1.25,1.25h0v8.5a1.25,1.25,0,0,1-1.25,1.25H11a1.25,1.25,0,0,1-1.25-1.25v-8.5A1.25,1.25,0,0,1,11,44.83Z" transform="translate(-9.09 -44.17)"></path>
		<line class="cls-5" x1="8.86" y1="11.66" x2="8.86" y2="7.26"></line>
		<line class="cls-5" x1="17.06" y1="11.66" x2="17.06" y2="7.26"></line>
		<line class="cls-5" x1="25.26" y1="11.66" x2="25.26" y2="7.26"></line>
		<line class="cls-5" x1="33.46" y1="11.66" x2="33.46" y2="7.26"></line>
	</symbol>
	
	<symbol viewBox="0 0 42.33 12.33" id="barchart-20">
		<rect class="cls-4" x="0.66" y="0.66" width="8.2" height="11"></rect>
		<path class="cls-5" d="M49.5,44.83a1.25,1.25,0,0,1,1.25,1.25h0v8.5a1.25,1.25,0,0,1-1.25,1.25H11a1.25,1.25,0,0,1-1.25-1.25v-8.5A1.25,1.25,0,0,1,11,44.83Z" transform="translate(-9.09 -44.17)"></path>
		<line class="cls-5" x1="8.86" y1="11.66" x2="8.86" y2="7.26"></line>
		<line class="cls-5" x1="17.06" y1="11.66" x2="17.06" y2="7.26"></line>
		<line class="cls-5" x1="25.26" y1="11.66" x2="25.26" y2="7.26"></line>
		<line class="cls-5" x1="33.46" y1="11.66" x2="33.46" y2="7.26"></line>
	</symbol>
	
	<symbol viewBox="0 0 42.33 12.33" id="barchart-30">
		<rect class="cls-4" x="0.66" y="0.66" width="12.3" height="11"></rect>
		<path class="cls-5" d="M49.5,44.83a1.25,1.25,0,0,1,1.25,1.25h0v8.5a1.25,1.25,0,0,1-1.25,1.25H11a1.25,1.25,0,0,1-1.25-1.25v-8.5A1.25,1.25,0,0,1,11,44.83Z" transform="translate(-9.09 -44.17)"></path>
		<line class="cls-5" x1="8.86" y1="11.66" x2="8.86" y2="7.26"></line>
		<line class="cls-5" x1="17.06" y1="11.66" x2="17.06" y2="7.26"></line>
		<line class="cls-5" x1="25.26" y1="11.66" x2="25.26" y2="7.26"></line>
		<line class="cls-5" x1="33.46" y1="11.66" x2="33.46" y2="7.26"></line>
	</symbol>
	
	<symbol viewBox="0 0 42.33 12.33" id="barchart-40">
		<rect class="cls-4" x="0.66" y="0.66" width="16.4" height="11"></rect>
		<path class="cls-5" d="M49.5,44.83a1.25,1.25,0,0,1,1.25,1.25h0v8.5a1.25,1.25,0,0,1-1.25,1.25H11a1.25,1.25,0,0,1-1.25-1.25v-8.5A1.25,1.25,0,0,1,11,44.83Z" transform="translate(-9.09 -44.17)"></path>
		<line class="cls-5" x1="8.86" y1="11.66" x2="8.86" y2="7.26"></line>
		<line class="cls-5" x1="17.06" y1="11.66" x2="17.06" y2="7.26"></line>
		<line class="cls-5" x1="25.26" y1="11.66" x2="25.26" y2="7.26"></line>
		<line class="cls-5" x1="33.46" y1="11.66" x2="33.46" y2="7.26"></line>
	</symbol>
	
	<symbol viewBox="0 0 42.33 12.33" id="barchart-50">
		<rect class="cls-4" x="0.66" y="0.66" width="20.5" height="11"></rect>
		<path class="cls-5" d="M49.5,44.83a1.25,1.25,0,0,1,1.25,1.25h0v8.5a1.25,1.25,0,0,1-1.25,1.25H11a1.25,1.25,0,0,1-1.25-1.25v-8.5A1.25,1.25,0,0,1,11,44.83Z" transform="translate(-9.09 -44.17)"></path>
		<line class="cls-5" x1="8.86" y1="11.66" x2="8.86" y2="7.26"></line>
		<line class="cls-5" x1="17.06" y1="11.66" x2="17.06" y2="7.26"></line>
		<line class="cls-5" x1="25.26" y1="11.66" x2="25.26" y2="7.26"></line>
		<line class="cls-5" x1="33.46" y1="11.66" x2="33.46" y2="7.26"></line>
	</symbol>
	
	<symbol viewBox="0 0 42.33 12.33" id="barchart-60">
		<rect class="cls-4" x="0.66" y="0.66" width="24.6" height="11"></rect>
		<path class="cls-5" d="M49.5,44.83a1.25,1.25,0,0,1,1.25,1.25h0v8.5a1.25,1.25,0,0,1-1.25,1.25H11a1.25,1.25,0,0,1-1.25-1.25v-8.5A1.25,1.25,0,0,1,11,44.83Z" transform="translate(-9.09 -44.17)"></path>
		<line class="cls-5" x1="8.86" y1="11.66" x2="8.86" y2="7.26"></line>
		<line class="cls-5" x1="17.06" y1="11.66" x2="17.06" y2="7.26"></line>
		<line class="cls-5" x1="25.26" y1="11.66" x2="25.26" y2="7.26"></line>
		<line class="cls-5" x1="33.46" y1="11.66" x2="33.46" y2="7.26"></line>
	</symbol>
	
	<symbol viewBox="0 0 42.33 12.33" id="barchart-70">
		<rect class="cls-4" x="0.66" y="0.66" width="28.7" height="11"></rect>
		<path class="cls-5" d="M49.5,44.83a1.25,1.25,0,0,1,1.25,1.25h0v8.5a1.25,1.25,0,0,1-1.25,1.25H11a1.25,1.25,0,0,1-1.25-1.25v-8.5A1.25,1.25,0,0,1,11,44.83Z" transform="translate(-9.09 -44.17)"></path>
		<line class="cls-5" x1="8.86" y1="11.66" x2="8.86" y2="7.26"></line>
		<line class="cls-5" x1="17.06" y1="11.66" x2="17.06" y2="7.26"></line>
		<line class="cls-5" x1="25.26" y1="11.66" x2="25.26" y2="7.26"></line>
		<line class="cls-5" x1="33.46" y1="11.66" x2="33.46" y2="7.26"></line>
	</symbol>
	
	<symbol viewBox="0 0 42.33 12.33" id="barchart-80">
		<rect class="cls-4" x="0.66" y="0.66" width="32.8" height="11"></rect>
		<path class="cls-5" d="M49.5,44.83a1.25,1.25,0,0,1,1.25,1.25h0v8.5a1.25,1.25,0,0,1-1.25,1.25H11a1.25,1.25,0,0,1-1.25-1.25v-8.5A1.25,1.25,0,0,1,11,44.83Z" transform="translate(-9.09 -44.17)"></path>
		<line class="cls-5" x1="8.86" y1="11.66" x2="8.86" y2="7.26"></line>
		<line class="cls-5" x1="17.06" y1="11.66" x2="17.06" y2="7.26"></line>
		<line class="cls-5" x1="25.26" y1="11.66" x2="25.26" y2="7.26"></line>
		<line class="cls-5" x1="33.46" y1="11.66" x2="33.46" y2="7.26"></line>
	</symbol>
	
	<symbol viewBox="0 0 42.33 12.33" id="barchart-90">
		<rect class="cls-4" x="0.66" y="0.66" width="36.9" height="11"></rect>
		<path class="cls-5" d="M49.5,44.83a1.25,1.25,0,0,1,1.25,1.25h0v8.5a1.25,1.25,0,0,1-1.25,1.25H11a1.25,1.25,0,0,1-1.25-1.25v-8.5A1.25,1.25,0,0,1,11,44.83Z" transform="translate(-9.09 -44.17)"></path>
		<line class="cls-5" x1="8.86" y1="11.66" x2="8.86" y2="7.26"></line>
		<line class="cls-5" x1="17.06" y1="11.66" x2="17.06" y2="7.26"></line>
		<line class="cls-5" x1="25.26" y1="11.66" x2="25.26" y2="7.26"></line>
		<line class="cls-5" x1="33.46" y1="11.66" x2="33.46" y2="7.26"></line>
	</symbol>
	
	<symbol viewBox="0 0 42.33 12.33" id="barchart-95">
		<rect class="cls-4" x="0.66" y="0.66" width="38.95" height="11"></rect>
		<path class="cls-5" d="M49.5,44.83a1.25,1.25,0,0,1,1.25,1.25h0v8.5a1.25,1.25,0,0,1-1.25,1.25H11a1.25,1.25,0,0,1-1.25-1.25v-8.5A1.25,1.25,0,0,1,11,44.83Z" transform="translate(-9.09 -44.17)"></path>
		<line class="cls-5" x1="8.86" y1="11.66" x2="8.86" y2="7.26"></line>
		<line class="cls-5" x1="17.06" y1="11.66" x2="17.06" y2="7.26"></line>
		<line class="cls-5" x1="25.26" y1="11.66" x2="25.26" y2="7.26"></line>
		<line class="cls-5" x1="33.46" y1="11.66" x2="33.46" y2="7.26"></line>
	</symbol>
	
	<symbol viewBox="0 0 42.33 12.33" id="barchart-100">
		<rect class="cls-4" x="0.66" y="0.66" width="41" height="11"></rect>
		<path class="cls-5" d="M49.5,44.83a1.25,1.25,0,0,1,1.25,1.25h0v8.5a1.25,1.25,0,0,1-1.25,1.25H11a1.25,1.25,0,0,1-1.25-1.25v-8.5A1.25,1.25,0,0,1,11,44.83Z" transform="translate(-9.09 -44.17)"></path>
		<line class="cls-5" x1="8.86" y1="11.66" x2="8.86" y2="7.26"></line>
		<line class="cls-5" x1="17.06" y1="11.66" x2="17.06" y2="7.26"></line>
		<line class="cls-5" x1="25.26" y1="11.66" x2="25.26" y2="7.26"></line>
		<line class="cls-5" x1="33.46" y1="11.66" x2="33.46" y2="7.26"></line>
	</symbol>
	
	<symbol viewBox="0 0 185 245.613" id="icon-paperbaggraphic-grey">
		<circle fill="#E2E2E2" cx="92.5" cy="153.113" r="92.5"></circle>
		<g>
			<g>
				<path fill="#8B8B8B" d="M63.375,131.404l0.003-0.001l-2.197-4.876c-1.344,0.258-2.155,0.916-2.172,0.93
					c-0.127,0.108-0.297,0.139-0.444,0.096c-0.088-0.024-0.17-0.074-0.233-0.148c-0.173-0.202-0.148-0.507,0.053-0.679
					c0.021-0.018,0.921-0.747,2.396-1.089l-1.7-3.774c-1.99,0.159-3.125,1.302-3.138,1.313c-0.145,0.149-0.353,0.218-0.557,0.18
					l-0.033-0.007c-0.106-0.026-0.203-0.08-0.282-0.156c-0.246-0.235-0.252-0.628-0.018-0.873c0.014-0.013,1.281-1.306,3.496-1.635
					l-1.752-3.893l-0.024-0.003c-2.808-0.336-4.399,1.391-4.415,1.408c-0.167,0.188-0.417,0.282-0.669,0.247l-0.072-0.014
					c-0.118-0.028-0.229-0.086-0.321-0.168c-0.313-0.273-0.343-0.75-0.067-1.063c0.018-0.02,1.768-1.973,4.872-1.957l-1.489-3.307
					l-0.032-0.008c-3.833-0.923-5.75,1.599-5.77,1.625c-0.148,0.203-0.388,0.32-0.643,0.309c-0.049-0.002-0.096-0.008-0.146-0.02
					c-0.095-0.022-0.184-0.063-0.265-0.123c-0.163-0.116-0.27-0.291-0.302-0.489c-0.032-0.199,0.016-0.399,0.135-0.563
					c0.018-0.025,2.16-2.87,6.272-2.393c-0.013-0.025-0.021-0.053-0.033-0.078l-0.057-0.121l-0.006,0.006
					c-0.933-1.7-2.579-2.993-4.629-3.402c-3.681-0.732-7.259,1.656-7.99,5.336c-0.422,2.115,0.192,4.194,1.485,5.72l-0.012,0.01
					l15.965,17.198l0.009-0.005c0.392,0.396,0.895,0.683,1.475,0.8c1.602,0.317,3.172-0.781,3.505-2.453
					C63.706,132.623,63.623,131.971,63.375,131.404z"></path>
				<path fill="#808080" d="M44.492,100.38c-1.624,1.285-1.582,2.718-1.682,4.325l-2.22-3.444c-0.434-0.592-1.298-0.717-1.886-0.229
					c-0.594,0.434-0.717,1.298-0.231,1.886l2.76,3.017c-1.574-0.316-2.945-0.709-4.571,0.577c-0.593,0.436-0.716,1.3-0.229,1.887
					c0.486,0.589,1.299,0.719,1.887,0.231c1.229-0.979,2.089-0.908,3.359-0.454c0.236-0.292,0.426-0.523,0.719-0.767
					c0.194-0.18,0.39-0.359,0.636-0.544c0.1-0.064,0.2-0.127,0.299-0.19c0.248-0.187,0.447-0.313,0.7-0.446
					c0.299-0.189,0.604-0.327,0.91-0.467c-0.146-1.421,0.034-2.237,1.264-3.218c0.595-0.433,0.719-1.298,0.23-1.886
					C45.892,100.021,45.086,99.945,44.492,100.38z"></path>
			</g>
			<g>
				<g>
					<g>
						<g>
							<path fill="#828383" d="M149.374,37.432c-0.084-1.353-0.526-2.648-1.425-3.748c-1.392-1.716-3.503-2.128-5.545-1.849
								c-0.178,0.036-0.489,0.004-0.771-0.004c-0.132-0.02-0.26-0.037-0.39-0.054c-0.106-0.046-0.235-0.064-0.342-0.108
								c-0.238-0.114-0.555-0.249-0.688-0.319c-1.713-1.078-3.83-1.593-5.777-0.598c-1.971,1.021-2.943,2.342-3.55,5.106
								c-1.224,5.66,2.176,9.057,2.54,9.523c1.028,1.25,2.203,1.513,3.708,1.293c0.103-0.006,0.336,0.004,0.541-0.009
								c0.129,0.019,0.259,0.036,0.389,0.054s0.26,0.037,0.366,0.081c0.183,0.066,0.368,0.133,0.473,0.177
								c1.157,0.824,2.431,0.986,3.681,0.674C147.99,45.385,149.515,39.819,149.374,37.432z"></path>
						</g>
					</g>
				</g>
				<g>
					<g>
						<path fill="#777677" d="M148.518,28.501c-1.653,0.334-2.041,1.979-3.25,2.413c-0.909,0.313-1.871-0.298-2.385-0.703
							c0,0-0.436,0.053-0.789,1l0,0c-0.023,0.026-0.021,0.078-0.021,0.078c-0.063,0.235-0.269,0.249-0.5,0.238c0,0,0,0-0.027-0.025
							c-0.235-0.063-0.447-0.153-0.359-0.415c0.023-0.028,0.257-2.101-0.501-3.549c-0.177-0.35-0.047-0.768,0.302-0.944
							c0.351-0.175,0.771-0.047,0.946,0.302c0.498,0.974,0.563,2.052,0.434,2.909c0.122-0.137,0.036-0.261,0.036-0.261
							c-0.031-0.126,0.009-0.282,0.023-0.464c0.103-0.443,0.637-1.378,1.747-1.755C146.123,26.769,148.899,28.4,148.518,28.501z"></path>
					</g>
				</g>
			</g>
			<g>
				<path fill="#868586" d="M76.62,57.102l0.543,1.064c0.781-0.389,1.735-0.077,2.143,0.705c0.41,0.79,0.108,1.759-0.673,2.169
					l1.408,2.753l17.726-14.921l-3.465-6.674L76.62,57.102z"></path>
				<path fill="#A4A4A4" d="M94.301,42.198c-8.195-2.972-15.091,2.168-15.091,2.168l-2.595,12.731l0.004,0.004l10.693-9.014
					c0.511,0.386,1.406,0.285,2.146-0.281c0.812-0.619,1.134-1.567,0.751-2.161L94.301,42.198L94.301,42.198z"></path>
				<circle fill="#A4A4A4" cx="82.856" cy="59.004" r="1.062"></circle>
				<circle fill="#A4A4A4" cx="83.24" cy="55.088" r="1.315"></circle>

					<ellipse transform="matrix(0.8281 0.5605 -0.5605 0.8281 40.5937 -37.3673)" fill="#868586" cx="81.232" cy="47.513" rx="1.292" ry="1.8"></ellipse>

					<ellipse transform="matrix(0.7858 0.6185 -0.6185 0.7858 49.7865 -37.8021)" fill="#868586" cx="79.467" cy="52.975" rx="0.712" ry="1.069"></ellipse>

					<ellipse transform="matrix(0.7847 0.6199 -0.6199 0.7847 45.6356 -45.3464)" fill="#868586" cx="88.097" cy="43.022" rx="0.409" ry="0.611"></ellipse>

					<ellipse transform="matrix(0.7851 0.6194 -0.6194 0.7851 47.2616 -42.3681)" fill="#868586" cx="84.684" cy="46.921" rx="0.607" ry="0.909"></ellipse>
				<circle fill="#A4A4A4" cx="94.328" cy="48.605" r="1.777"></circle>
				<circle fill="#A4A4A4" cx="88.06" cy="53.808" r="0.992"></circle>
			</g>
			<g>
				<polygon fill="#F0EFEF" points="40.69,49.139 39.481,46.908 30.596,54.649 31.952,56.979 41.39,61.663 50.202,54.02 		"></polygon>
				<polygon fill="#E1E1E1" points="31.952,56.979 30.221,65.509 30.25,65.499 34.242,58.114 		"></polygon>
				<polygon fill="#D6D6D6" points="41.39,61.663 34.242,58.114 30.25,65.499 41.381,61.673 		"></polygon>
				<polygon fill="#AFAFB0" points="41.375,61.663 30.217,65.5 50.572,100.616 61.868,96.697 61.868,96.697 41.436,61.609 		"></polygon>
				<polygon fill="#BFBEBE" points="50.232,54.029 50.197,54.01 41.436,61.609 61.868,96.697 70.657,89.104 		"></polygon>
			</g>
			<g>
				<path fill="#838484" d="M102.476,20.85c0,0-2.889-1.434-3.826-1.939c-0.938-0.505-2.956-1.717-4.146-1.096
					c-1.188,0.62-0.978,0.948-0.976,1.106s-0.356,1.302,0.313,1.828c0.669,0.524,2.844,1.577,3.67,1.942
					c0.261,0.115,0.69,0.289,1.232,0.601c20.188,10.278,6.505,33.46,4.015,37.351c-0.052,0.128-0.103,0.257-0.155,0.386
					c0,0,0.911,1.913,2.368,2.424c0,0,8.019-1.089,12.679-14.712c4.659-13.621,0.098-20.352-2.09-23.348
					C113.37,22.398,108.559,18.943,102.476,20.85z"></path>
				<path fill="#4F461B" d="M94.768,20.24c0.837-0.833,0.8-2.045,0.8-2.045s0.104-0.297-0.067-0.566
					c-0.357-0.029-0.693,0.014-0.979,0.163c-1.189,0.621-0.979,0.95-0.977,1.107c0.001,0.147-0.311,1.151,0.189,1.713
					C93.968,20.695,94.323,20.682,94.768,20.24z"></path>
				<path fill="#AFAFAF" d="M98.744,23.292c1.163,0.668,2.845,1.963,4.52,4.67c2.438,3.944,7.233,13.493-0.505,32.681
					C105.249,56.752,118.932,33.57,98.744,23.292z"></path>
				<path fill="#979696" d="M103.417,20.591c4.927-0.473,8.767,2.455,10.656,5.039c2.19,2.996,6.752,9.727,2.093,23.349
					c-3.451,10.086-8.741,13.3-11.257,14.29c0.035,0.014,0.071,0.028,0.105,0.041c0,0,8.017-1.076,12.659-14.65
					c4.645-13.572,0.079-20.286-2.112-23.273C113.485,22.553,109.051,19.307,103.417,20.591z"></path>
				<path fill="#FFC808" d="M103.417,20.591c-0.366,0.035-0.74,0.089-1.117,0.164c0.114,0.057,0.178,0.088,0.178,0.088
					C102.794,20.743,103.107,20.662,103.417,20.591z"></path>
			</g>
			<g>
				<path fill="#262626" d="M148.548,73.645l-4.007-1.381c-0.693-0.229-1.394,0.133-1.665,0.794l-1.434,4.209l6.464,2.25l1.435-4.209
					C149.568,74.613,149.204,73.876,148.548,73.645z"></path>
				<path fill="#4D4E4E" d="M148.153,98.194c0.772-3.539,0.053-6.503-1.505-10.224c-0.604-1.413-0.643-2.974-0.16-4.442l0.802-2.369
					l-6.463-2.251l-0.804,2.37c-0.486,1.431-1.509,2.653-2.863,3.409c-3.946,2.207-6.465,4.279-8.077,8.3l-0.006-0.001l-13.062,36.616
					c-0.371,1.04,0.172,2.185,1.213,2.556l14.823,5.209c1.04,0.37,2.186-0.173,2.556-1.212l13.541-37.961H148.153z"></path>
			</g>
			<g>
				<path fill="#A9A8A8" d="M137.749,53.106c-0.77-0.243-1.747-0.327-2.974-0.212c-10.716,1.008-35.17,16.936-31.283,47.701
					c0,0,1.075,4.768,3.343,6.896C110.927,102.675,126.573,83.101,137.749,53.106z"></path>
				<path fill="#979797" d="M110.375,96.024c1.338-1.686-3.071-3.282-7.229-4.362c-0.09,1.729-0.087,3.517,0.021,5.359
					C106.107,97.444,109.226,97.473,110.375,96.024z"></path>
				<path fill="#979797" d="M112.495,86.562c1.674-1.597-3.235-4.045-7.421-5.746c-0.525,1.671-0.962,3.413-1.288,5.232
					C106.956,87.138,110.927,88.057,112.495,86.562z"></path>
				<path fill="#979797" d="M115.978,77.909c1.937-1.264-2.452-4.624-6.243-7.096c-0.941,1.478-1.814,3.046-2.595,4.705
					C110.094,77.268,114.084,79.147,115.978,77.909z"></path>
				<path fill="#979797" d="M120.904,70.411c2.156-0.617-0.832-4.993-3.647-8.479c-1.287,1.164-2.544,2.438-3.745,3.825
					C115.774,68.254,118.833,71.004,120.904,70.411z"></path>
				<path fill="#979797" d="M127.323,64.296c2.129,0.004,0.698-4.633-0.956-8.677c-1.481,0.749-3.011,1.649-4.546,2.703
					C123.291,61.216,125.324,64.294,127.323,64.296z"></path>
				<path fill="#979797" d="M137.749,53.106c-11.176,29.994-26.821,49.568-30.914,54.385c1.557,1.456,3.671,1.673,6.386-1.743
					c6.671-8.397,12.182-18.968,12.182-18.968s5.85-10.927,8.947-15.879C137.093,66.517,143.711,54.988,137.749,53.106z"></path>
			</g>
			<g>
				<path fill="#C2C2C2" d="M87.712,87.898c-1.273-2.89-5.731-3.722-9.96-1.859c-0.286,0.128-0.563,0.265-0.832,0.406
					c3.857-1.131,7.646-0.037,8.875,2.749c0.615,1.399,0.48,2.987-0.24,4.485C87.603,91.958,88.58,89.866,87.712,87.898z"></path>
				<path fill="#D6D5D5" d="M85.795,89.194c-1.229-2.786-5.018-3.88-8.875-2.749c-3.7,1.978-5.7,5.506-4.513,8.199
					c1.273,2.89,5.425,3.023,9.651,1.162c1.347-0.596,2.539-1.319,3.496-2.127C86.276,92.182,86.411,90.594,85.795,89.194z"></path>
				<path fill="#9A9A9A" d="M86.521,91.742c0.487,1.101-1.532,2.914-4.441,4.196c-2.913,1.284-5.612,1.551-6.098,0.447
					c-0.486-1.101,1.479-3.034,4.39-4.316C83.284,90.785,86.037,90.64,86.521,91.742z"></path>
				<path fill="#CDCCCC" d="M78.82,95.243c0,0,1.176,2.184,1.372,2.95c0.196,0.769,0.575,1.952,1.983,1.759
					c1.408-0.195,5.251-1.319,3.62-3.73c0,0-1.114-1.074-1.579-2.292c-0.467-1.216-0.656-1.488-2.403-0.931
					C80.068,93.555,79.119,94.47,78.82,95.243z"></path>
				<path fill="#C2C2C2" d="M85.78,96.187c0,0-1.114-1.075-1.58-2.291c-0.465-1.218-0.655-1.488-2.402-0.933
					c-0.856,0.273-1.521,0.634-2.012,1.021c0.395-0.229,0.862-0.438,1.409-0.612c1.746-0.557,1.938-0.285,2.402,0.933
					c0.466,1.217,1.58,2.291,1.58,2.291c0.707,1.047,0.382,1.853-0.326,2.442C85.932,98.431,86.668,97.499,85.78,96.187z"></path>
			</g>
			<g>
				<path fill="#C2C2C2" d="M98.085,73.739c0.295-3.146-3.193-6.044-7.791-6.477c-0.313-0.029-0.62-0.045-0.927-0.05
					c3.92,0.89,6.695,3.691,6.409,6.724c-0.142,1.521-1.032,2.843-2.392,3.8C96.011,77.23,97.882,75.88,98.085,73.739z"></path>
				<path fill="#D6D5D5" d="M95.777,73.937c0.286-3.032-2.489-5.834-6.409-6.724c-4.192-0.079-7.659,2.028-7.935,4.959
					c-0.297,3.145,3.262,5.285,7.86,5.717c1.467,0.139,2.862,0.086,4.092-0.152C94.745,76.779,95.635,75.458,95.777,73.937z"></path>
				<path fill="#9A9A9A" d="M95.172,76.515c-0.111,1.198-2.758,1.799-5.927,1.502c-3.166-0.299-5.654-1.384-5.541-2.581
					c0.111-1.199,2.771-1.929,5.938-1.63C92.811,74.102,95.286,75.316,95.172,76.515z"></path>
				<path fill="#CDCCCC" d="M86.742,75.818c0,0-0.037,2.481-0.241,3.246c-0.203,0.765-0.448,1.983,0.875,2.502
					c1.325,0.517,5.229,1.406,4.979-1.493c0,0-0.448-1.48-0.263-2.771c0.187-1.289,0.153-1.62-1.644-1.984
					C88.653,74.952,87.378,75.29,86.742,75.818z"></path>
				<path fill="#C2C2C2" d="M92.358,80.035c0,0-0.449-1.481-0.262-2.771c0.187-1.29,0.151-1.621-1.644-1.985
					c-0.883-0.179-1.638-0.188-2.255-0.089c0.456-0.009,0.967,0.037,1.53,0.151c1.794,0.364,1.83,0.695,1.643,1.986
					c-0.187,1.288,0.263,2.771,0.263,2.771c0.106,1.258-0.567,1.802-1.475,1.973C91.398,82.067,92.494,81.614,92.358,80.035z"></path>
			</g>
			<g>
				<path fill="#BABABB" d="M49.512,17.16c0,0-2.984,4.541-3.427,7.356c-0.442,2.813-1.762,4.632-2.299,4.973
					c-0.539,0.341,3.105,3.887,5.675,3.733C52.03,33.066,49.512,17.16,49.512,17.16z"></path>
				<path fill="#BABABB" d="M53.319,44.036c2.591-1.471-1.814-6.065-1.814-6.065l-0.084-0.335c0,0-1.893,5.252-3.155,5.832
					C48.265,43.468,50.731,45.507,53.319,44.036z"></path>
				<path fill="#AEA9A7" d="M57.919,20.942c0,0-0.003-3.635,3.251-2.146s6.31,2.694,6.897,5.035c0.59,2.34-0.83,8.774,0.751,14.48
					C70.4,44.019,57.919,20.942,57.919,20.942z"></path>
				<path fill="#AAABAB" d="M67.094,55.421l2.007,1.038c9.143-16.23-12.168-37.208-15.269-40.632
					c-3.102-3.424-1.316-4.523-1.316-4.523c4.486-7.469,2.397-10.052,2.397-10.052c-0.663-0.534-4.509,3.189-4.509,3.189
					s-2.391,2.805-4.763,2.936c-8.3,0.456-7.372,1.569-7.372,1.569c1.248,3.622,7.121,4.233,7.801,4.201s3.93,0.991,3.393,3.755
					c-0.534,2.764-1.186,9.964-1.186,9.964c-1.004,10.059,4.196,18.89,9.319,24.632c0.013,0.014,0.025,0.025,0.039,0.042
					c0.004,0.003,0.007,0.009,0.01,0.013c0.269,0.297,0.533,0.588,0.8,0.869c0.775,0.807,1.664,1.664,1.664,1.664v0.003
					c3.015,2.857,5.611,4.442,6.349,4.329C68.415,58.404,67.094,55.421,67.094,55.421z"></path>
				<path fill="#8B8B8B" d="M60.064,31.053c10.111,14.761,9.243,23.363,9.012,25.394l0.025,0.013
					c9.143-16.23-12.168-37.208-15.269-40.632c-3.102-3.423-1.315-4.523-1.315-4.523C52.542,11.262,47.32,12.445,60.064,31.053z"></path>
				<path fill="#BABABB" d="M58.972,44.721c0.003-0.003,0.007-0.004,0.009-0.006c-0.037-0.108-1.555-4.536-4.224-6.164l0.701,4.735
					c0.821,1.216,1.48,1.306,2.498,2.396c0.174-0.26,0.39-0.478,0.574-0.639C58.663,44.846,58.817,44.702,58.972,44.721z"></path>
				<path fill="#BABABB" d="M58.755,52.726c-0.254-1.761,0.057-2.913,0.513-3.659L56.59,45.48c-7.231-11.291-7.193-26.476-7.11-28.685
					c-0.007,0.042-0.011,0.079-0.019,0.121c-0.537,2.762-1.188,9.962-1.188,9.962c-0.997,9.99,4.126,18.765,9.216,24.51
					c0.039,0.023,0.089,0.068,0.148,0.137C57.918,51.855,58.34,52.301,58.755,52.726z"></path>
				<circle fill="#464755" cx="67.709" cy="50.863" r="1.468"></circle>
				<path fill="#AEA9A7" d="M57.636,51.54c-0.014-0.017-0.026-0.028-0.039-0.042c0.018,0.019,0.033,0.035,0.049,0.055
					C57.643,51.549,57.64,51.543,57.636,51.54z"></path>
				<path fill="#AEA9A7" d="M58.446,52.422c0.563,0.595,1.119,1.151,1.664,1.667v-0.003C60.11,54.086,59.221,53.229,58.446,52.422z"></path>
				<path fill="#919190" d="M61.018,46.885c1.252-1.429,3.916-2.591,6.808-1.59l-0.687-1.319c-3.039-0.738-5.353-0.228-6.878,1.52
					c-1.674,1.917-1.98,4.853-1.979,6.755c0.504,0.53,1.086,1.11,1.457,1.474C59.649,52.426,59.252,48.901,61.018,46.885z"></path>
			</g>
			<g>
				<path fill="#8B8B8B" d="M89.458,108.931c6.865-5.398,7.455-10.656,7.455-10.656c-0.052,0.024-0.104,0.044-0.157,0.058
					c-0.219,0.061-0.435,0.026-0.606-0.095c-0.198-0.139-0.327-0.394-0.348-0.679l0,0c-0.02,0.003-0.044,0.008-0.076,0.017
					c-0.489,0.135-0.757,0.064-0.904-0.035c-0.204-0.12-0.311-0.253-0.361-0.378c-0.023,0.013-0.049,0.024-0.075,0.037
					c0,0-1.909,0.912-4.043,5.532c-2.136,4.623-6.103,8.168-10.651,7.692l-3.695-0.517c0,0-0.343-0.019-0.39,0.14l0.034,0.054
					C77.736,112.043,82.593,114.33,89.458,108.931z"></path>
				<path fill="#7D7D7D" d="M75.793,110.396c0.528,0.525,5.221,5.521,14.644-0.871c7.949-5.392,7.662-9.472,7.376-10.617
					c-0.003,0.001-0.008,0.002-0.013,0.005c-0.446,0.121-0.784-0.45-0.821-0.518c-0.025-0.043-0.047-0.083-0.066-0.12
					c0,0-0.59,5.258-7.455,10.656c-6.864,5.399-11.722,3.112-13.818,1.17l-0.034-0.054C75.583,110.119,75.626,110.229,75.793,110.396z
					"></path>
				<path fill="#7D7D7D" d="M98.274,91.295c0.165,1.341,0.084,2.57-2.106,4.902c0,0-0.229,0.298-0.608,0.407
					c0,0-1.184,0.231-0.5,0.619c0,0,0.119,0.104,0.564-0.019c0.446-0.122,0.586,0.121,0.603,0.356c0.018,0.236,0.17,0.554,0.548,0.354
					c0.376-0.201,0.389-0.024,0.577,0.309c0.188,0.331,0.586,0.558,0.256-0.119c-0.332-0.678-0.456-0.978-0.094-1.559
					c0.864-1.391,1.713-3.018,1.578-4.373C98.958,90.817,98.149,90.292,98.274,91.295z"></path>
			</g>
			<g>
				<polygon fill="#BAB9BA" points="138.052,219.389 138.052,127.426 48.357,127.426 48.357,219.396 105.936,219.396 105.936,219.389 
							"></polygon>
				<rect x="112.769" y="127.428" fill="#ADADAD" width="12.674" height="91.961"></rect>
				<rect x="125.406" y="127.425" fill="#9B9B9B" width="12.674" height="91.964"></rect>
				<polygon fill="#959595" points="125.424,206.722 112.756,219.389 138.088,219.389 		"></polygon>
				<g>
					<rect x="71.566" y="113.966" fill="#9B9B9B" width="26.685" height="4.568"></rect>
					<polygon fill="#ADADAD" points="76.134,118.481 76.134,134.166 71.566,134.166 71.566,113.966 			"></polygon>
					<polygon fill="#ADADAD" points="93.69,118.481 93.69,134.166 98.259,134.166 98.259,113.966 			"></polygon>
				</g>
			</g>
		</g>
	</symbol>

	<symbol viewBox="505.667 0 101.333 100" id="icon-deliverytruckgraphic-grey">
        <rect x="505.905" y="84.494" fill="#828283" width="101.122" height="15.643"></rect>
        <rect x="505.905" y="69.033" fill="#828283" width="101.122" height="2.137"></rect>
        <rect x="505.906" y="71.023" fill="#3F3D3A" width="101.122" height="13.471"></rect>
        <path fill="#676868" d="M595.247,43.837c0.271-0.864,0.418-1.783,0.418-2.736c0-2.538-1.037-4.831-2.707-6.485
            c0.477-0.96,0.752-2.038,0.752-3.183c0-3.96-3.211-7.17-7.17-7.17c-3.961,0-7.17,3.21-7.17,7.17c0,1.145,0.274,2.223,0.753,3.183
            c-1.673,1.654-2.709,3.948-2.709,6.485c0,0.953,0.147,1.872,0.419,2.736c-1.355,1.812-2.157,4.061-2.157,6.497
            c0,6,4.865,10.863,10.864,10.863s10.862-4.863,10.862-10.863C597.403,47.898,596.602,45.649,595.247,43.837z"></path>
        <path opacity="0.2" enable-background="new    " d="M576.655,49.465c0-2.437,0.802-4.686,2.156-6.498
            c-0.271-0.864-0.417-1.783-0.417-2.736c0-2.537,1.036-4.831,2.707-6.485c-0.478-0.96-0.753-2.038-0.753-3.183
            c0-1.895,0.74-3.613,1.941-4.896c-1.768,1.306-2.919,3.398-2.919,5.765c0,1.145,0.274,2.223,0.753,3.183
            c-1.673,1.654-2.709,3.948-2.709,6.485c0,0.953,0.147,1.872,0.419,2.736c-1.355,1.812-2.156,4.061-2.156,6.497
            c0,6,4.864,10.863,10.863,10.863c3.011,0,5.734-1.227,7.703-3.205c-1.851,1.461-4.186,2.336-6.726,2.336
            C581.519,60.328,576.655,55.465,576.655,49.465z"></path>
        <path fill="#383838" d="M588.968,54.199l-1.205,2.092l-0.255-3.058l-0.021-0.235c-0.068-0.469-0.303-0.817-0.585-0.817
            c-0.291,0-0.534,0.37-0.593,0.864l-0.003,0.031l-0.488,5.868l-1.705-2.585l1.589,3.977l-0.813,9.729h4.021l-1.046-12.538
            L588.968,54.199z"></path>
        <g>
            <path fill="#676868" d="M571.702,49.348c0.517-1.08,0.815-2.284,0.815-3.56c0-4.561-3.696-8.256-8.256-8.256
                c-1.668,0-3.217,0.498-4.515,1.348c-1.148-0.91-2.597-1.457-4.176-1.457c-2.412,0-4.521,1.271-5.711,3.176
                c-3.175,0.24-5.714,2.75-5.992,5.914c-1.625,1.579-2.638,3.784-2.638,6.228c0,4.799,3.891,8.691,8.691,8.691
                c1.696,0,3.275-0.494,4.613-1.336c0.983,0.832,2.254,1.336,3.643,1.336c1.378,0,2.64-0.496,3.62-1.315
                c1.194,0.827,2.64,1.315,4.201,1.315c4.08,0,7.388-3.309,7.388-7.389C573.387,52.26,572.754,50.623,571.702,49.348z"></path>
            <path opacity="0.2" fill="#676868" enable-background="new    " d="M542.752,52.414c0-2.444,1.013-4.649,2.637-6.228
                c0.279-3.165,2.816-5.674,5.993-5.914c0.822-1.315,2.084-2.329,3.58-2.83c-2.2,0.163-4.104,1.384-5.21,3.156
                c-3.176,0.239-5.714,2.75-5.993,5.914c-1.624,1.579-2.637,3.784-2.637,6.229c0,4.799,3.892,8.689,8.69,8.689
                c0.877,0,1.719-0.133,2.515-0.377c-0.291,0.031-0.585,0.052-0.885,0.052C546.644,61.104,542.752,57.213,542.752,52.414z"></path>
            <path fill="#676868" d="M559.773,54.395l-1.206,2.094l-0.255-3.059l-0.019-0.234c-0.069-0.471-0.304-0.818-0.585-0.818
                c-0.292,0-0.535,0.371-0.594,0.865l-0.002,0.031l-0.489,5.867l-1.706-2.584l1.59,3.977l-0.812,9.729h4.021l-1.046-12.537
                L559.773,54.395z"></path>
        </g>
        <path opacity="0.2" enable-background="new    " d="M556.057,59.77c-0.39,0.243-0.799,0.455-1.226,0.637
            c0.918,0.645,2.032,1.023,3.238,1.023c0.677,0,1.325-0.121,1.926-0.34c-0.099,0.006-0.196,0.014-0.296,0.014
            C558.311,61.104,557.04,60.602,556.057,59.77z"></path>
        <path opacity="0.2" enable-background="new    " d="M563.319,59.79c-0.319,0.267-0.671,0.495-1.045,0.687
            c1.069,0.604,2.302,0.953,3.617,0.953c0.792,0,1.553-0.127,2.268-0.357c-0.211,0.018-0.423,0.032-0.639,0.032
            C565.959,61.104,564.512,60.616,563.319,59.79z"></path>
        <g>
            <polygon fill="#F0E5EF" points="522.358,76.963 508.33,76.963 507.467,76.18 521.249,76.18 	"></polygon>
            <polygon fill="#F0E5EF" points="545.528,76.963 531.5,76.963 530.638,76.18 544.42,76.18 	"></polygon>
            <polygon fill="#F0E5EF" points="568.7,76.963 554.673,76.963 553.81,76.18 567.592,76.18 	"></polygon>
            <polygon fill="#F0E5EF" points="591.871,76.963 577.844,76.963 576.979,76.18 590.763,76.18 	"></polygon>
            <polygon fill="#F0E5EF" points="606.949,76.963 601.014,76.963 600.151,76.18 606.994,76.18 	"></polygon>
        </g>
        <g>
            <path fill="#838280" d="M542.382,81.625c-1.827,0-3.313-1.486-3.313-3.313s1.486-3.313,3.313-3.313s3.313,1.486,3.313,3.313
                S544.209,81.625,542.382,81.625L542.382,81.625z"></path>
            <path fill="#221F20" d="M542.382,76.302c1.108,0,2.01,0.901,2.01,2.009c0,1.108-0.902,2.01-2.01,2.01
                c-1.108,0-2.01-0.901-2.01-2.01C540.372,77.203,541.273,76.302,542.382,76.302 M542.382,73.694c-2.55,0-4.617,2.067-4.617,4.616
                c0,2.551,2.067,4.617,4.617,4.617s4.617-2.066,4.617-4.617C546.999,75.762,544.932,73.694,542.382,73.694L542.382,73.694z"></path>
        </g>
        <path fill="#F3F4F4" d="M564.308,56.097h10.719c0,0,0.94-0.073,1.955,1.014s7.025,9.198,7.025,9.198s0.507,0.796,0.507,1.737
            s0,7.532,0,7.532h-23.339V56.169L564.308,56.097z"></path>
        <path opacity="0.15" enable-background="new    " d="M563.402,74.164v-18.05l-2.336,0.055v19.409h23.338c0,0,0-0.307,0-0.797
            h-20.386C563.678,74.781,563.402,74.504,563.402,74.164z"></path>
        <path fill="#818282" d="M562.714,74.037c0,0.85-0.689,1.539-1.539,1.539H529.78c-0.85,0-1.539-0.689-1.539-1.539V53.941
            c0-0.85,0.689-1.539,1.539-1.539h31.394c0.85,0,1.539,0.689,1.539,1.539L562.714,74.037L562.714,74.037z"></path>
        <path fill="#0E1C2D" d="M529.436,75.65c-0.721,0-1.304,0.582-1.304,1.303s0.583,1.304,1.304,1.304h7.789
            c0.01-0.954,0.28-1.845,0.742-2.606H529.436z"></path>
        <path fill="#0E1C2D" d="M569.254,75.65h-22.458c0.461,0.762,0.732,1.652,0.743,2.606h20.972
            C568.521,77.303,568.792,76.412,569.254,75.65z"></path>
        <path fill="#0E1C2D" d="M583.717,75.65h-5.635c0.461,0.762,0.733,1.652,0.743,2.606h4.892c0.719,0,1.303-0.583,1.303-1.304
            S584.436,75.65,583.717,75.65z"></path>
        <path fill="#001209" d="M529.436,76.156h8.268c0.081-0.173,0.166-0.345,0.264-0.506h-8.531c-0.721,0-1.304,0.582-1.304,1.303
            c0,0.086,0.01,0.172,0.025,0.254C528.275,76.607,528.803,76.156,529.436,76.156z"></path>
        <path fill="#001209" d="M569.254,75.65h-22.458c0.099,0.162,0.184,0.333,0.264,0.506h21.931
            C569.07,75.983,569.155,75.813,569.254,75.65z"></path>
        <path fill="#001209" d="M584.994,77.207c0.016-0.082,0.025-0.168,0.025-0.254c0-0.721-0.584-1.303-1.303-1.303h-5.635
            c0.099,0.162,0.184,0.333,0.263,0.506h5.372C584.35,76.156,584.877,76.607,584.994,77.207z"></path>
        <path fill="#CFCECF" d="M569.739,64.841c0,0.511-0.413,0.924-0.924,0.924h-2.498c-0.51,0-0.924-0.413-0.924-0.924v-6.119
            c0-0.51,0.414-0.923,0.924-0.923h2.498c0.511,0,0.924,0.413,0.924,0.923V64.841z"></path>
        <path fill="#CFCECF" d="M581.598,65.125c0.3,0.449-0.04,0.64-0.312,0.64h-9.392c-0.511,0-0.924-0.413-0.924-0.924v-6.119
            c0-0.51,0.413-0.923,0.924-0.923h3.565c0.511,0,0.721,0.442,1.087,0.923L581.598,65.125z"></path>
        <path fill="#B5B6B7" d="M565.684,59.229c0-0.51,0.414-0.924,0.923-0.924h2.498c0.238,0,0.453,0.093,0.617,0.24
            c-0.083-0.426-0.457-0.748-0.906-0.748h-2.498c-0.51,0-0.924,0.414-0.924,0.924v6.119c0,0.273,0.12,0.515,0.308,0.685
            c-0.012-0.058-0.018-0.116-0.018-0.177V59.229z"></path>
        <path fill="#B5B6B7" d="M571.423,59.238c0-0.511,0.414-0.924,0.923-0.924h3.567c0.188,0,0.335,0.061,0.465,0.161
            c-0.266-0.37-0.483-0.669-0.899-0.669h-3.566c-0.51,0-0.924,0.414-0.924,0.925v6.119c0,0.352,0.2,0.655,0.49,0.811
            c-0.034-0.096-0.056-0.196-0.056-0.304V59.238z"></path>
        <path fill="#D9D3D9" d="M585.075,72.037c0,0.314-0.256,0.57-0.572,0.57l0,0c-0.314,0-0.57-0.256-0.57-0.57v-2.824
            c0-0.314,0.256-0.57,0.57-0.57l0,0c0.316,0,0.572,0.256,0.572,0.57V72.037z"></path>
        <path fill="#BFBFBF" d="M584.777,68.723c0.046,0.082,0.079,0.172,0.079,0.273v2.824c0,0.315-0.256,0.571-0.57,0.571
            c-0.101,0-0.191-0.034-0.273-0.079c0.098,0.174,0.278,0.296,0.49,0.296c0.315,0,0.571-0.256,0.571-0.57v-2.824
            C585.075,68.999,584.951,68.819,584.777,68.723z"></path>
        <g>
            <path fill="#838280" d="M573.668,81.625c-1.827,0-3.313-1.486-3.313-3.313s1.486-3.313,3.313-3.313s3.313,1.486,3.313,3.313
                S575.495,81.625,573.668,81.625L573.668,81.625z"></path>
            <path fill="#221F20" d="M573.668,76.302c1.107,0,2.01,0.901,2.01,2.009c0,1.108-0.902,2.01-2.01,2.01
                c-1.108,0-2.009-0.901-2.009-2.01C571.659,77.203,572.56,76.302,573.668,76.302 M573.668,73.694c-2.549,0-4.616,2.067-4.616,4.616
                c0,2.551,2.067,4.617,4.616,4.617c2.55,0,4.617-2.066,4.617-4.617C578.285,75.762,576.217,73.694,573.668,73.694L573.668,73.694z"></path>
        </g>
        <path fill="#FFFFFF" d="M535.604,62.385c0.768-0.001,1.428,0.459,1.723,1.119h1.326c-0.344-1.367-1.578-2.381-3.05-2.381
            c-1.736,0-3.144,1.412-3.143,3.154c0,1.743,1.408,3.154,3.146,3.154c1.47,0,2.704-1.014,3.048-2.383h-1.326
            c-0.295,0.661-0.955,1.121-1.722,1.121c-1.044,0-1.888-0.846-1.888-1.893C533.717,63.232,534.561,62.385,535.604,62.385z"></path>
        <path fill="#FFFFFF" d="M542.08,61.121c-1.737,0.002-3.145,1.413-3.145,3.155c0.001,1.741,1.409,3.153,3.146,3.153
            c1.736-0.002,3.144-1.414,3.143-3.156C545.225,62.532,543.816,61.121,542.08,61.121z M542.082,66.168
            c-1.044,0-1.888-0.846-1.889-1.893c0-1.045,0.845-1.893,1.888-1.893c1.041,0,1.887,0.847,1.887,1.893
            C543.968,65.32,543.123,66.168,542.082,66.168z"></path>
        <rect x="545.633" y="59.236" fill="#FFFFFF" width="1.38" height="8.038"></rect>
        <path fill="#FFFFFF" d="M550.408,61.119L550.408,61.119c-1.224,0-2.991,0.789-2.987,3.123c-0.002,1.938,1.4,3.187,2.988,3.186l0,0
            c1.284,0,2.445-0.816,2.842-2.151l-1.353,0.001c-0.308,0.599-0.874,0.952-1.491,0.953c-0.831,0-1.576-0.646-1.709-1.672l3.419-0.002
            v0.001l1.266-0.001c0.009-0.103,0.012-0.207,0.012-0.314C553.399,61.905,551.63,61.119,550.408,61.119z M548.778,63.488
            c0.275-0.907,1.056-1.234,1.63-1.234c0.573,0,1.354,0.326,1.629,1.234H548.778z"></path>
        <path fill="#FFFFFF" d="M556.788,63.687l-0.745-0.167c-0.599-0.137-0.971-0.308-0.971-0.736c0-0.385,0.375-0.623,0.979-0.623
            c0.767-0.001,1.189,0.303,1.223,0.881v0.01h1.233v-0.012c0-0.566-0.224-1.043-0.646-1.382c-0.429-0.343-1.039-0.524-1.767-0.523
            c-0.704,0-1.288,0.176-1.694,0.507c-0.396,0.326-0.606,0.787-0.606,1.334c0,0.478,0.146,0.825,0.457,1.097
            c0.284,0.245,0.721,0.437,1.375,0.597l0.879,0.223c0.6,0.148,0.902,0.299,0.902,0.703c0,0.475-0.445,0.769-1.166,0.769
            c-0.865,0-1.313-0.346-1.367-1.06v-0.026l-1.245,0.001v0.027c0.001,1.339,0.912,2.107,2.502,2.106
            c0.792-0.001,1.443-0.183,1.883-0.527c0.433-0.343,0.662-0.843,0.662-1.448C558.675,64.334,558.012,63.971,556.788,63.687z"></path>
        <path opacity="0.85" enable-background="new    " d="M546.092,75.572h-7.421c-0.128,0.174-0.248,0.354-0.352,0.544h8.125
            C546.341,75.926,546.221,75.746,546.092,75.572z"></path>
        <path fill="#D3D4D4" d="M573.705,64.477c0.106-0.105,0.106-0.278,0-0.385l-2.734-2.734v0.768l2.351,2.352
            C573.428,64.583,573.6,64.583,573.705,64.477z"></path>
        <path fill="#D3D4D4" d="M567.73,64.337c0.105-0.105,0.105-0.278,0-0.384l-2.337-2.338v0.77l1.953,1.952
            C567.452,64.443,567.625,64.443,567.73,64.337z"></path>
        <path fill="#D3D4D4" d="M569.739,64.115l-2.135-2.135c-0.105-0.106-0.278-0.106-0.384,0c-0.106,0.105-0.106,0.277,0,0.384
            l2.518,2.519c0-0.002,0.001-0.004,0.001-0.006V64.115z"></path>
        <path fill="#D3D4D4" d="M575.851,59.877c0.106-0.105,0.106-0.278,0-0.385l-1.699-1.699h-0.768l2.083,2.084
            C575.573,59.983,575.745,59.983,575.851,59.877z"></path>
        <path fill="#D3D4D4" d="M573.971,63.102c-0.106,0.105-0.106,0.277,0,0.384l2.279,2.279h0.768l-2.663-2.663
            C574.248,62.994,574.076,62.994,573.971,63.102z"></path>
    </symbol>

	<symbol id="icon-deltracker-bg" width="924.938" height="185.906">

		  <path fill="#7AC143" d="M-.004 156.911h925v29.044h-925zM-.004 128.205h925v3.967h-925z"></path>
		  <path fill="#3F3D3A" d="M0 131.9h925v25.011H0z"></path>
		  <path opacity=".7" fill="#FFF" d="M153.772 45.121a2.56 2.56 0 0 0-.63.086 3.592 3.592 0 0 0-2.577-1.088c-.43 0-.837.089-1.22.226a6.61 6.61 0 0 0-7.974-3.531 8.99 8.99 0 0 0-6.438-2.706c-.899 0-1.766.135-2.586.38-1.959-2.772-5.184-4.589-8.837-4.589-4.564 0-8.46 2.829-10.052 6.825a6.61 6.61 0 1 0 3.643 12.702 10.753 10.753 0 0 0 11.983.556 8.976 8.976 0 0 0 5.849 2.16c2.522 0 4.8-1.038 6.438-2.707a6.608 6.608 0 0 0 7.436-2.578 3.567 3.567 0 0 0 1.758.476 3.592 3.592 0 0 0 2.577-1.088c.202.051.411.086.63.086a2.605 2.605 0 0 0 0-5.21z"></path>
		  <path opacity=".6" fill="#FFF" d="M273.013 21.354c-.14 0-.273.022-.402.056a2.29 2.29 0 0 0-1.645-.694c-.273 0-.534.057-.778.144a4.218 4.218 0 0 0-5.089-2.253 5.737 5.737 0 0 0-5.757-1.485 6.891 6.891 0 0 0-5.639-2.929 6.907 6.907 0 0 0-6.415 4.355 4.219 4.219 0 1 0 2.324 8.107 6.866 6.866 0 0 0 7.648.355 5.73 5.73 0 0 0 3.732 1.379 5.73 5.73 0 0 0 4.107-1.728 4.216 4.216 0 0 0 4.746-1.646 2.27 2.27 0 0 0 1.121.304c.646 0 1.227-.267 1.645-.694.129.033.263.055.402.055a1.663 1.663 0 1 0 0-3.326z"></path>
		  <path opacity=".7" fill="#FFF" d="M403.998 25.727c-.226 0-.44.036-.648.09a3.693 3.693 0 0 0-2.648-1.118 3.73 3.73 0 0 0-1.254.231 6.794 6.794 0 0 0-8.197-3.628 9.236 9.236 0 0 0-9.274-2.39c-2.013-2.851-5.327-4.718-9.082-4.718-4.692 0-8.697 2.908-10.333 7.016a6.795 6.795 0 0 0-5.118 6.581 6.8 6.8 0 0 0 8.862 6.476 11.056 11.056 0 0 0 12.318.571 9.225 9.225 0 0 0 6.013 2.221 9.233 9.233 0 0 0 6.615-2.782 6.793 6.793 0 0 0 7.644-2.65 3.648 3.648 0 0 0 1.807.489 3.69 3.69 0 0 0 2.648-1.118c.208.054.423.088.648.088a2.68 2.68 0 0 0-.001-5.359z"></path>
		  <path opacity=".5" fill="#FFF" d="M501.589 14.677a1.31 1.31 0 0 0-.327.045 1.861 1.861 0 0 0-1.335-.563c-.223 0-.435.046-.633.116a3.425 3.425 0 0 0-4.133-1.83 4.66 4.66 0 0 0-4.678-1.206 5.598 5.598 0 0 0-4.58-2.379 5.61 5.61 0 0 0-5.212 3.538 3.428 3.428 0 1 0 1.889 6.585 5.574 5.574 0 0 0 6.212.288 4.654 4.654 0 0 0 3.032 1.12 4.66 4.66 0 0 0 3.337-1.403 3.428 3.428 0 0 0 3.855-1.337c.271.153.578.247.911.247.523 0 .996-.217 1.335-.563.105.026.214.044.327.044a1.35 1.35 0 1 0 0-2.702z"></path>
		  <path opacity=".6" fill="#FFF" d="M108.52 26.337a3.328 3.328 0 0 0-2.956-1.815c-.116 0-.227.022-.339.035-.463-1.333-1.844-2.307-3.496-2.307-.242 0-.479.023-.708.063-.527-2.063-2.56-3.602-4.992-3.602-2.505 0-4.586 1.631-5.037 3.784a6.186 6.186 0 0 0-1.018-.089c-3.137 0-5.681 2.368-5.681 5.288 0 2.919 2.544 5.288 5.681 5.288a5.952 5.952 0 0 0 3.258-.96 4.313 4.313 0 0 0 2.835 1.078 4.301 4.301 0 0 0 2.777-1.029 4.617 4.617 0 0 0 5.428-1.126c.398.166.834.26 1.292.26.796 0 1.517-.29 2.092-.755.229.084.474.137.731.137a2.126 2.126 0 1 0 .133-4.25z"></path>
		  <path opacity=".7" fill="#FFF" d="M246.065 33.269c-.865-1.673-2.595-2.83-4.609-2.83-.181 0-.354.034-.528.055-.722-2.079-2.875-3.597-5.451-3.597-.378 0-.746.036-1.104.098-.822-3.217-3.99-5.616-7.784-5.616-3.905 0-7.15 2.543-7.854 5.9a9.736 9.736 0 0 0-1.587-.139c-4.891 0-8.857 3.692-8.857 8.246 0 4.551 3.967 8.245 8.857 8.245a9.284 9.284 0 0 0 5.08-1.497c1.188 1.032 2.724 1.682 4.42 1.682 1.658 0 3.155-.618 4.331-1.605a7.203 7.203 0 0 0 8.463-1.755c.621.26 1.301.405 2.015.405 1.241 0 2.365-.452 3.262-1.177.356.131.738.213 1.141.213a3.324 3.324 0 0 0 3.324-3.324 3.318 3.318 0 0 0-3.119-3.304zM637.104 45.121a2.56 2.56 0 0 0-.63.086 3.592 3.592 0 0 0-2.577-1.088c-.43 0-.837.089-1.22.226a6.61 6.61 0 0 0-7.974-3.531 8.99 8.99 0 0 0-6.438-2.706c-.899 0-1.766.135-2.586.38-1.959-2.772-5.184-4.589-8.837-4.589-4.564 0-8.46 2.829-10.052 6.825a6.61 6.61 0 1 0 3.643 12.702 10.753 10.753 0 0 0 11.983.556 8.976 8.976 0 0 0 5.849 2.16c2.522 0 4.8-1.038 6.438-2.707a6.608 6.608 0 0 0 7.436-2.578 3.567 3.567 0 0 0 1.758.476 3.592 3.592 0 0 0 2.577-1.088c.202.051.411.086.63.086a2.605 2.605 0 0 0 0-5.21z"></path>
		  <path opacity=".8" fill="#FFF" d="M852.133 24.443c-.14 0-.272.022-.402.055a2.29 2.29 0 0 0-1.645-.694c-.273 0-.533.057-.778.144a4.218 4.218 0 0 0-5.088-2.253 5.738 5.738 0 0 0-5.757-1.485 6.895 6.895 0 0 0-5.64-2.929 6.907 6.907 0 0 0-6.414 4.355 4.22 4.22 0 0 0-3.178 4.086 4.222 4.222 0 0 0 5.502 4.021 6.865 6.865 0 0 0 7.648.356 5.732 5.732 0 0 0 3.731 1.378 5.735 5.735 0 0 0 4.108-1.728 4.215 4.215 0 0 0 4.745-1.645 2.27 2.27 0 0 0 2.766-.391c.13.033.263.056.402.056a1.662 1.662 0 0 0 0-3.326z"></path>
		  <path opacity=".7" fill="#FFF" d="M648.52 26.337a3.328 3.328 0 0 0-2.956-1.815c-.116 0-.227.022-.339.035-.463-1.333-1.844-2.307-3.496-2.307-.242 0-.479.023-.708.063-.527-2.063-2.56-3.602-4.992-3.602-2.505 0-4.586 1.631-5.037 3.784a6.186 6.186 0 0 0-1.018-.089c-3.137 0-5.681 2.368-5.681 5.288 0 2.919 2.544 5.288 5.681 5.288a5.952 5.952 0 0 0 3.258-.96 4.313 4.313 0 0 0 2.835 1.078 4.301 4.301 0 0 0 2.777-1.029 4.617 4.617 0 0 0 5.428-1.126c.398.166.834.26 1.292.26.796 0 1.517-.29 2.092-.755.229.084.474.137.731.137a2.126 2.126 0 1 0 .133-4.25z"></path>
		  <path opacity=".8" fill="#FFF" d="M887.273 39.39c-.922-1.784-2.767-3.019-4.915-3.019-.193 0-.376.038-.563.059-.769-2.216-3.064-3.834-5.813-3.834-.402 0-.796.038-1.177.104-.877-3.43-4.256-5.988-8.3-5.988-4.164 0-7.625 2.712-8.375 6.292a10.215 10.215 0 0 0-1.691-.148c-5.216 0-9.445 3.938-9.445 8.792 0 4.854 4.229 8.792 9.445 8.792a9.898 9.898 0 0 0 5.416-1.596c1.269 1.101 2.905 1.792 4.714 1.792 1.768 0 3.364-.659 4.617-1.711a7.684 7.684 0 0 0 9.024-1.872 5.595 5.595 0 0 0 2.148.432c1.323 0 2.521-.482 3.479-1.255.38.14.787.228 1.216.228a3.545 3.545 0 0 0 3.544-3.545c0-1.884-1.471-3.404-3.324-3.523z"></path>
		  <path fill="#439539" d="M719.877 81.424c.504-1.604.778-3.311.778-5.08 0-4.711-1.926-8.97-5.028-12.041a13.231 13.231 0 0 0 1.397-5.909c0-7.352-5.961-13.313-13.312-13.313-7.353 0-13.312 5.961-13.312 13.313 0 2.125.51 4.127 1.397 5.909a16.884 16.884 0 0 0-5.028 12.041c0 1.77.272 3.476.777 5.08a20.071 20.071 0 0 0-4.005 12.063c0 11.139 9.031 20.17 20.17 20.17s20.169-9.031 20.169-20.17a20.05 20.05 0 0 0-4.003-12.063z"></path>
		  <path opacity=".2" d="M685.358 91.874c0-4.524 1.489-8.7 4.004-12.064a16.922 16.922 0 0 1-.776-5.08c0-4.71 1.924-8.969 5.028-12.04a13.206 13.206 0 0 1-1.398-5.91c0-3.518 1.375-6.708 3.605-9.089-3.283 2.425-5.42 6.31-5.42 10.703 0 2.125.51 4.127 1.397 5.909a16.884 16.884 0 0 0-5.028 12.041c0 1.77.272 3.476.777 5.08a20.071 20.071 0 0 0-4.005 12.063c0 11.139 9.031 20.17 20.17 20.17a20.107 20.107 0 0 0 14.303-5.952 20.073 20.073 0 0 1-12.487 4.338c-11.138 0-20.17-9.03-20.17-20.169z"></path>
		  <path fill="#603913" d="M708.22 100.662l-2.239 3.886-.473-5.678-.036-.438c-.128-.87-.563-1.517-1.086-1.517-.542 0-.993.688-1.102 1.605l-.005.059-.907 10.894-3.167-4.798 2.951 7.382-1.507 18.064h7.465l-1.941-23.278 2.047-6.181z"></path>
		  <path fill="#439539" d="M301.21 81.424c.504-1.604.778-3.311.778-5.08 0-4.711-1.926-8.97-5.028-12.041a13.231 13.231 0 0 0 1.397-5.909c0-7.352-5.961-13.313-13.312-13.313-7.353 0-13.312 5.961-13.312 13.313 0 2.125.51 4.127 1.397 5.909a16.884 16.884 0 0 0-5.028 12.041c0 1.77.272 3.476.777 5.08a20.071 20.071 0 0 0-4.005 12.063c0 11.139 9.031 20.17 20.17 20.17s20.169-9.031 20.169-20.17a20.05 20.05 0 0 0-4.003-12.063z"></path>
		  <path opacity=".2" d="M266.691 91.874c0-4.524 1.489-8.7 4.004-12.064a16.922 16.922 0 0 1-.776-5.08c0-4.71 1.924-8.969 5.028-12.04a13.206 13.206 0 0 1-1.398-5.91c0-3.518 1.375-6.708 3.605-9.089-3.283 2.425-5.42 6.31-5.42 10.703 0 2.125.51 4.127 1.397 5.909a16.884 16.884 0 0 0-5.028 12.041c0 1.77.272 3.476.777 5.08a20.071 20.071 0 0 0-4.005 12.063c0 11.139 9.031 20.17 20.17 20.17a20.107 20.107 0 0 0 14.303-5.952 20.073 20.073 0 0 1-12.487 4.338c-11.138 0-20.17-9.03-20.17-20.169z"></path>
		  <path fill="#603913" d="M289.553 100.662l-2.239 3.886-.473-5.678-.036-.438c-.128-.87-.563-1.517-1.086-1.517-.542 0-.993.688-1.102 1.605l-.005.059-.907 10.894-3.167-4.798 2.951 7.382-1.507 18.064h7.465l-1.941-23.278 2.047-6.181z"></path>
		  <path fill="#439539" d="M51.21 81.424c.504-1.604.778-3.311.778-5.08 0-4.711-1.926-8.97-5.028-12.041a13.231 13.231 0 0 0 1.397-5.909c0-7.352-5.961-13.313-13.312-13.313-7.353 0-13.312 5.961-13.312 13.313 0 2.125.51 4.127 1.397 5.909a16.884 16.884 0 0 0-5.028 12.041c0 1.77.272 3.476.777 5.08a20.071 20.071 0 0 0-4.005 12.063c0 11.139 9.031 20.17 20.17 20.17s20.169-9.031 20.169-20.17a20.05 20.05 0 0 0-4.003-12.063z"></path>
		  <path opacity=".2" d="M16.691 91.874c0-4.524 1.489-8.7 4.004-12.064a16.922 16.922 0 0 1-.776-5.08c0-4.71 1.924-8.969 5.028-12.04a13.206 13.206 0 0 1-1.398-5.91c0-3.518 1.375-6.708 3.605-9.089-3.283 2.425-5.42 6.31-5.42 10.703 0 2.125.51 4.127 1.397 5.909a16.884 16.884 0 0 0-5.028 12.041c0 1.77.272 3.476.777 5.08a20.071 20.071 0 0 0-4.005 12.063c0 11.139 9.031 20.17 20.17 20.17a20.107 20.107 0 0 0 14.303-5.952 20.073 20.073 0 0 1-12.487 4.338c-11.138 0-20.17-9.03-20.17-20.169z"></path>
		  <path fill="#603913" d="M39.553 100.662l-2.239 3.886-.473-5.678-.036-.438c-.128-.87-.563-1.517-1.086-1.517-.542 0-.993.688-1.102 1.605l-.005.059-.907 10.894-3.167-4.798 2.951 7.382-1.507 18.064h7.465l-1.941-23.278 2.047-6.181z"></path>
		  <path fill="#439539" d="M808.543 81.424c.504-1.604.778-3.311.778-5.08 0-4.711-1.926-8.97-5.028-12.041a13.231 13.231 0 0 0 1.397-5.909c0-7.352-5.961-13.313-13.312-13.313-7.353 0-13.312 5.961-13.312 13.313 0 2.125.51 4.127 1.397 5.909a16.884 16.884 0 0 0-5.028 12.041c0 1.77.272 3.476.777 5.08a20.071 20.071 0 0 0-4.005 12.063c0 11.139 9.031 20.17 20.17 20.17s20.169-9.031 20.169-20.17a20.05 20.05 0 0 0-4.003-12.063z"></path>
		  <path opacity=".2" d="M774.024 91.874c0-4.524 1.489-8.7 4.004-12.064a16.922 16.922 0 0 1-.776-5.08c0-4.71 1.924-8.969 5.028-12.04a13.206 13.206 0 0 1-1.398-5.91c0-3.518 1.375-6.708 3.605-9.089-3.283 2.425-5.42 6.31-5.42 10.703 0 2.125.51 4.127 1.397 5.909a16.884 16.884 0 0 0-5.028 12.041c0 1.77.272 3.476.777 5.08a20.071 20.071 0 0 0-4.005 12.063c0 11.139 9.031 20.17 20.17 20.17a20.107 20.107 0 0 0 14.303-5.952 20.073 20.073 0 0 1-12.487 4.338c-11.138 0-20.17-9.03-20.17-20.169z"></path>
		  <path fill="#603913" d="M796.886 100.662l-2.239 3.886-.473-5.678-.036-.438c-.128-.87-.563-1.517-1.086-1.517-.542 0-.993.688-1.102 1.605l-.005.059-.907 10.894-3.167-4.798 2.951 7.382-1.507 18.064h7.465l-1.941-23.278 2.047-6.181z"></path>
		  <path fill="#A2D07B" d="M98.826 69.798a15.154 15.154 0 0 0-4.664 1.226c.278.187.548.383.81.59a15.332 15.332 0 0 1 3.854-1.816z"></path>
		  <g>
			<path fill="#439539" d="M676.162 91.654a15.25 15.25 0 0 0 1.514-6.609c0-8.467-6.862-15.329-15.328-15.329a15.25 15.25 0 0 0-8.383 2.503 12.44 12.44 0 0 0-7.753-2.705c-4.477 0-8.393 2.359-10.602 5.896-5.896.445-10.609 5.105-11.127 10.98-3.016 2.932-4.896 7.025-4.896 11.563 0 8.911 7.224 16.136 16.136 16.136 3.15 0 6.081-.917 8.565-2.479a10.44 10.44 0 0 0 6.764 2.479c2.559 0 4.901-.919 6.722-2.441a13.648 13.648 0 0 0 7.8 2.441c7.575 0 13.716-6.141 13.716-13.716 0-3.311-1.174-6.35-3.128-8.719z"></path>
			<path opacity=".2" d="M622.411 97.348c0-4.538 1.881-8.632 4.896-11.563.518-5.875 5.23-10.535 11.127-10.98a12.558 12.558 0 0 1 6.648-5.254c-4.086.302-7.619 2.57-9.674 5.859-5.896.445-10.609 5.105-11.127 10.98-3.015 2.932-4.896 7.025-4.896 11.563 0 8.911 7.225 16.136 16.136 16.136 1.627 0 3.191-.249 4.669-.7-.541.057-1.087.095-1.644.095-8.91-.001-16.135-7.225-16.135-16.136z"></path>
			<path fill="#603913" d="M654.015 101.026l-2.239 3.886-.473-5.678-.036-.437c-.128-.872-.563-1.518-1.086-1.518-.542 0-.992.688-1.102 1.606l-.004.058-.908 10.895-3.167-4.797 2.951 7.381-1.506 18.063h7.464l-1.941-23.276 2.047-6.183z"></path>
			<path opacity=".2" d="M647.113 111.005a16.38 16.38 0 0 1-2.274 1.182 10.42 10.42 0 0 0 6.012 1.902c1.257 0 2.46-.225 3.576-.631-.184.01-.365.025-.551.025a10.44 10.44 0 0 1-6.763-2.478zM660.599 111.043c-.594.495-1.247.919-1.94 1.276a13.62 13.62 0 0 0 10.925 1.105c-.392.033-.785.06-1.185.06a13.658 13.658 0 0 1-7.8-2.441z"></path>
		  </g>
		  <g>
			<path fill="#439539" d="M440.829 91.654a15.25 15.25 0 0 0 1.514-6.609c0-8.467-6.862-15.329-15.328-15.329a15.25 15.25 0 0 0-8.383 2.503 12.44 12.44 0 0 0-7.753-2.705c-4.477 0-8.393 2.359-10.602 5.896-5.896.445-10.609 5.105-11.127 10.98-3.016 2.932-4.896 7.025-4.896 11.563 0 8.911 7.224 16.136 16.136 16.136 3.15 0 6.081-.917 8.565-2.479a10.44 10.44 0 0 0 6.764 2.479c2.559 0 4.901-.919 6.722-2.441a13.648 13.648 0 0 0 7.8 2.441c7.575 0 13.716-6.141 13.716-13.716 0-3.311-1.174-6.35-3.128-8.719z"></path>
			<path opacity=".2" d="M387.078 97.348c0-4.538 1.881-8.632 4.896-11.563.518-5.875 5.23-10.535 11.127-10.98a12.558 12.558 0 0 1 6.648-5.254c-4.086.302-7.619 2.57-9.674 5.859-5.896.445-10.609 5.105-11.127 10.98-3.015 2.932-4.896 7.025-4.896 11.563 0 8.911 7.225 16.136 16.136 16.136 1.627 0 3.191-.249 4.669-.7-.541.057-1.087.095-1.644.095-8.91-.001-16.135-7.225-16.135-16.136z"></path>
			<path fill="#603913" d="M418.682 101.026l-2.239 3.886-.473-5.678-.036-.437c-.128-.872-.563-1.518-1.086-1.518-.542 0-.992.688-1.102 1.606l-.004.058-.908 10.895-3.167-4.798 2.951 7.381-1.506 18.063h7.464l-1.941-23.276 2.047-6.182z"></path>
			<path opacity=".2" d="M411.78 111.005a16.38 16.38 0 0 1-2.274 1.182 10.42 10.42 0 0 0 6.012 1.902c1.257 0 2.46-.225 3.576-.631-.184.01-.365.025-.551.025a10.44 10.44 0 0 1-6.763-2.478zM425.266 111.043c-.594.495-1.247.919-1.94 1.276a13.62 13.62 0 0 0 10.925 1.105c-.392.033-.785.06-1.185.06a13.658 13.658 0 0 1-7.8-2.441z"></path>
		  </g>
		  <g>
			<path fill="#439539" d="M452.515 91.654a15.25 15.25 0 0 1-1.514-6.609c0-8.467 6.862-15.329 15.328-15.329 3.096 0 5.973.925 8.383 2.503a12.44 12.44 0 0 1 7.753-2.705c4.477 0 8.393 2.359 10.602 5.896 5.896.445 10.609 5.105 11.127 10.98 3.016 2.932 4.896 7.025 4.896 11.563 0 8.911-7.224 16.136-16.136 16.136-3.15 0-6.081-.917-8.565-2.479a10.44 10.44 0 0 1-6.764 2.479c-2.559 0-4.901-.919-6.722-2.441a13.648 13.648 0 0 1-7.8 2.441c-7.575 0-13.716-6.141-13.716-13.716 0-3.311 1.174-6.35 3.128-8.719z"></path>
			<path opacity=".2" d="M506.266 97.348c0-4.538-1.881-8.632-4.896-11.563-.518-5.875-5.23-10.535-11.127-10.98a12.558 12.558 0 0 0-6.648-5.254c4.086.302 7.619 2.57 9.674 5.859 5.896.445 10.609 5.105 11.127 10.98 3.015 2.932 4.896 7.025 4.896 11.563 0 8.911-7.225 16.136-16.136 16.136-1.627 0-3.191-.249-4.669-.7.541.057 1.087.095 1.644.095 8.91-.001 16.135-7.225 16.135-16.136z"></path>
			<path fill="#603913" d="M474.662 101.026l2.239 3.886.473-5.678.036-.437c.128-.872.563-1.518 1.086-1.518.542 0 .992.688 1.102 1.606l.004.058.908 10.895 3.167-4.798-2.951 7.381 1.506 18.063h-7.464l1.941-23.276-2.047-6.182z"></path>
			<path opacity=".2" d="M481.563 111.005a16.38 16.38 0 0 0 2.274 1.182 10.42 10.42 0 0 1-6.012 1.902c-1.257 0-2.46-.225-3.576-.631.184.01.365.025.551.025 2.579 0 4.937-.934 6.763-2.478zM468.078 111.043c.594.495 1.247.919 1.94 1.276a13.62 13.62 0 0 1-10.925 1.105c.392.033.785.06 1.185.06a13.66 13.66 0 0 0 7.8-2.441z"></path>
		  </g>
		  <g>
			<path fill="#439539" d="M63.182 91.654a15.25 15.25 0 0 1-1.514-6.609c0-8.467 6.862-15.329 15.328-15.329 3.096 0 5.973.925 8.383 2.503a12.44 12.44 0 0 1 7.753-2.705c4.477 0 8.393 2.359 10.602 5.896 5.896.445 10.609 5.105 11.127 10.98 3.016 2.932 4.896 7.025 4.896 11.563 0 8.911-7.224 16.136-16.136 16.136-3.15 0-6.081-.917-8.565-2.479a10.44 10.44 0 0 1-6.764 2.479c-2.559 0-4.901-.919-6.722-2.441a13.648 13.648 0 0 1-7.8 2.441c-7.575 0-13.716-6.141-13.716-13.716 0-3.311 1.174-6.35 3.128-8.719z"></path>
			<path opacity=".2" d="M116.933 97.348c0-4.538-1.881-8.632-4.896-11.563-.518-5.875-5.23-10.535-11.127-10.98a12.558 12.558 0 0 0-6.648-5.254c4.086.302 7.619 2.57 9.674 5.859 5.896.445 10.609 5.105 11.127 10.98 3.015 2.932 4.896 7.025 4.896 11.563 0 8.911-7.225 16.136-16.136 16.136-1.627 0-3.191-.249-4.669-.7.541.057 1.087.095 1.644.095 8.91-.001 16.135-7.225 16.135-16.136z"></path>
			<path fill="#603913" d="M85.329 101.026l2.239 3.886.473-5.678.036-.437c.128-.872.563-1.518 1.086-1.518.542 0 .992.688 1.102 1.606l.004.058.908 10.895 3.167-4.798-2.951 7.381 1.506 18.063h-7.464l1.941-23.276-2.047-6.182z"></path>
			<path opacity=".2" d="M92.23 111.005a16.38 16.38 0 0 0 2.274 1.182 10.42 10.42 0 0 1-6.012 1.902c-1.257 0-2.46-.225-3.576-.631.184.01.365.025.551.025 2.579 0 4.937-.934 6.763-2.478zM78.745 111.043c.594.495 1.247.919 1.94 1.276a13.62 13.62 0 0 1-10.925 1.105c.392.033.785.06 1.185.06a13.66 13.66 0 0 0 7.8-2.441z"></path>
		  </g>
		  <g fill="#F0E5EF">
			<path d="M25.277 142.927H-.768l-1.602-1.452h25.589zM68.298 142.927H42.253l-1.603-1.452h25.589zM111.318 142.927H85.272l-1.601-1.452h25.589zM154.34 142.927h-26.046l-1.602-1.452h25.589zM197.36 142.927h-26.046l-1.601-1.452h25.588zM240.381 142.927h-26.045l-1.603-1.452h25.589zM283.401 142.927h-26.045l-1.602-1.452h25.589zM326.423 142.927h-26.046l-1.602-1.452h25.589zM369.443 142.927h-26.046l-1.601-1.452h25.589zM412.464 142.927h-26.046l-1.602-1.452h25.588zM885.692 142.927h-26.045l-1.602-1.452h25.589zM928.713 142.927h-26.045l-1.603-1.452h25.589zM455.484 142.927h-26.045l-1.602-1.452h25.589zM498.506 142.927h-26.045l-1.603-1.452h25.589zM541.526 142.927H515.48l-1.601-1.452h25.589zM584.547 142.927h-26.046l-1.602-1.452h25.589zM627.567 142.927h-26.046l-1.601-1.452h25.588zM670.589 142.927h-26.045l-1.603-1.452h25.589zM713.609 142.927h-26.045l-1.602-1.452h25.589zM756.63 142.927h-26.046l-1.602-1.452h25.589zM799.65 142.927h-26.046l-1.601-1.452h25.589zM842.671 142.927h-26.045l-1.602-1.452h25.588z"></path>
		  </g>
		  <g>
			<path fill="#ECD2CA" d="M827.077 100.867h46.059v29.25h-46.059z"></path>
			<path fill="#A91E22" d="M827.077 100.867h48.275v-9.171H837.8z"></path>
			<path fill="#69331F" d="M834.53 106.209h23.457v2.989H834.53z"></path>
			<path fill="#90492D" d="M834.53 109.198h23.457v2.987H834.53z"></path>
			<path fill="#69331F" d="M834.53 112.186h23.457v2.989H834.53z"></path>
			<path fill="#90492D" d="M834.53 115.175h23.457v2.989H834.53z"></path>
			<path fill="#69331F" d="M834.53 118.164h23.457v2.989H834.53z"></path>
			<path fill="#90492D" d="M834.53 121.153h23.457v2.987H834.53z"></path>
			<path fill="#69331F" d="M834.53 124.141h23.457v2.989H834.53z"></path>
			<path fill="#A91E22" d="M871.302 83.363h4.405v7.747h-4.405z"></path>
			<path fill="#F6DBD2" d="M908.725 100.924l-21.524-21.055-21.524 21.055v28.642h43.048z"></path>
			<path fill="#E5CDC5" d="M908.725 103.369v-2.445l-21.524-21.055-21.524 21.055v2.445l21.524-21.113z"></path>
			<path fill="#A0D6ED" d="M870.62 107.231h7.712v10.576h-7.712z"></path>
			<path fill="#C6262C" d="M869.598 118.83h9.758v-12.621h-9.758v12.621zm8.735-1.022h-7.713v-10.576h7.713v10.576z"></path>
			<path fill="none" d="M870.62 107.498h7.713v5.337h-7.713z"></path>
			<path fill="#F1F1F1" d="M878.333 107.498l-7.713 3.626v1.711l7.713-3.626z"></path>
			<path fill="none" d="M870.62 108.148h7.713v5.337h-7.713z"></path>
			<path fill="#F1F1F1" d="M878.333 110.437l-7.713 3.626v-.578l7.713-3.626z"></path>
			<path fill="#A0D6ED" d="M896.183 107.231h7.711v10.576h-7.711z"></path>
			<path fill="#C6262C" d="M895.159 118.83h9.758v-12.621h-9.758v12.621zm8.736-1.022h-7.712v-10.576h7.712v10.576z"></path>
			<path fill="none" d="M896.183 110.927h7.712v5.337h-7.712z"></path>
			<path fill="#C49A6C" d="M882.823 106.721h9.036v22.846h-9.036z"></path>
			<path fill="#A91E22" d="M882.312 106.209v23.867h1.022v-22.845h8.013v21.823h-.005v1.022h1.029v-23.867z"></path>
			<path fill="#69331F" d="M890.66 118.492a.506.506 0 1 1-1.011-.003.506.506 0 0 1 1.011.003"></path>
			<path fill="#C6262C" d="M887.201 74.839l-26.512 26.512h4.919l21.593-20.97 21.592 20.97h4.918zM876.844 83.193c0 .564-.458 1.022-1.022 1.022h-4.632a1.023 1.023 0 0 1-1.023-1.022v-1.705c0-.563.458-1.022 1.023-1.022h4.632c.564 0 1.022.459 1.022 1.022v1.705z"></path>
			<path fill="#F1F1F1" d="M903.948 107.498l-7.713 3.626v1.711l7.713-3.626zM903.948 110.437l-7.713 3.626v-.578l7.713-3.626z"></path>
		  </g>
		</symbol>


	<symbol viewBox="0 0 105.666 48.125" id="icon-deltracker-truckchassis">
		<path fill="#F3F4F4" d="M67.017,6.925h19.9c0,0,1.747-0.135,3.631,1.882c1.883,2.017,13.043,17.077,13.043,17.077
			s0.941,1.479,0.941,3.227c0,1.748,0,13.984,0,13.984H61.2V7.059L67.017,6.925z"></path>
		<path opacity="0.15" d="M65.335,40.472V6.958l-4.337,0.101v36.036h43.332c0,0,0-0.57,0-1.479H66.479
			C65.847,41.615,65.335,41.103,65.335,40.472z"></path>
		<path fill="#DF1F26" d="M64.057,40.234c0,1.579-1.28,2.858-2.858,2.858H2.91c-1.578,0-2.858-1.279-2.858-2.858V2.924
			c0-1.579,1.28-2.858,2.858-2.858h58.288c1.578,0,2.858,1.279,2.858,2.858V40.234z"></path>
		<path fill="#0E1C2D" d="M2.271,43.229c-1.337,0-2.42,1.083-2.42,2.421c0,1.337,1.083,2.42,2.42,2.42h14.461
			c0.019-1.771,0.522-3.424,1.379-4.841H2.271z"></path>
		<path fill="#0E1C2D" d="M76.199,43.229H34.503c0.856,1.417,1.36,3.069,1.38,4.841h38.937C74.838,46.298,75.343,44.646,76.199,43.229
			z"></path>
		<path fill="#0E1C2D" d="M103.052,43.229h-10.46c0.855,1.417,1.36,3.069,1.379,4.841h9.081c1.337,0,2.421-1.083,2.421-2.42
			C105.473,44.312,104.389,43.229,103.052,43.229z"></path>
		<path fill="#001209" d="M2.271,44.169h15.351c0.15-0.321,0.308-0.639,0.489-0.94H2.271c-1.337,0-2.42,1.083-2.42,2.421
			c0,0.16,0.017,0.318,0.047,0.47C0.116,45.008,1.095,44.169,2.271,44.169z"></path>
		<path fill="#001209" d="M76.199,43.229H34.503c0.183,0.302,0.34,0.619,0.489,0.94H75.71C75.859,43.848,76.017,43.53,76.199,43.229z"></path>
		<path fill="#001209" d="M105.425,46.119c0.03-0.151,0.048-0.31,0.048-0.47c0-1.338-1.084-2.421-2.421-2.421h-10.46
			c0.182,0.302,0.339,0.619,0.488,0.94h9.972C104.228,44.169,105.206,45.008,105.425,46.119z"></path>
		<path fill="#B0E0E9" d="M77.101,23.16c0,0.947-0.768,1.715-1.715,1.715h-4.638c-0.947,0-1.715-0.768-1.715-1.715V11.799
			c0-0.947,0.768-1.715,1.715-1.715h4.638c0.947,0,1.715,0.768,1.715,1.715V23.16z"></path>
		<path fill="#B0E0E9" d="M99.119,23.689c0.555,0.832-0.076,1.186-0.58,1.186H81.102c-0.947,0-1.715-0.768-1.715-1.715V11.799
			c0-0.947,0.768-1.715,1.715-1.715h6.621c0.947,0,1.337,0.823,2.018,1.715L99.119,23.689z"></path>
		<path fill="#47B5E7" d="M69.57,12.74c0-0.947,0.769-1.715,1.715-1.715h4.638c0.441,0,0.84,0.172,1.145,0.445
			c-0.154-0.79-0.849-1.387-1.683-1.387h-4.637c-0.947,0-1.716,0.768-1.716,1.715V23.16c0,0.506,0.223,0.955,0.571,1.27
			c-0.021-0.106-0.033-0.216-0.033-0.328V12.74z"></path>
		<path fill="#47B5E7" d="M80.226,12.757c0-0.947,0.769-1.715,1.715-1.715h6.622c0.35,0,0.623,0.113,0.863,0.3
			c-0.493-0.688-0.896-1.241-1.671-1.241h-6.621c-0.946,0-1.715,0.769-1.715,1.716v11.361c0,0.653,0.371,1.216,0.91,1.505
			c-0.063-0.178-0.104-0.365-0.104-0.564V12.757z"></path>
		<path fill="#D9D3D9" d="M105.573,36.522c0,0.584-0.475,1.059-1.06,1.059l0,0c-0.584,0-1.059-0.475-1.059-1.059v-5.244
			c0-0.585,0.475-1.059,1.059-1.059l0,0c0.585,0,1.06,0.474,1.06,1.059V36.522z"></path>
		<path fill="#BFBFBF" d="M105.021,30.366c0.086,0.153,0.148,0.32,0.148,0.509v5.244c0,0.584-0.475,1.059-1.059,1.059
			c-0.188,0-0.354-0.062-0.507-0.146c0.182,0.322,0.515,0.55,0.91,0.55c0.585,0,1.06-0.475,1.06-1.059v-5.244
			C105.573,30.88,105.345,30.547,105.021,30.366z"></path>
		<path fill="#FFFFFF" d="M13.722,18.599c1.426-0.001,2.65,0.854,3.199,2.08l2.462-0.001c-0.639-2.54-2.931-4.421-5.662-4.421
			c-3.225,0.001-5.837,2.623-5.836,5.858s2.615,5.854,5.84,5.854c2.73,0,5.022-1.882,5.66-4.423l-2.463,0.001
			c-0.547,1.227-1.773,2.08-3.197,2.081c-1.937,0.001-3.504-1.571-3.504-3.513C10.219,20.173,11.785,18.6,13.722,18.599z"></path>
		<path fill="#FFFFFF" d="M25.746,16.254c-3.224,0.002-5.838,2.623-5.837,5.858c0.001,3.234,2.616,5.856,5.841,5.854
			s5.837-2.625,5.836-5.859C31.586,18.874,28.971,16.253,25.746,16.254z M25.75,25.625c-1.937,0-3.504-1.572-3.506-3.514
			c0-1.941,1.568-3.515,3.504-3.515c1.934-0.001,3.503,1.572,3.503,3.513C29.252,24.051,27.684,25.624,25.75,25.625z"></path>
		<rect x="32.344" y="12.754" fill="#FFFFFF" width="2.561" height="14.924"></rect>
		<path fill="#FFFFFF" d="M41.209,16.249L41.209,16.249c-2.271,0.002-5.553,1.465-5.546,5.8c-0.004,3.597,2.6,5.916,5.548,5.914l0,0
			c2.385,0,4.541-1.516,5.276-3.994l-2.511,0.001c-0.57,1.112-1.623,1.768-2.768,1.769c-1.544,0-2.927-1.197-3.173-3.104l6.347-0.002
			c0,0,0,0,0,0.001l2.35-0.001c0.017-0.191,0.023-0.386,0.022-0.584C46.763,17.71,43.479,16.249,41.209,16.249z M38.184,20.649
			c0.51-1.685,1.959-2.291,3.025-2.291c1.064-0.001,2.516,0.604,3.025,2.29L38.184,20.649z"></path>
		<path fill="#FFFFFF" d="M53.055,21.017l-1.383-0.31c-1.112-0.255-1.802-0.571-1.802-1.366c0-0.716,0.696-1.159,1.817-1.159
			c1.424-0.001,2.209,0.563,2.27,1.635l0.001,0.019h2.29v-0.021c0-1.052-0.415-1.938-1.199-2.566
			c-0.795-0.637-1.929-0.973-3.279-0.972c-1.308,0-2.393,0.327-3.146,0.942c-0.736,0.604-1.126,1.46-1.126,2.475
			c0,0.888,0.27,1.533,0.849,2.037c0.526,0.456,1.337,0.81,2.552,1.108l1.632,0.413c1.113,0.277,1.676,0.556,1.676,1.305
			c0,0.881-0.828,1.428-2.165,1.428c-1.607,0-2.438-0.642-2.54-1.968v-0.048l-2.311,0.001v0.05c0.002,2.487,1.693,3.913,4.645,3.912
			c1.471-0.001,2.68-0.34,3.496-0.979c0.804-0.636,1.229-1.564,1.229-2.688C56.558,22.219,55.326,21.545,53.055,21.017z"></path>
		<path opacity="0.85" d="M33.196,43.085H19.418c-0.238,0.321-0.461,0.656-0.653,1.01H33.85
			C33.657,43.741,33.434,43.406,33.196,43.085z"></path>
		<path fill="#CFECF2" d="M84.465,22.484c0.197-0.196,0.197-0.517,0-0.714l-5.078-5.078v1.426l4.365,4.366
			C83.949,22.681,84.269,22.681,84.465,22.484z"></path>
		<path fill="#CFECF2" d="M73.372,22.224c0.196-0.195,0.196-0.516,0-0.713l-4.339-4.339v1.427l3.626,3.625
			C72.855,22.421,73.176,22.421,73.372,22.224z"></path>
		<path fill="#CFECF2" d="M77.101,21.812l-3.963-3.963c-0.196-0.197-0.517-0.197-0.713,0c-0.197,0.195-0.197,0.516,0,0.713
			l4.675,4.675c0-0.003,0.001-0.006,0.001-0.01V21.812z"></path>
		<path fill="#CFECF2" d="M88.448,13.943c0.197-0.196,0.197-0.516,0-0.713l-3.155-3.155h-1.426l3.868,3.868
			C87.933,14.141,88.252,14.141,88.448,13.943z"></path>
		<path fill="#CFECF2" d="M84.957,19.93c-0.197,0.196-0.197,0.517,0,0.713l4.232,4.232h1.426L85.67,19.93
			C85.473,19.732,85.153,19.732,84.957,19.93z"></path>
	</symbol>


	<symbol viewBox="0 0 39.392 44.75" id="icon-deltracker-apple">
		<g>
			<g>
				<g>
					<path fill="#E32228" d="M38.987,22.695c-0.177-2.811-1.092-5.504-2.963-7.793c-2.896-3.568-7.282-4.424-11.527-3.844
						c-0.369,0.076-1.017,0.008-1.606-0.009c-0.271-0.037-0.539-0.075-0.81-0.111c-0.22-0.095-0.488-0.13-0.709-0.224
						c-0.496-0.238-1.155-0.52-1.433-0.662C16.378,7.809,11.978,6.74,7.929,8.807C3.831,10.93,1.806,13.676,0.55,19.426
						c-2.545,11.77,4.523,18.828,5.279,19.799c2.138,2.6,4.58,3.146,7.709,2.688c0.214-0.014,0.695,0.011,1.124-0.016
						c0.27,0.037,0.539,0.075,0.809,0.111c0.271,0.037,0.54,0.074,0.761,0.168c0.382,0.138,0.765,0.274,0.984,0.367
						c2.406,1.715,5.054,2.051,7.65,1.4C36.112,39.23,39.28,27.658,38.987,22.695z"></path>
				</g>
			</g>
			<g>
				<path fill="#5D9159" d="M37.21,4.129c-3.438,0.693-4.245,4.113-6.759,5.016c-1.888,0.651-3.891-0.618-4.959-1.462
					c0,0-0.904,0.108-1.64,2.08l0,0c-0.05,0.057-0.043,0.163-0.043,0.163c-0.131,0.49-0.558,0.517-1.04,0.492c0,0,0,0-0.058-0.051
					c-0.488-0.131-0.929-0.317-0.747-0.863c0.05-0.057,0.534-4.368-1.04-7.376c-0.366-0.728-0.098-1.599,0.629-1.966
					c0.728-0.364,1.601-0.098,1.964,0.629c1.035,2.024,1.172,4.266,0.905,6.047c0.251-0.283,0.075-0.539,0.075-0.539
					c-0.069-0.264,0.017-0.59,0.048-0.967c0.212-0.923,1.323-2.863,3.631-3.646C32.227,0.527,37.999,3.92,37.21,4.129z"></path>
			</g>
		</g>
	</symbol>

	<symbol viewBox="0 0 55.405 96.621" id="icon-deltracker-banana">
		<g>
			<path fill="#FFC808" d="M18.798,6.716c0,0-6.006-2.981-7.955-4.031C8.894,1.632,4.695-0.888,2.226,0.403
				c-2.471,1.291-2.033,1.974-2.028,2.301c0.005,0.33-0.744,2.707,0.648,3.799c1.393,1.094,5.913,3.281,7.629,4.04
				c0.544,0.239,1.437,0.603,2.564,1.25c41.972,21.369,13.523,69.568,8.348,77.657c-0.108,0.266-0.215,0.535-0.324,0.801
				c0,0,1.895,3.975,4.924,5.039c0,0,16.671-2.262,26.36-30.586c9.688-28.32,0.203-42.313-4.346-48.541
				C41.448,9.935,31.447,2.75,18.798,6.716z"></path>
			<path fill="#4F461B" d="M2.771,5.448c1.74-1.733,1.666-4.252,1.666-4.252s0.218-0.615-0.141-1.179
				c-0.743-0.06-1.441,0.029-2.038,0.341c-2.471,1.291-2.034,1.975-2.028,2.303c0.003,0.307-0.647,2.395,0.395,3.561
				C1.111,6.396,1.847,6.366,2.771,5.448z"></path>
			<path fill="#FFD060" d="M11.039,11.793c2.416,1.388,5.914,4.083,9.395,9.711c5.071,8.2,15.039,28.052-1.047,67.946
				C24.563,81.361,53.011,33.162,11.039,11.793z"></path>
			<path fill="#EDBD43" d="M20.755,6.177c10.243-0.982,18.23,5.104,22.158,10.479c4.551,6.229,14.035,20.221,4.348,48.543
				c-7.174,20.969-18.174,27.652-23.402,29.711c0.072,0.027,0.146,0.059,0.222,0.085c0,0,16.664-2.237,26.318-30.457
				c9.657-28.223,0.162-42.18-4.393-48.392C41.687,10.256,32.47,3.507,20.755,6.177z"></path>
			<path fill="#FFC808" d="M20.755,6.177c-0.763,0.074-1.537,0.186-2.323,0.34c0.236,0.117,0.371,0.186,0.371,0.186
				C19.46,6.497,20.111,6.323,20.755,6.177z"></path>
		</g>
	</symbol>

	<symbol viewBox="0 0 70.142 136.492" id="icon-deltracker-bottle">
		<g>
			<path fill="#272626" d="M67.881,3.766l-8.33-2.872c-1.442-0.473-2.896,0.277-3.458,1.65l-2.984,8.752l13.439,4.68l2.983-8.753
				C70.003,5.78,69.243,4.247,67.881,3.766z"></path>
			<path fill="#405A44" d="M67.059,54.81c1.608-7.361,0.113-13.522-3.128-21.258c-1.258-2.938-1.337-6.184-0.332-9.236l1.667-4.928
				l-13.438-4.679l-1.669,4.925c-1.013,2.977-3.138,5.519-5.955,7.089c-8.202,4.593-13.438,8.899-16.793,17.259l-0.011-0.004
				L0.243,120.108c-0.771,2.162,0.355,4.543,2.52,5.313l30.82,10.828c2.163,0.771,4.544-0.356,5.314-2.521L67.05,54.808L67.059,54.81z
				"></path>
		</g>
	</symbol>

	<symbol viewBox="0 0 77.392 116.992" id="icon-deltracker-bread">
		<g>
			<path fill="#E2A36D" d="M72.087,1.837c-1.602-0.504-3.636-0.68-6.185-0.439C43.622,3.491-7.22,36.609,0.861,100.573
				c0,0,2.236,9.912,6.951,14.334C16.32,104.896,48.852,64.199,72.087,1.837z"></path>
			<path fill="#DD8D51" d="M15.173,91.069c2.778-3.506-6.388-6.822-15.03-9.068c-0.188,3.594-0.181,7.31,0.042,11.143
				C6.298,94.021,12.786,94.079,15.173,91.069z"></path>
			<path fill="#DD8D51" d="M19.58,71.395c3.479-3.319-6.727-8.409-15.431-11.946c-1.091,3.474-1.998,7.096-2.678,10.879
				C8.066,72.593,16.321,74.504,19.58,71.395z"></path>
			<path fill="#DD8D51" d="M26.824,53.407c4.025-2.629-5.099-9.617-12.981-14.755c-1.959,3.071-3.771,6.332-5.396,9.782
				C14.588,52.071,22.886,55.979,26.824,53.407z"></path>
			<path fill="#DD8D51" d="M37.064,37.815c4.483-1.285-1.73-10.379-7.584-17.627c-2.675,2.418-5.289,5.068-7.788,7.95
				C26.398,33.331,32.758,39.05,37.064,37.815z"></path>
			<path fill="#DD8D51" d="M50.409,25.103c4.428,0.008,1.451-9.633-1.986-18.042c-3.082,1.558-6.261,3.433-9.451,5.622
				C42.025,18.698,46.251,25.097,50.409,25.103z"></path>
			<path fill="#DD8D51" d="M72.087,1.837C48.852,64.199,16.32,104.896,7.813,114.907c3.234,3.031,7.633,3.481,13.275-3.621
				c13.87-17.461,25.327-39.438,25.327-39.438s12.161-22.717,18.603-33.012C70.724,29.72,84.484,5.751,72.087,1.837z"></path>
		</g>
	</symbol>

	<symbol viewBox="0 0 58.107 75" id="icon-deltracker-carrot">
		<g>
			<path fill="#F26A24" d="M56.645,65.072l0.005-0.002l-4.567-10.138c-2.795,0.537-4.479,1.903-4.516,1.934
				c-0.265,0.225-0.615,0.289-0.926,0.199c-0.183-0.053-0.352-0.156-0.484-0.312c-0.359-0.421-0.309-1.051,0.111-1.409
				c0.041-0.035,1.91-1.552,4.98-2.264l-3.535-7.849c-4.137,0.332-6.497,2.708-6.521,2.732c-0.301,0.312-0.734,0.45-1.158,0.372
				l-0.068-0.015c-0.221-0.053-0.424-0.165-0.589-0.323c-0.509-0.49-0.524-1.305-0.033-1.814c0.025-0.027,2.661-2.717,7.269-3.4
				l-3.645-8.092l-0.051-0.006c-5.838-0.7-9.147,2.891-9.181,2.928c-0.347,0.393-0.866,0.586-1.39,0.514l-0.15-0.029
				c-0.246-0.059-0.477-0.179-0.668-0.348c-0.65-0.57-0.711-1.563-0.14-2.211c0.036-0.041,3.675-4.098,10.128-4.068l-3.095-6.873
				l-0.069-0.018c-7.969-1.919-11.955,3.323-11.994,3.377c-0.306,0.424-0.805,0.666-1.333,0.646c-0.103-0.005-0.202-0.019-0.302-0.042
				c-0.2-0.049-0.385-0.134-0.553-0.256c-0.338-0.244-0.561-0.606-0.627-1.02c-0.066-0.414,0.033-0.828,0.278-1.167
				c0.038-0.056,4.493-5.968,13.044-4.976c-0.027-0.053-0.047-0.109-0.074-0.162l-0.113-0.25l-0.014,0.01
				c-1.938-3.535-5.361-6.223-9.624-7.072c-7.651-1.523-15.089,3.441-16.613,11.094c-0.877,4.396,0.401,8.719,3.091,11.893
				l-0.026,0.018l33.195,35.759l0.016-0.011c0.815,0.823,1.86,1.419,3.065,1.66c3.332,0.662,6.595-1.62,7.288-5.099
				C57.33,67.606,57.156,66.252,56.645,65.072z"></path>
			<path fill="#5D9159" d="M17.381,0.568c-3.375,2.673-3.289,5.651-3.496,8.992L9.271,2.402C8.369,1.169,6.572,0.911,5.35,1.924
				c-1.234,0.901-1.492,2.698-0.48,3.921l5.737,6.27c-3.274-0.658-6.126-1.47-9.503,1.203c-1.232,0.902-1.49,2.699-0.479,3.923
				s2.699,1.491,3.924,0.479c2.556-2.035,4.341-1.889,6.983-0.944c0.491-0.604,0.884-1.087,1.495-1.592
				c0.404-0.375,0.809-0.749,1.322-1.134c0.208-0.132,0.415-0.264,0.623-0.396c0.514-0.385,0.928-0.648,1.453-0.926
				c0.623-0.395,1.258-0.682,1.892-0.969c-0.306-2.956,0.071-4.654,2.628-6.691c1.235-0.9,1.492-2.698,0.48-3.922
				C20.293-0.176,18.617-0.335,17.381,0.568z"></path>
		</g>
	</symbol>

	<symbol viewBox="0 0 44.142 47.5" id="icon-deltracker-cheese">
		<g>
			<path fill="#F8BE17" d="M0.005,32.908l1.132,2.212c1.624-0.808,3.608-0.16,4.454,1.47c0.852,1.641,0.226,3.655-1.397,4.508
				l2.926,5.723L43.974,15.8L36.771,1.923L0.005,32.908z"></path>
			<path fill="#FDDF4E" d="M36.77,1.923C19.73-4.255,5.392,6.432,5.392,6.432L0,32.899l0.005,0.009L22.24,14.169
				c1.06,0.801,2.926,0.592,4.465-0.583c1.686-1.288,2.354-3.261,1.56-4.495L36.77,1.923L36.77,1.923z"></path>
			<circle fill="#FDDF4E" cx="12.974" cy="36.863" r="2.207"></circle>
			<circle fill="#FDDF4E" cx="13.772" cy="28.722" r="2.733"></circle>

				<ellipse transform="matrix(0.8286 0.5598 -0.5598 0.8286 8.9075 -3.1492)" fill="#F8BE17" cx="9.597" cy="12.974" rx="2.686" ry="3.741"></ellipse>

				<ellipse transform="matrix(0.7853 0.6191 -0.6191 0.7853 16.3348 1.5541)" fill="#F8BE17" cx="5.927" cy="24.328" rx="1.481" ry="2.222"></ellipse>

				<ellipse transform="matrix(0.7854 0.619 -0.619 0.7854 7.3742 -13.9954)" fill="#F8BE17" cx="23.871" cy="3.637" rx="0.848" ry="1.271"></ellipse>

				<ellipse transform="matrix(0.785 0.6194 -0.6194 0.785 10.8786 -7.8673)" fill="#F8BE17" cx="16.775" cy="11.741" rx="1.262" ry="1.892"></ellipse>
			<circle fill="#FDDF4E" cx="36.822" cy="15.244" r="3.694"></circle>
			<circle fill="#FDDF4E" cx="23.794" cy="26.06" r="2.063"></circle>
		</g>
	</symbol>

	<symbol viewBox="0 0 49.392 46" id="icon-deltracker-chilli">
		<g>
			<path fill="#EE3328" d="M28.812,38.061c14.274-11.225,15.499-22.156,15.499-22.156c-0.109,0.052-0.219,0.093-0.327,0.123
				c-0.454,0.125-0.902,0.055-1.261-0.199c-0.41-0.289-0.681-0.816-0.723-1.41l0,0c-0.04,0.005-0.092,0.015-0.158,0.033
				c-1.016,0.28-1.575,0.135-1.879-0.071c-0.425-0.251-0.646-0.527-0.752-0.786c-0.051,0.025-0.104,0.051-0.156,0.077
				c0,0-3.97,1.895-8.407,11.504C26.21,34.785,17.96,42.152,8.503,41.166l-7.684-1.074c0,0-0.712-0.038-0.809,0.29l0.071,0.112
				C4.441,44.533,14.537,49.287,28.812,38.061z"></path>
			<path fill="#D51F26" d="M0.4,41.105c1.1,1.094,10.854,11.481,30.449-1.81c16.524-11.209,15.927-19.692,15.334-22.074
				c-0.009,0.003-0.018,0.006-0.027,0.009c-0.927,0.255-1.631-0.936-1.708-1.072c-0.052-0.092-0.098-0.177-0.138-0.254
				c0,0-1.225,10.932-15.499,22.156c-14.274,11.227-24.37,6.473-28.729,2.434l-0.071-0.112C-0.033,40.532,0.054,40.761,0.4,41.105z"></path>
			<path fill="#809D3D" d="M47.139,1.395c0.345,2.789,0.176,5.343-4.377,10.193c0,0-0.478,0.619-1.264,0.847
				c0,0-2.463,0.479-1.043,1.287c0,0,0.248,0.218,1.175-0.038c0.929-0.256,1.218,0.251,1.253,0.741
				c0.035,0.489,0.354,1.149,1.139,0.734c0.783-0.416,0.81-0.05,1.2,0.642c0.391,0.69,1.219,1.161,0.531-0.246
				c-0.688-1.408-0.947-2.031-0.195-3.241c1.799-2.892,3.562-6.273,3.282-9.091C48.563,0.404,46.881-0.69,47.139,1.395z"></path>
		</g>
	</symbol>

	<symbol viewBox="0 0 70.945 121.621" id="icon-deltracker-fish">
		<g>
			<path fill="#FAB17A" d="M24.212,35.271c0,0-6.203,9.443-7.124,15.295c-0.923,5.852-3.662,9.631-4.78,10.338
				c-1.121,0.709,6.457,8.082,11.798,7.761C29.445,68.344,24.212,35.271,24.212,35.271z"></path>
			<path fill="#FAB17A" d="M32.127,91.15c5.384-3.057-3.773-12.611-3.773-12.611l-0.175-0.696c0,0-3.936,10.921-6.559,12.126
				C21.62,89.969,26.743,94.206,32.127,91.15z"></path>
			<path fill="#AEA9A7" d="M41.69,43.137c0,0-0.006-7.558,6.759-4.463c6.766,3.094,13.119,5.603,14.343,10.468
				c1.225,4.866-1.728,18.241,1.561,30.106C67.638,91.115,41.69,43.137,41.69,43.137z"></path>
			<path fill="#AEA9A7" d="M60.769,114.821l4.17,2.155c19.009-33.744-25.297-77.357-31.745-84.475
				c-6.448-7.119-2.734-9.406-2.734-9.406c9.327-15.529,4.983-20.899,4.983-20.899c-1.379-1.112-9.373,6.634-9.373,6.634
				s-4.973,5.83-9.904,6.102c-17.256,0.95-15.326,3.262-15.326,3.262c2.594,7.531,14.805,8.803,16.218,8.736
				c1.413-0.067,8.169,2.061,7.054,7.808c-1.113,5.747-2.467,20.714-2.467,20.714c-2.086,20.915,8.727,39.274,19.38,51.213
				c0.026,0.028,0.05,0.053,0.079,0.087c0.007,0.009,0.016,0.018,0.021,0.026c0.556,0.619,1.109,1.223,1.661,1.807
				c1.613,1.68,3.458,3.462,3.458,3.462v0.004c6.271,5.942,11.669,9.239,13.201,9.003C63.513,121.023,60.769,114.821,60.769,114.821z"></path>
			<path fill="#8C888A" d="M46.151,64.156c21.021,30.688,19.215,48.574,18.734,52.795l0.053,0.025
				c19.009-33.744-25.297-77.357-31.745-84.475s-2.733-9.406-2.733-9.406C30.512,23.01,19.653,25.469,46.151,64.156z"></path>
			<path fill="#FAB17A" d="M43.88,92.572c0.006-0.004,0.013-0.006,0.018-0.011c-0.076-0.225-3.23-9.433-8.78-12.818l1.457,9.847
				c1.706,2.528,3.077,2.717,5.194,4.98c0.36-0.537,0.81-0.992,1.193-1.328C43.239,92.834,43.557,92.535,43.88,92.572z"></path>
			<path opacity="0.5" fill="#FAB17A" d="M43.429,109.215c-0.527-3.658,0.118-6.055,1.064-7.605l-5.566-7.457
				C23.893,70.678,23.974,39.105,24.144,34.518c-0.014,0.082-0.021,0.162-0.038,0.247c-1.115,5.746-2.469,20.714-2.469,20.714
				c-2.072,20.77,8.578,39.015,19.161,50.959c0.084,0.049,0.186,0.139,0.31,0.286C41.688,107.408,42.565,108.332,43.429,109.215z"></path>
			<circle fill="#464755" cx="62.046" cy="105.344" r="3.051"></circle>
			<path fill="#AEA9A7" d="M41.103,106.751c-0.029-0.034-0.053-0.059-0.079-0.087c0.033,0.039,0.067,0.074,0.101,0.113
				C41.118,106.769,41.109,106.76,41.103,106.751z"></path>
			<path fill="#AEA9A7" d="M42.785,108.584c1.17,1.238,2.327,2.395,3.458,3.466v-0.004C46.243,112.046,44.398,110.264,42.785,108.584z
				"></path>
			<path fill="#8C888A" d="M48.136,97.072c2.602-2.97,8.139-5.387,14.151-3.305l-1.43-2.744c-6.315-1.536-11.126-0.473-14.299,3.16
				c-3.478,3.984-4.115,10.089-4.114,14.044c1.049,1.104,2.258,2.31,3.029,3.065C45.286,108.593,44.462,101.264,48.136,97.072z"></path>
		</g>
	</symbol>

	<symbol viewBox="0 0 87.162 112.162" id="icon-deltracker-milk">
		<g>
			<polygon fill="#EDEDED" points="24.245,4.641 21.732,0 3.26,16.098 6.079,20.94 25.703,30.678 44.021,14.786 	"></polygon>
			<polygon fill="#E0E0E0" points="6.079,20.94 2.482,38.674 2.542,38.654 10.84,23.301 	"></polygon>
			<polygon fill="#C3D4E9" points="25.703,30.678 10.84,23.301 2.542,38.654 25.684,30.696 	"></polygon>
			<polygon fill="#82ACDB" points="25.673,30.678 2.473,38.656 44.794,111.666 68.279,103.521 68.279,103.521 25.801,30.568 	"></polygon>
			<polygon fill="#9ABCE1" points="44.086,14.807 44.012,14.769 25.801,30.568 68.279,103.521 86.551,87.732 	"></polygon>
		</g>
	</symbol>

	<symbol viewBox="0 0 35.142 31.75" id="icon-deltracker-mushroom">
		<g>
			<path fill="#D1C3B4" d="M34.658,13.575C35.273,7.038,28.021,1.011,18.461,0.11c-0.648-0.062-1.291-0.094-1.925-0.106
				c8.149,1.852,13.92,7.679,13.327,13.981c-0.298,3.165-2.151,5.91-4.977,7.9C30.347,20.833,34.239,18.026,34.658,13.575z"></path>
			<path fill="#E5D6C3" d="M29.863,13.985c0.593-6.303-5.178-12.13-13.327-13.981C7.817-0.158,0.61,4.224,0.036,10.317
				c-0.615,6.536,6.785,10.986,16.346,11.886c3.05,0.287,5.948,0.177,8.505-0.317C27.712,19.896,29.565,17.15,29.863,13.985z"></path>
			<path fill="#B39B7F" d="M28.604,19.345c-0.233,2.492-5.735,3.741-12.32,3.121c-6.584-0.619-11.758-2.873-11.522-5.365
				c0.233-2.492,5.762-4.01,12.346-3.391C23.691,14.329,28.839,16.853,28.604,19.345z"></path>
			<path fill="#DDCDBB" d="M11.073,17.899c0,0-0.077,5.156-0.5,6.748c-0.421,1.592-0.932,4.125,1.822,5.2
				c2.752,1.074,10.868,2.925,10.349-3.104c0,0-0.934-3.077-0.546-5.76c0.389-2.682,0.317-3.368-3.417-4.127
				C15.048,16.099,12.398,16.8,11.073,17.899z"></path>
			<path fill="#D1C3B4" d="M22.752,26.664c0,0-0.935-3.078-0.547-5.759c0.39-2.682,0.318-3.369-3.416-4.128
				c-1.834-0.372-3.403-0.392-4.687-0.187c0.949-0.016,2.011,0.079,3.18,0.316c3.733,0.759,3.806,1.445,3.416,4.127
				c-0.388,2.682,0.546,5.76,0.546,5.76c0.226,2.619-1.18,3.75-3.065,4.104C20.756,30.891,23.034,29.946,22.752,26.664z"></path>
		</g>
	</symbol>

	<symbol viewBox="0 0 187.892 219.75" id="icon-deltracker-paperbag">
		<g>
			<polygon fill="#EFBA82" points="187.54,219.438 187.54,28.236 1.054,28.236 1.054,219.453 120.767,219.453 120.767,219.438 	"></polygon>
			<rect x="134.973" y="28.239" fill="#E0AA78" width="26.352" height="191.198"></rect>
			<rect x="161.248" y="28.234" fill="#D59963" width="26.352" height="191.203"></rect>
			<polygon fill="#CB945D" points="161.283,193.102 134.947,219.438 187.618,219.438 	"></polygon>
			<g>
				<rect x="49.307" y="0.25" fill="#D59963" width="55.479" height="9.5"></rect>
				<polygon fill="#E0AA78" points="58.807,9.639 58.807,42.25 49.307,42.25 49.307,0.25 		"></polygon>
				<polygon fill="#E0AA78" points="95.307,9.639 95.307,42.25 104.807,42.25 104.807,0.25 		"></polygon>
			</g>
		</g>
	</symbol>
	 
	<symbol viewBox="0 0 13 13" id="icon-unlink" width="100%" height="100%">
		<g>
			<path fill="#262626" d="M7.7187316,9.93359629 C7.7864399,9.98437742 7.82029385,10.0520857 7.82029385,10.1367208 C7.82029385,10.2213559 7.7864399,10.2975276 7.7187316,10.3652359 L6.5761562,11.5078113 C6.08527208,11.9986954 5.50975249,12.3287727 4.84959781,12.4980433 C4.18944314,12.6673139 3.52928846,12.6673139 2.86913378,12.4980433 C2.20897911,12.3287727 1.62922802,11.9944639 1.12988012,11.495116 C0.630532222,10.9957681 0.296223381,10.416017 0.126952822,9.75586234 C-0.0423177366,9.09570767 -0.0423177366,8.43555299 0.126952822,7.77539831 C0.296223381,7.11524364 0.626300719,6.53972405 1.11718484,6.04883993 L2.25976024,4.90626453 C2.32746854,4.83855623 2.40364023,4.80470227 2.48827532,4.80470227 C2.5729104,4.80470227 2.6406187,4.83855623 2.69139983,4.90626453 L3.70702241,5.92188711 C3.75780354,5.97266824 3.78319411,6.04037654 3.78319411,6.12501162 C3.78319411,6.20964671 3.75780354,6.27735501 3.70702241,6.32813614 L2.56444701,7.47071154 C2.20897911,7.82617944 2.03124516,8.25781904 2.03124516,8.76563033 C2.03124516,9.27344162 2.20897911,9.70508121 2.56444701,10.0605491 C2.91991491,10.416017 3.35155451,10.593751 3.8593658,10.593751 C4.36717709,10.593751 4.79881668,10.416017 5.15428459,10.0605491 L6.29685999,8.91797371 C6.34764112,8.86719259 6.41534942,8.84180202 6.4999845,8.84180202 C6.58461959,8.84180202 6.65232789,8.86719259 6.70310902,8.91797371 L7.7187316,9.93359629 Z M6.29685999,3.33204953 L5.28123741,2.31642695 C5.21352911,2.26564582 5.17967515,2.19793752 5.17967515,2.11330244 C5.17967515,2.02866735 5.21352911,1.95249566 5.28123741,1.88478736 L6.42381281,0.742211957 C6.91469693,0.251327839 7.49021652,-0.0787494987 8.15037119,-0.248020058 C8.81052587,-0.417290616 9.47068055,-0.417290616 10.1308352,-0.248020058 C10.7909899,-0.0787494987 11.370741,0.255559342 11.8700889,0.754907239 C12.3694368,1.25425514 12.7037456,1.83400623 12.8730162,2.4941609 C13.0422867,3.15431558 13.0422867,3.81447026 12.8730162,4.47462493 C12.7037456,5.13477961 12.3736683,5.7102992 11.8827842,6.20118332 L10.7402088,7.34375872 C10.6725005,7.41146702 10.5963288,7.44532098 10.5116937,7.44532098 C10.4270586,7.44532098 10.3593503,7.41146702 10.3085692,7.34375872 L9.29294659,6.32813614 C9.24216546,6.27735501 9.2167749,6.20964671 9.2167749,6.12501162 C9.2167749,6.04037654 9.24216546,5.97266824 9.29294659,5.92188711 L10.435522,4.77931171 C10.7909899,4.4238438 10.9687238,3.99220421 10.9687238,3.48439292 C10.9687238,2.97658163 10.7909899,2.54494203 10.435522,2.18947413 C10.0800541,1.83400623 9.6484145,1.65627228 9.14060321,1.65627228 C8.63279192,1.65627228 8.20115232,1.83400623 7.84568442,2.18947413 L6.70310902,3.33204953 C6.65232789,3.38283066 6.58461959,3.40822123 6.4999845,3.40822123 C6.41534942,3.40822123 6.34764112,3.38283066 6.29685999,3.33204953 Z M12.2382521,12.4472622 C12.1197626,12.5657516 11.975883,12.6249961 11.8066125,12.6249961 C11.6373419,12.6249961 11.4934623,12.5657516 11.3749729,12.4472622 L0.177733951,1.25002325 C0.0592445213,1.13153382 0,0.987654209 0,0.81838365 C0,0.649113091 0.0592445213,0.505233484 0.177733951,0.386744054 L0.761716934,-0.197238929 C0.880206364,-0.315728359 1.02408597,-0.37497288 1.19335653,-0.37497288 C1.36262709,-0.37497288 1.5065067,-0.315728359 1.62499613,-0.197238929 L12.8222351,11 C12.9407245,11.1184894 12.999969,11.262369 12.999969,11.4316396 C12.999969,11.6009102 12.9407245,11.7447898 12.8222351,11.8632792 L12.2382521,12.4472622 Z" fill-rule="nonzero"></path>
		</g>
	</symbol>
	
	<symbol viewBox="0 0 30 30" id="icon-delivery-type" width="100%" height="100%">
		<g>
			<path id="Rectangle" class="cls-1" d="M14.59,16h7.53a1,1,0,0,1,.94,1v5a1,1,0,0,1-.94,1H14.59a1,1,0,0,1-.94-1V17A1,1,0,0,1,14.59,16Zm0,1v5h7.53V17Z"></path>
			<path class="cls-1" d="M14.59,8h7.53a1,1,0,0,1,.94,1v5a1,1,0,0,1-.94,1H14.59a1,1,0,0,1-.94-1V9A1,1,0,0,1,14.59,8Zm0,1v5h7.53V9Z"></path>
			<path id="Shape" class="cls-2" d="M10.82,22.64V5H8.94A1,1,0,0,1,8,4a1,1,0,0,1,.94-1h2.82a1,1,0,0,1,1,1V22.64A3.41,3.41,0,0,1,14.92,25h8.14a1,1,0,0,1,0,2H14.92a3.32,3.32,0,0,1-3.16,2.5A3.41,3.41,0,0,1,8.47,26a3.49,3.49,0,0,1,2.35-3.36Zm.94,5.86a2.5,2.5,0,0,0,0-5,2.5,2.5,0,0,0,0,5Z"></path>
		</g>
	</symbol>
	
	<symbol viewBox="0 0 20 20" id="icon-full-star-rating" width="100%" height="100%">
		<g>
			<path d="M9.5 14.25l-5.584 2.936 1.066-6.218L.465 6.564l6.243-.907L9.5 0l2.792 5.657 6.243.907-4.517 4.404 1.066 6.218" fill="#e01a22" stroke-width="0" stroke="#e01a22"></path>
		</g>
	</symbol>
	
	<symbol viewBox="0 0 20 20" id="icon-no-star-rating" width="100%" height="100%">
		<g>
			<path d="M9.5 14.25l-5.584 2.936 1.066-6.218L.465 6.564l6.243-.907L9.5 0l2.792 5.657 6.243.907-4.517 4.404 1.066 6.218" fill="#CCCCCC" stroke-width="0" stroke="#CCCCCC"></path>
		</g>
	</symbol>
	
</svg>
</div>
<div id="popup-wrapper"></div>
<div id="popup-mask" class="colrs-animate popup-mask"></div>
<div id="loader-mask" class="colrs-animate popup-mask" data-ng-class="{'is-open is-loading': mainVM.colrsState.transition.showFullPageLoader}">
	
	<div class="preloaderContainer colrs-animate large" data-colrs-preloader="" data-svg-id="popup-mask-preloader" data-size="large" data-is-animating="mainVM.colrsState.transition.showFullPageLoader" id="popup-mask-preloader" style=""><svg focusable="false" class="preloader" role="presentation" aria-hidden="true" version="1.1" xmlns="http://www.w3.org/2000/svg" xmlns:xlink="http://www.w3.org/1999/xlink" xml:space="preserve" viewBox="0 0 80 80"><circle class="circleBG" r="35" cx="40" cy="40" fill="transparent"></circle><circle class="circleStroke" r="35" cx="40" cy="40" fill="transparent" stroke-dasharray="565.48" stroke-dashoffset="565.48"></circle></svg></div>
	<!---->
</div>


<div id="page-title" class="accessibility" tabindex="-1" data-colrs-back-forth-focus="" data-ng-bind="mainVM.metadata.title">half-price-specials search results | Specials | Coles Online</div>


<div id="skip">
	<a href="#" id="content-skip-link" data-ng-click="mainVM.goToContent()">
		Skip to content</a>
	<!----><a href="#" id="category-skip-link" data-ng-if="mainVM.isCategorySkipLinkActive" data-ng-click="mainVM.goToBrowseByCategory()">
		Skip to Browse categories
	</a><!---->
	<!----><a href="#" id="trolley-skip-link" data-ng-if="mainVM.isTrolleyLinkActive" data-ng-click="mainVM.goToTrolley()">
		View trolley &amp; checkout
	</a><!---->
	<!----><a href="#" id="loginRegister-skip-link" data-ng-if="mainVM.isLoginRegisterLinkActive" data-ng-click="mainVM.goToLoginRegister()">
		Login or Sign up
	</a><!---->
	<a href="/a/national/content/accessibility-help" id="a11yHelp-skip-link" target="_self">
		Accessibility help</a>
	<!----><a href="#" id="a11yIssue-skip-link" data-ng-if="mainVM.isA11yIssueLinkActive" data-ng-click="mainVM.goToA11yIssueFeedback()">
		Accessibility issues? Let us know your feedback
	</a><!---->
</div>

<div data-colrs-announcement="" id="announcement-wrapper"><div aria-live="assertive"><!----></div></div>


<div id="accessibility-announcement" class="accessibility-announcement" data-colrs-page-message=""></div>


<div id="wrapper" class="wrapper no-extra-padding" data-colrs-hidden-scrollbar-class="no-extra-padding">
	
<!----><div id="localisation-bar" class="localisation-bar" data-ng-if="mainVM.colrsState.current.data.showTabs" colrs-localisation-bar-header="">
	<div class="localisation-bar-contents">
		<div role="text" id="localisation-bar-location" class="text-container" tabindex="-1">
			<span class="localised-prefix">
				Deliver to
			</span>
			<svg focusable="false" aria-hidden="true" role="presentation" class="icon icon-mapmarker">
				<use xlink:href="#icon-mapmarker"></use>
			</svg>
			<span class="localised-suburb">Ormond, VIC</span>
		</div>
		<button role="link" id="changeLocationBar" class="button button-link geo-location-bar" data-ng-click="localisationBarHeaderVM.changeLocation($event)">
			<span role="text" class="geo-location-bar">
				change<span class="accessibility-inline"> your location</span>
			</span>
		</button>
	</div>
	<div id="localisation-popout" class="popout localisation-popout ng-hide geo-location-bar">
		<!-- Close button-->
		<a role="button" href="#promo-dialog" class="popout-close geo-location-bar-close" data-ng-click="localisationBarHeaderVM.close($event)" ng-blur="localisationBarHeaderVM.hidePopout($event)" aria-label="Close location search">
			<div class="icon-container">
				<svg focusable="false" role="presentation" class="icon icon-cross" aria-hidden="true">
					<use xlink:href="#icon-cross"></use>
				</svg>
			</div>
		</a>
		<div class="search search-autosearch geo-location-bar">
			<form id="search-form" role="search" class="ng-pristine ng-valid">
				<label id="lblLocalisationSearch" class="accessibility-inline search-label" for="localisation-search">
					Enter your postcode or suburb
				</label>
				<input class="search-txt geo-location-bar geo-location-bar-input ng-pristine ng-untouched ng-valid ng-empty" type="search" id="localisation-search" name="location" value="" autocomplete="off" autocorrect="off" autocapitalize="off" spellcheck="false" role="combobox" aria-owns="suburb-search-autocomplete" aria-autocomplete="both" aria-labelledby="lblLocalisationSearch" aria-invalid="false" aria-required="false" data-ng-model="localisationBarHeaderVM.localisationSearchTerm" ng-blur="localisationBarHeaderVM.hidePopout($event)">
				<svg focusable="false" role="presentation" class="icon icon-search geo-location-bar" aria-hidden="true">
					<use xmlns:xlink="http://www.w3.org/1999/xlink" xlink:href="#icon-search"></use>
				</svg>
				<!----><p class="fakePlaceholder geo-location-bar" aria-hidden="true" data-ng-if="!localisationBarHeaderVM.localisationSearchTerm" data-ng-click="localisationBarHeaderVM.focusInputField()" role="button">
					Enter your postcode or suburb
				</p><!---->
				<!-- Results list -->
				<div id="suggestionsAnnouncement" class="accessibility-inline" aria-live="polite"></div>
				<div id="suburb-search-autocomplete" role="listbox" class="search-autocomplete geo-location-bar">
					<div id="search-autocomplete">
						<ul class="search-ac-items">
							<!---->
							<!---->
						</ul>
					</div>
				</div>
				<!-- Cancel/Clear button-->
				<!---->
			</form>
		</div>
	</div>
</div><!---->

<header class="header">
	<div class="header-top" data-colrs-persistent-header="">
		<a href="#" class="coles-logo-container" aria-label="Home - Coles online" data-colrs-home-state="">
		    <svg focusable="false" class="coles-logo" role="presentation" aria-hidden="true">
		        <use xlink:href="#coles-logo"></use>
		    </svg>
		</a>
		<colrs-searchbar class="search product-search colrs-animate" data-ng-show="mainVM.colrsState.current.data.showSearch" data-colrs-autosuggest="" aria-hidden="false">
			<form role="search" id="search" action="javascript:void(0)" name="searchForm" novalidate="" data-colrs-search-form="" data-colrs-submit-if-valid="performSearch()" class="ng-pristine ng-valid-minlength ng-valid-maxlength ng-valid-colrs-standard-characters-validator ng-valid ng-valid-colrs-silent-required">
				<div role="alert" class="alert is-alert-bottom alert-search-term-validation" data-colrs-temp-messages="">
					<!---->
				</div>
				<label id="lblSearchTerm" class="accessibility" for="searchTerm">
					Search for a product e.g. milk in Specials
					<!----><span data-ng-if="searchForm.searchTerm.$viewValue">
						search term
					</span><!---->
				</label>
				<input type="search" id="searchTerm" class="search-txt ng-pristine ng-untouched ng-valid-minlength ng-valid-maxlength ng-valid-colrs-standard-characters-validator ng-not-empty ng-valid ng-valid-colrs-silent-required" name="searchTerm" autocomplete="off" autocorrect="off" autocapitalize="off" spellcheck="false" aria-autocomplete="list" aria-owns="search-autocomplete" aria-controls="search-autocomplete" aria-invalid="false" aria-required="false" aria-labelledby="lblSearchTerm" aria-haspopup="listbox" aria-expanded="" data-ng-minlength="2" data-ng-maxlength="65" maxlength="65" data-ng-model="searchbarVM.searchTerm" data-colrs-silent-required="" data-colrs-standard-characters-validator="" data-colrs-search-input="" data-colrs-autosuggest-input="" data-colrs-autosuggest-focus="" data-colrs-placeholder-text="" data-placeholder-class="fakePlaceholder" data-colrs-clear-focus-operation="" data-colrs-replace-char-input=""><p data-colrs-click="placeholderTextVM.focusInput();" ng-show="!model.$viewValue || model.$viewValue.length == 0" aria-hidden="true" class="fakePlaceholder ng-hide">Search for a product e.g. milk</p>
		        <button type="button" class="search-cancel is-active" aria-hidden="false" tabindex="0" aria-labelledby="lblClearSearch" data-ng-click="searchbarVM.clearSearch()">
		            <span id="lblClearSearch" class="accessibility">Clear Search</span>
		        	<svg class="icon icon-cancel" focusable="false" role="presentation" aria-hidden="true">
		                <use xlink:href="#icon-cancel"></use>
		            </svg>
		        </button>
				<button type="submit" id="btnSearch" class="search-submit" aria-disabled="false" aria-hidden="" tabindex="0" data-ng-disabled="searchForm.searchTerm.$error.colrsSilentRequired || searchForm.searchTerm.$error.minlength">
					<span role="text">
						<span class="accessibility-inline">
							Search
						</span>
						<svg focusable="false" class="icon icon-search" role="presentation" aria-hidden="true">
		                	<use xmlns:xlink="http://www.w3.org/1999/xlink" xlink:href="#icon-search"></use>
		               	</svg>
	               	</span>
               	</button>
			</form> 
			<div class="search-autocomplete" data-colrs-suggestions=""> 
				<div id="search-autocomplete" role="listbox" aria-multiselectable="false" tabindex="-1" class="search-ac-products block0 has-results search-ac-products search-ac-items">
					 <!---->
				</div>
			</div> 	
			
		</colrs-searchbar>
		<!----><colrs-multi-searchbar class="" data-ng-if="mainVM.colrsState.current.data.showSearch">
	
<div class="multisearch" data-ng-class="{'is-expanded': multiSearchbarVM.manager.isExpanded}">
	<span id="search-item-removed" class="accessibility" tabindex="-1"></span>
	<button class="button button-plain button-multisearch-show ng-hide" id="showMultiSearch" data-ng-click="multiSearchbarVM.expandSearchList()" data-ng-show="multiSearchbarVM.manager.showMultiSearch &amp;&amp; multiSearchbarVM.manager.multiSearch.hasSearchItems &amp;&amp; !multiSearchbarVM.manager.isExpanded" aria-hidden="true">
		<svg focusable="false" class="icon icon-multisearch" aria-hidden="true" role="presentation">
			<use xmlns:xlink="http://www.w3.org/1999/xlink" xlink:href="#icon-multisearch"></use>
		</svg>
		View my search list
	</button>
	<button class="button button-plain button-multisearch-show" id="createSearchList" data-ng-click="multiSearchbarVM.openEditSearchModal($event)" data-ng-show="multiSearchbarVM.manager.showMultiSearch &amp;&amp; !multiSearchbarVM.manager.multiSearch.hasSearchItems" aria-hidden="false">
		<svg focusable="false" class="icon icon-multisearch" aria-hidden="true" role="presentation">
			<use xmlns:xlink="http://www.w3.org/1999/xlink" xlink:href="#icon-multisearch"></use>
		</svg>
		Search for a list of items
	</button>
	<div class="multisearch-container colrs-animate ng-hide" data-ng-show="multiSearchbarVM.manager.showMultiSearch &amp;&amp; multiSearchbarVM.manager.multiSearch.hasSearchItems &amp;&amp; multiSearchbarVM.manager.isExpanded" aria-hidden="true">
		<div class="multisearch-header">
			<h2 class="multisearch-heading">
				<svg focusable="false" class="icon icon-multisearch" aria-hidden="true" role="presentation">
					<use xmlns:xlink="http://www.w3.org/1999/xlink" xlink:href="#icon-multisearch"></use>
				</svg>
				Search for a list of items
			</h2>
			<button class="button button-plain button-multisearch-hide" id="multisearch-expand" data-ng-click="multiSearchbarVM.collapseSearchList()">
				<span role="text">
					Hide
					<span class="accessibility-inline">my search list</span>
				</span>
				<svg focusable="false" class="icon icon-arrow" aria-hidden="true" role="presentation">
					<use xmlns:xlink="http://www.w3.org/1999/xlink" xlink:href="#icon-arrow"></use>
				</svg>
			</button>
		</div>
		<div class="multisearch-body">
			<div class="multisearch-queue-container">
				<div class="multisearch-queue has-overflow">
					<!---->
				</div>
				<!---->
			</div>
			<div class="multisearch-utils">
				<button id="manageMultiSearch" class="button button-light button-multisearch-manage" data-ng-click="multiSearchbarVM.openViewSearchModal($event)">
					Manage list
				</button>
			</div>
		</div>
	</div>
</div>

</colrs-multi-searchbar><!---->
		<!---->
		<!---->
		<!---->
		<!---->
		<!---->
		<!---->
	</div>
	<div id="colrs-sw-prodl-catalog-header-dir" mbox="" data-mboxname="colrs-sw-prodl-catalog-header" class="mboxDefault">

	</div>
	
<nav id="tabNavigation" role="navigation" class="tabs tabs-4 tab-1-active" data-ng-show="mainVM.colrsState.current.data.showTabs" data-ng-controller="TabController as tabControllerVM" aria-hidden="false">
	<ol id="tablist" class="tab-items clear">
		<!----><li class="tab-item tab-item-1 is-not-collapsible" data-colrs-tab="" data-ng-class="{'is-active': tabControllerVM.model.isActive(tab, $index + 1),'is-not-collapsible':!tab.isCloseable,'is-closable': tab.isCloseable}" data-controller="tabControllerVM" data-tab="tab" data-tab-id="home" data-ng-repeat="tab in tabControllerVM.model.tabs">
	
<a data-ng-href="/a/richmond-south/home" id="home" aria-label="Home" data-ng-click="tabControllerVM.navigateToTab($event, tab.id)" data-ng-class="{'tab-has-items' : !tab.isHideCount}" href="/a/richmond-south/home">
  	<!----><svg focusable="false" class="icon" data-ng-class="tab.getIconClass()" data-ng-if="::tab.hasIcon &amp;&amp; !tab.isIconFromImageTag" role="presentation" aria-hidden="true">
		<use xlink:href="#icon-home-tab" data-ng-href="#icon-home-tab"></use>
	</svg><!---->
	<!---->
	<span data-colrs-tab-name-display="" data-tab-name="tab.name" data-tab-short-name="tab.shortName" data-tab-a11y-name="tab.a11yName">
	<!-- TODO: Investigate if the below aria-hidden logic is necessary -->
<!----><span class="tab-item-title is-small" data-ng-if="tabNameDisplayVM.tabShortName.length > 0">Home</span><!---->
<span class="tab-item-title">Home</span>

</span>	
	<span class="tab-overflow-title-container accessibility-inline">
		<!----><!----><!----><!----><!----><!----><!----><!----><!---->			
	</span>	
	<!---->
	<span class="focus-indicator"></span>
</a>
<ng-transclude>
			<!---->
		</ng-transclude>
</li><!----><li class="tab-item tab-item-2 is-not-collapsible" data-colrs-tab="" data-ng-class="{'is-active': tabControllerVM.model.isActive(tab, $index + 1),'is-not-collapsible':!tab.isCloseable,'is-closable': tab.isCloseable}" data-controller="tabControllerVM" data-tab="tab" data-tab-id="everything" data-ng-repeat="tab in tabControllerVM.model.tabs">
	
<a data-ng-href="/a/richmond-south/everything/search" id="everything" aria-label="Everything" data-ng-click="tabControllerVM.navigateToTab($event, tab.id)" data-ng-class="{'tab-has-items' : !tab.isHideCount}" href="/a/richmond-south/everything/search" class="tab-has-items">
  	<!----><svg focusable="false" class="icon" data-ng-class="tab.getIconClass()" data-ng-if="::tab.hasIcon &amp;&amp; !tab.isIconFromImageTag" role="presentation" aria-hidden="true">
		<use xlink:href="#icon-everything-tab" data-ng-href="#icon-everything-tab"></use>
	</svg><!---->
	<!---->
	<span data-colrs-tab-name-display="" data-tab-name="tab.name" data-tab-short-name="tab.shortName" data-tab-a11y-name="tab.a11yName">
	<!-- TODO: Investigate if the below aria-hidden logic is necessary -->
<!----><span class="tab-item-title is-small" data-ng-if="tabNameDisplayVM.tabShortName.length > 0">All</span><!---->
<span class="tab-item-title">Everything</span>

</span>	
	<span class="tab-overflow-title-container accessibility-inline">
		<!----><!----><!----><!----><!----><!----><!----><!----><!---->			
	</span>	
	<!----><span class="items-found-wrapper" aria-hidden="true" data-ng-if="!tab.isHideCount &amp;&amp; (mainVM.colrsState.isSearchMode() || mainVM.colrsState.isMultiSearchMode())">
		<span class="items-found" data-ng-show="!(tab.isLoading) &amp;&amp; (tab.displayCount >= 0)" data-ng-bind="tab.displayCount | number" aria-hidden="false">422</span>
	</span><!---->
	<span class="focus-indicator"></span>
</a>
<ng-transclude>
			<!---->
		</ng-transclude>
</li><!----><li class="tab-item tab-item-3 is-not-collapsible" data-colrs-tab="" data-ng-class="{'is-active': tabControllerVM.model.isActive(tab, $index + 1),'is-not-collapsible':!tab.isCloseable,'is-closable': tab.isCloseable}" data-controller="tabControllerVM" data-tab="tab" data-tab-id="bought-before" data-ng-repeat="tab in tabControllerVM.model.tabs">
	
<a data-ng-href="/a/richmond-south/bought-before/search" id="bought-before" aria-label="Bought Before" data-ng-click="tabControllerVM.navigateToTab($event, tab.id)" data-ng-class="{'tab-has-items' : !tab.isHideCount}" href="/a/richmond-south/bought-before/search" class="tab-has-items">
  	<!----><svg focusable="false" class="icon" data-ng-class="tab.getIconClass()" data-ng-if="::tab.hasIcon &amp;&amp; !tab.isIconFromImageTag" role="presentation" aria-hidden="true">
		<use xlink:href="#icon-bought-before-tab" data-ng-href="#icon-bought-before-tab"></use>
	</svg><!---->
	<!---->
	<span data-colrs-tab-name-display="" data-tab-name="tab.name" data-tab-short-name="tab.shortName" data-tab-a11y-name="tab.a11yName">
	<!-- TODO: Investigate if the below aria-hidden logic is necessary -->
<!----><span class="tab-item-title is-small" data-ng-if="tabNameDisplayVM.tabShortName.length > 0">Bought Before</span><!---->
<span class="tab-item-title">Bought Before</span>

</span>	
	<span class="tab-overflow-title-container accessibility-inline">
		<!----><!----><!----><!----><!----><!----><!----><!----><!---->			
	</span>	
	<!----><span class="items-found-wrapper" aria-hidden="true" data-ng-if="!tab.isHideCount &amp;&amp; (mainVM.colrsState.isSearchMode() || mainVM.colrsState.isMultiSearchMode())">
		<span class="items-found" data-ng-show="!(tab.isLoading) &amp;&amp; (tab.displayCount >= 0)" data-ng-bind="tab.displayCount | number" aria-hidden="false">0</span>
	</span><!---->
	<span class="focus-indicator"></span>
</a>
<ng-transclude>
			<!---->
		</ng-transclude>
</li><!----><li class="tab-item tab-item-4 is-active is-not-collapsible" data-colrs-tab="" data-ng-class="{'is-active': tabControllerVM.model.isActive(tab, $index + 1),'is-not-collapsible':!tab.isCloseable,'is-closable': tab.isCloseable}" data-controller="tabControllerVM" data-tab="tab" data-tab-id="specials" data-ng-repeat="tab in tabControllerVM.model.tabs">
	
<a data-ng-href="/a/richmond-south/specials/browse" id="specials" aria-label="Specials" data-ng-click="tabControllerVM.navigateToTab($event, tab.id)" data-ng-class="{'tab-has-items' : !tab.isHideCount}" href="/a/richmond-south/specials/browse" class="tab-has-items">
  	<!----><svg focusable="false" class="icon" data-ng-class="tab.getIconClass()" data-ng-if="::tab.hasIcon &amp;&amp; !tab.isIconFromImageTag" role="presentation" aria-hidden="true">
		<use xlink:href="#icon-specials-tab" data-ng-href="#icon-specials-tab"></use>
	</svg><!---->
	<!---->
	<span data-colrs-tab-name-display="" data-tab-name="tab.name" data-tab-short-name="tab.shortName" data-tab-a11y-name="tab.a11yName">
	<!-- TODO: Investigate if the below aria-hidden logic is necessary -->
<!----><span class="tab-item-title is-small" data-ng-if="tabNameDisplayVM.tabShortName.length > 0">Specials</span><!---->
<span class="tab-item-title">Specials</span>

</span>	
	<span class="tab-overflow-title-container accessibility-inline">
		<!----><!----><!----><!----><!----><!----><!----><!----><!---->			
	</span>	
	<!----><span class="items-found-wrapper" aria-hidden="true" data-ng-if="!tab.isHideCount &amp;&amp; (mainVM.colrsState.isSearchMode() || mainVM.colrsState.isMultiSearchMode())">
		<span class="items-found" data-ng-show="!(tab.isLoading) &amp;&amp; (tab.displayCount >= 0)" data-ng-bind="tab.displayCount | number" aria-hidden="false">417</span>
	</span><!---->
	<span class="focus-indicator"></span>
</a>
<ng-transclude>
			<!---->
		</ng-transclude>
</li><!---->
		<li id="tab-overflow" class="tab-item tab-dropdown-container" data-colrs-tab-overflow="" data-ng-class="{'is-expanded': tabOverflowVM.tabOverflowExpanded}">
			<button id="tab-overflow-button" class="button button-dropdown" aria-expanded="false" data-ng-click="tabOverflowVM.expandTabOverflow($event)">
				<svg focusable="false" class="icon icon-ellipsis" role="presentation" aria-hidden="true">
					<use xlink:href="#icon-ellipsis"></use>
				</svg>
				<span class="dropdown-text" aria-hidden="true">More</span>
				<span class="accessibility-inline">
					More sections
				</span>
				<span class="focus-indicator"></span>
			</button>
			<section id="tab-overflow-items" class="tab-dropdown" aria-hidden="true">
				<span class="dropdown-heading" role="text">
					Open a new tab
				</span>
				<div class="tab-overflow ng-hide" data-ng-hide="!tabOverflowVM.manager.openCloseableTabs" data-overflow-count="0" aria-hidden="true">
					<span class="dropdown-subheading" role="text">
						<span>Recently opened</span>
					</span>
					<ol>
						<!----><!----><!----><!----><!----><!----><!----><!----><!---->
					</ol>
				</div>
				<div class="tab-links">
					<ol>
						<!----><!----><li class="tab-item tab-item-1 tab-overflow-item" data-ng-repeat="shortcut in tabOverflowVM.tabShortcuts" data-ng-if="shortcut.enabled === true">
							<a id="shortcut-specialtyStores" data-ng-href="#" data-ng-click="tabOverflowVM.shortcutHandler($event, shortcut.action)" data-action="0" href="#">
								<svg focusable="false" role="presentation" aria-hidden="true" class="icon icon-specialty-stores">
								    <use xmlns:xlink="http://www.w3.org/1999/xlink" data-ng-attr-xlink:href="{{ shortcut.icon }}" xlink:href="#icon-specialty-stores"></use>
								</svg>
								<span class="tab-item-title is-small">Shop Product Selections</span>
								<span class="tab-item-title">Shop Product Selections</span>
							</a> 
						</li><!----><!----><!----><!----><!----><!---->
					</ol>
				</div>
			</section>  
		</li>
	</ol>
</nav>

</header>

	<div id="main-view">
		
		<!----><div id="tabs-views" data-ui-view="tab-content" data-ng-show="mainVM.colrsState.current.data.showTabs" aria-hidden="false">
	
<div id="main" class="main" data-colrs-main-view="">
		
	<!----><div id="mobile-cat-nav-header" class="mobile-cat-nav-header" data-ng-if="mainViewVM.model.tabView.count > 0 &amp;&amp; !((mainViewVM.model.tabView.isSearchMode || mainViewVM.model.tabView.isMultiSearchMode) &amp;&amp; !mainViewVM.model.tabView.showResults)" data-colrs-cat-nav-reveal="">		
      	<button id="cat-nav-reveal" class="button button-plain cat-nav-current" aria-expanded="false" data-ng-click="catNavRevealVM.revealCatNav($event)" data-ng-disabled="!mainViewVM.model.tabView.showResults">
			<span role="text" class="accessibility" data-ng-bind="catNavRevealVM.getA11yLabel()">Categories for 'half-price-specials'</span>
      		<span aria-hidden="true" data-ng-bind="catNavRevealVM.getLabel()">Categories for 'half-price-specials'</span>
      		<svg focusable="false" class="icon icon-arrow" role="presentation" aria-hidden="true">
	    		<use xmlns:xlink="http://www.w3.org/1999/xlink" xlink:href="#icon-arrow"></use>
	    	</svg>
      	</button>
    </div><!---->
	<div id="cat-nav-container" class="colrs-animate cat-nav-container" data-colrs-cat-nav-container="" data-colrs-trap-focus="">
		<p class="accessibility catMobile-menu-text">
			Start of menu
		</p>
		
		<div id="cat-nav-header" class="colrs-animate cat-nav-header is-searching" data-colrs-cat-nav-header="">
	
<!---->
<!----><div class="colrs-animate" data-ng-if="mainViewVM.model.tabView.activeCatGrp.level === 0 &amp;&amp; (mainViewVM.model.tabView.isSearchMode || mainViewVM.model.tabView.isMultiSearchMode)" style="">
	<div class="cat-nav-current cat-nav-top-level is-searching">
		<h2 class="cat-nav-heading" id="products-navigation-browse" data-colrs-trap-initial="" tabindex="-1">
			<svg focusable="false" class="icon icon-search" role="presentation" aria-hidden="true">
				<use xmlns:xlink="http://www.w3.org/1999/xlink" xlink:href="#icon-search"></use>
			</svg>
			<span aria-hidden="true" role="text" data-ng-bind="catNavContainerVM.getHeaderSearchTitle()">Results for 'half-price-specials'</span>
			<span role="text" class="accessibility" data-ng-bind="catNavContainerVM.getA11YHeaderSearchTitle()">Browse  specials categories for half-price-specials</span>
		</h2>
		<div class="cat-nav-search-summary">
			<span class="cat-nav-item-count" role="text">
				<!----><svg class="icon #icon-specials-tab" data-ng-class="catNavContainerVM.getTabIconClass()" focusable="false" role="presentation" aria-hidden="true" data-ng-if="catNavContainerVM.hasIcon() &amp;&amp; !catNavContainerVM.isIconFromImageTag()">
	            	<use xmlns:xlink="http://www.w3.org/1999/xlink" data-ng-attr-xlink:href="{{ catNavContainerVM.getTabIconClass() }}" xlink:href="#icon-specials-tab"></use>
	        	</svg><!---->
	        	<!---->
	        	<small data-ng-bind="catNavContainerVM.getTabCount()">417 products</small>
			</span>
			<button id="clear-search" class="button-clear-search" title="Clear search" data-ng-click="catNavContainerVM.clearSearch($event)">
				Clear search
			</button>
		</div>
	</div>
    <a href="#" class="close" role="button" data-colrs-trap-first="" title="Close menu" data-ng-click="catNavContainerVM.close($event)" tabindex="0">
        <svg focusable="false" class="icon icon-cross" role="presentation" aria-hidden="true">
            <use xmlns:xlink="http://www.w3.org/1999/xlink" xlink:href="#icon-cross"></use>
        </svg>
    </a>
</div><!---->

<!----><!----><!---->
<!---->

<!----><!----><!---->

</div>
		
		<nav role="navigation" id="cat-nav" class="colrs-animate cat-nav item-l1-is-active" data-colrs-cat-nav="" aria-label="Browse categories" aria-hidden="false" style="">
	
<!----><a class="cat-nav-skip focus-outline" data-ng-if="catNavVM.enableSkipLink" href="#" data-ng-click="mainVM.goToContent()">
	<span role="text">
		View all results
	</span>	
	
</a><!---->

<div id="cat-nav-inside" class="colrs-animate cat-nav-inside">
	<div id="cat-nav-items" class="cat-nav-items" ng-switch="catNavVM.model.tabView.activeCatGrp.level" style="height:671px;"> 
		
		<div data-colrs-loading-results="" id="cat-nav-loading" class="colrs-animate loading-overlay" aria-hidden="true">
		    <div id="loading-search-term">
		        <!-- SVG Preloader -->
				<div class="preloaderContainer colrs-animate medium" data-colrs-preloader="" data-size="medium" data-is-animating="(loadingResultsVM.isAnimating)" style=""><svg focusable="false" class="preloader" role="presentation" aria-hidden="true" version="1.1" xmlns="http://www.w3.org/2000/svg" xmlns:xlink="http://www.w3.org/1999/xlink" xml:space="preserve" viewBox="0 0 80 80"><circle class="circleBG" r="35" cx="40" cy="40" fill="transparent"></circle><circle class="circleStroke" r="35" cx="40" cy="40" fill="transparent" stroke-dasharray="565.48" stroke-dashoffset="565.48"></circle></svg></div>
		        <p><strong>Searching for</strong>&nbsp;'<span>half-price-specials</span>'</p>
		    </div>
		</div>
   		
   		<!----><div class="cat-nav-item cat-nav-category-item" data-ng-if="!(catNavVM.model.tabView.isBrowseMode &amp;&amp; catNavVM.model.tabView.tabId === 'everything' &amp;&amp; catNavVM.model.tabView.activeCatGrp.level === 0)">
	<a ng-href="#" data-disabled="false" data-ng-click="catNavCategoryLiVM.gotoContent($event)" tabindex="0" href="#">
		<svg focusable="false" class="icon icon-arrow" role="presentation" aria-hidden="true">
           	<use xmlns:xlink="http://www.w3.org/1999/xlink" xlink:href="#icon-arrow"></use>
        </svg>
		<div role="text">
			<span data-ng-bind="catNavVM.getSkipLinkText()">View all results</span>
    	</div>
    </a>
</div><!---->
		
		<!----><div id="cat-nav-list-1" class="colrs-animate nav-animate-item item-l1 category-list-container" colrs-category-list="" data-catgroup="catNavVM.model.tabView.currentCatGrps[0]" ng-class="{'category-list-top-border':(catNavVM.model.tabView.tabId === 'everything' &amp;&amp; catNavVM.model.tabView.isBrowseMode)}" ng-switch-when="0" style="margin-top: 0px;"><!----><ul ng-if="catgroup.children.length > 0"><!----><li class="cat-nav-item is-disabled" data-ng-class="{'is-disabled': (catNavLiVM.getCategoryCount() === 0)}" aria-hidden="true" data-level="0" data-ng-repeat="category in catgroup.children">
    <a data-disabled="true" class="clear" data-ng-click="catNavVM.onNavItemClick($event,category.category_id)" data-category-id="1083067" data-colrs-trap-last="" data-ng-href="#" tabindex="-1" href="#">
    	<div role="text">
	        <span class="items-added" data-ng-hide="category.trolley <= 0" aria-hidden="false"><span data-ng-bind="category.trolley"></span></span>
	        <span class="item-title" data-ng-bind="::category.name">Bread &amp; Bakery</span>
	        <span class="items-found" data-ng-bind="currentCategoryCount  | number">0</span> 
	      	<!----> 
	       	<!----><span class="accessibility-inline" data-ng-if="isCurrentCategoryUnit">Products</span><!---->
      	</div> 
    </a>
</li><!----><li class="cat-nav-item is-disabled" data-ng-class="{'is-disabled': (catNavLiVM.getCategoryCount() === 0)}" aria-hidden="true" data-level="0" data-ng-repeat="category in catgroup.children">
    <a data-disabled="true" class="clear" data-ng-click="catNavVM.onNavItemClick($event,category.category_id)" data-category-id="1083064" data-colrs-trap-last="" data-ng-href="#" tabindex="-1" href="#">
    	<div role="text">
	        <span class="items-added" data-ng-hide="category.trolley <= 0" aria-hidden="false"><span data-ng-bind="category.trolley"></span></span>
	        <span class="item-title" data-ng-bind="::category.name">Fruit &amp; Vegetables</span>
	        <span class="items-found" data-ng-bind="currentCategoryCount  | number">0</span> 
	      	<!----> 
	       	<!----><span class="accessibility-inline" data-ng-if="isCurrentCategoryUnit">Products</span><!---->
      	</div> 
    </a>
</li><!----><li class="cat-nav-item is-disabled" data-ng-class="{'is-disabled': (catNavLiVM.getCategoryCount() === 0)}" aria-hidden="true" data-level="0" data-ng-repeat="category in catgroup.children">
    <a data-disabled="true" class="clear" data-ng-click="catNavVM.onNavItemClick($event,category.category_id)" data-category-id="1083068" data-colrs-trap-last="" data-ng-href="#" tabindex="-1" href="#">
    	<div role="text">
	        <span class="items-added" data-ng-hide="category.trolley <= 0" aria-hidden="false"><span data-ng-bind="category.trolley"></span></span>
	        <span class="item-title" data-ng-bind="::category.name">Meat, Seafood &amp; Deli</span>
	        <span class="items-found" data-ng-bind="currentCategoryCount  | number">0</span> 
	      	<!----> 
	       	<!----><span class="accessibility-inline" data-ng-if="isCurrentCategoryUnit">Products</span><!---->
      	</div> 
    </a>
</li><!----><li class="cat-nav-item" data-ng-class="{'is-disabled': (catNavLiVM.getCategoryCount() === 0)}" aria-hidden="false" data-level="0" data-ng-repeat="category in catgroup.children">
    <a data-disabled="" class="clear" data-ng-click="catNavVM.onNavItemClick($event,category.category_id)" data-category-id="1083053" data-colrs-trap-last="" data-ng-href="/a/richmond-south/specials/search/half-price-specials?categoryId=1083053&amp;pageNumber=1" tabindex="0" href="/a/richmond-south/specials/search/half-price-specials?categoryId=1083053&amp;pageNumber=1">
    	<div role="text">
	        <span class="items-added" data-ng-hide="category.trolley <= 0" aria-hidden="false"><span data-ng-bind="category.trolley"></span></span>
	        <span class="item-title" data-ng-bind="::category.name">Dairy, Eggs &amp; Meals</span>
	        <span class="items-found" data-ng-bind="currentCategoryCount  | number">6</span> 
	      	<!----> 
	       	<!----><span class="accessibility-inline" data-ng-if="isCurrentCategoryUnit">Products</span><!---->
      	</div> 
    </a>
</li><!----><li class="cat-nav-item" data-ng-class="{'is-disabled': (catNavLiVM.getCategoryCount() === 0)}" aria-hidden="false" data-level="0" data-ng-repeat="category in catgroup.children">
    <a data-disabled="" class="clear" data-ng-click="catNavVM.onNavItemClick($event,category.category_id)" data-category-id="1083051" data-colrs-trap-last="" data-ng-href="/a/richmond-south/specials/search/half-price-specials?categoryId=1083051&amp;pageNumber=1" tabindex="0" href="/a/richmond-south/specials/search/half-price-specials?categoryId=1083051&amp;pageNumber=1">
    	<div role="text">
	        <span class="items-added" data-ng-hide="category.trolley <= 0" aria-hidden="false"><span data-ng-bind="category.trolley"></span></span>
	        <span class="item-title" data-ng-bind="::category.name">Pantry</span>
	        <span class="items-found" data-ng-bind="currentCategoryCount  | number">175</span> 
	      	<!----> 
	       	<!----><span class="accessibility-inline" data-ng-if="isCurrentCategoryUnit">Products</span><!---->
      	</div> 
    </a>
</li><!----><li class="cat-nav-item is-disabled" data-ng-class="{'is-disabled': (catNavLiVM.getCategoryCount() === 0)}" aria-hidden="true" data-level="0" data-ng-repeat="category in catgroup.children">
    <a data-disabled="true" class="clear" data-ng-click="catNavVM.onNavItemClick($event,category.category_id)" data-category-id="4390562" data-colrs-trap-last="" data-ng-href="#" tabindex="-1" href="#">
    	<div role="text">
	        <span class="items-added" data-ng-hide="category.trolley <= 0" aria-hidden="false"><span data-ng-bind="category.trolley"></span></span>
	        <span class="item-title" data-ng-bind="::category.name">Convenience Meals</span>
	        <span class="items-found" data-ng-bind="currentCategoryCount  | number">0</span> 
	      	<!----> 
	       	<!----><span class="accessibility-inline" data-ng-if="isCurrentCategoryUnit">Products</span><!---->
      	</div> 
    </a>
</li><!----><li class="cat-nav-item" data-ng-class="{'is-disabled': (catNavLiVM.getCategoryCount() === 0)}" aria-hidden="false" data-level="0" data-ng-repeat="category in catgroup.children">
    <a data-disabled="" class="clear" data-ng-click="catNavVM.onNavItemClick($event,category.category_id)" data-category-id="1182060" data-colrs-trap-last="" data-ng-href="/a/richmond-south/specials/search/half-price-specials?categoryId=1182060&amp;pageNumber=1" tabindex="0" href="/a/richmond-south/specials/search/half-price-specials?categoryId=1182060&amp;pageNumber=1">
    	<div role="text">
	        <span class="items-added" data-ng-hide="category.trolley <= 0" aria-hidden="false"><span data-ng-bind="category.trolley"></span></span>
	        <span class="item-title" data-ng-bind="::category.name">Frozen</span>
	        <span class="items-found" data-ng-bind="currentCategoryCount  | number">23</span> 
	      	<!----> 
	       	<!----><span class="accessibility-inline" data-ng-if="isCurrentCategoryUnit">Products</span><!---->
      	</div> 
    </a>
</li><!----><li class="cat-nav-item" data-ng-class="{'is-disabled': (catNavLiVM.getCategoryCount() === 0)}" aria-hidden="false" data-level="0" data-ng-repeat="category in catgroup.children">
    <a data-disabled="" class="clear" data-ng-click="catNavVM.onNavItemClick($event,category.category_id)" data-category-id="1083058" data-colrs-trap-last="" data-ng-href="/a/richmond-south/specials/search/half-price-specials?categoryId=1083058&amp;pageNumber=1" tabindex="0" href="/a/richmond-south/specials/search/half-price-specials?categoryId=1083058&amp;pageNumber=1">
    	<div role="text">
	        <span class="items-added" data-ng-hide="category.trolley <= 0" aria-hidden="false"><span data-ng-bind="category.trolley"></span></span>
	        <span class="item-title" data-ng-bind="::category.name">Drinks</span>
	        <span class="items-found" data-ng-bind="currentCategoryCount  | number">29</span> 
	      	<!----> 
	       	<!----><span class="accessibility-inline" data-ng-if="isCurrentCategoryUnit">Products</span><!---->
      	</div> 
    </a>
</li><!----><li class="cat-nav-item is-disabled" data-ng-class="{'is-disabled': (catNavLiVM.getCategoryCount() === 0)}" aria-hidden="true" data-level="0" data-ng-repeat="category in catgroup.children">
    <a data-disabled="true" class="clear" data-ng-click="catNavVM.onNavItemClick($event,category.category_id)" data-category-id="1370059" data-colrs-trap-last="" data-ng-href="#" tabindex="-1" href="#">
    	<div role="text">
	        <span class="items-added" data-ng-hide="category.trolley <= 0" aria-hidden="false"><span data-ng-bind="category.trolley"></span></span>
	        <span class="item-title" data-ng-bind="::category.name">Liquor</span>
	        <span class="items-found" data-ng-bind="currentCategoryCount  | number">0</span> 
	      	<!----> 
	       	<!----><span class="accessibility-inline" data-ng-if="isCurrentCategoryUnit">Products</span><!---->
      	</div> 
    </a>
</li><!----><li class="cat-nav-item" data-ng-class="{'is-disabled': (catNavLiVM.getCategoryCount() === 0)}" aria-hidden="false" data-level="0" data-ng-repeat="category in catgroup.children">
    <a data-disabled="" class="clear" data-ng-click="catNavVM.onNavItemClick($event,category.category_id)" data-category-id="1083059" data-colrs-trap-last="" data-ng-href="/a/richmond-south/specials/search/half-price-specials?categoryId=1083059&amp;pageNumber=1" tabindex="0" href="/a/richmond-south/specials/search/half-price-specials?categoryId=1083059&amp;pageNumber=1">
    	<div role="text">
	        <span class="items-added" data-ng-hide="category.trolley <= 0" aria-hidden="false"><span data-ng-bind="category.trolley"></span></span>
	        <span class="item-title" data-ng-bind="::category.name">International Foods</span>
	        <span class="items-found" data-ng-bind="currentCategoryCount  | number">6</span> 
	      	<!----> 
	       	<!----><span class="accessibility-inline" data-ng-if="isCurrentCategoryUnit">Products</span><!---->
      	</div> 
    </a>
</li><!----><li class="cat-nav-item" data-ng-class="{'is-disabled': (catNavLiVM.getCategoryCount() === 0)}" aria-hidden="false" data-level="0" data-ng-repeat="category in catgroup.children">
    <a data-disabled="" class="clear" data-ng-click="catNavVM.onNavItemClick($event,category.category_id)" data-category-id="1083069" data-colrs-trap-last="" data-ng-href="/a/richmond-south/specials/search/half-price-specials?categoryId=1083069&amp;pageNumber=1" tabindex="0" href="/a/richmond-south/specials/search/half-price-specials?categoryId=1083069&amp;pageNumber=1">
    	<div role="text">
	        <span class="items-added" data-ng-hide="category.trolley <= 0" aria-hidden="false"><span data-ng-bind="category.trolley"></span></span>
	        <span class="item-title" data-ng-bind="::category.name">Healthy Living</span>
	        <span class="items-found" data-ng-bind="currentCategoryCount  | number">53</span> 
	      	<!----> 
	       	<!----><span class="accessibility-inline" data-ng-if="isCurrentCategoryUnit">Products</span><!---->
      	</div> 
    </a>
</li><!----><li class="cat-nav-item" data-ng-class="{'is-disabled': (catNavLiVM.getCategoryCount() === 0)}" aria-hidden="false" data-level="0" data-ng-repeat="category in catgroup.children">
    <a data-disabled="" class="clear" data-ng-click="catNavVM.onNavItemClick($event,category.category_id)" data-category-id="1083060" data-colrs-trap-last="" data-ng-href="/a/richmond-south/specials/search/half-price-specials?categoryId=1083060&amp;pageNumber=1" tabindex="0" href="/a/richmond-south/specials/search/half-price-specials?categoryId=1083060&amp;pageNumber=1">
    	<div role="text">
	        <span class="items-added" data-ng-hide="category.trolley <= 0" aria-hidden="false"><span data-ng-bind="category.trolley"></span></span>
	        <span class="item-title" data-ng-bind="::category.name">Household</span>
	        <span class="items-found" data-ng-bind="currentCategoryCount  | number">33</span> 
	      	<!----> 
	       	<!----><span class="accessibility-inline" data-ng-if="isCurrentCategoryUnit">Products</span><!---->
      	</div> 
    </a>
</li><!----><li class="cat-nav-item" data-ng-class="{'is-disabled': (catNavLiVM.getCategoryCount() === 0)}" aria-hidden="false" data-level="0" data-ng-repeat="category in catgroup.children">
    <a data-disabled="" class="clear" data-ng-click="catNavVM.onNavItemClick($event,category.category_id)" data-category-id="1083054" data-colrs-trap-last="" data-ng-href="/a/richmond-south/specials/search/half-price-specials?categoryId=1083054&amp;pageNumber=1" tabindex="0" href="/a/richmond-south/specials/search/half-price-specials?categoryId=1083054&amp;pageNumber=1">
    	<div role="text">
	        <span class="items-added" data-ng-hide="category.trolley <= 0" aria-hidden="false"><span data-ng-bind="category.trolley"></span></span>
	        <span class="item-title" data-ng-bind="::category.name">Health &amp; Beauty</span>
	        <span class="items-found" data-ng-bind="currentCategoryCount  | number">165</span> 
	      	<!----> 
	       	<!----><span class="accessibility-inline" data-ng-if="isCurrentCategoryUnit">Products</span><!---->
      	</div> 
    </a>
</li><!----><li class="cat-nav-item is-disabled" data-ng-class="{'is-disabled': (catNavLiVM.getCategoryCount() === 0)}" aria-hidden="true" data-level="0" data-ng-repeat="category in catgroup.children">
    <a data-disabled="true" class="clear" data-ng-click="catNavVM.onNavItemClick($event,category.category_id)" data-category-id="1083055" data-colrs-trap-last="" data-ng-href="#" tabindex="-1" href="#">
    	<div role="text">
	        <span class="items-added" data-ng-hide="category.trolley <= 0" aria-hidden="false"><span data-ng-bind="category.trolley"></span></span>
	        <span class="item-title" data-ng-bind="::category.name">Baby</span>
	        <span class="items-found" data-ng-bind="currentCategoryCount  | number">0</span> 
	      	<!----> 
	       	<!----><span class="accessibility-inline" data-ng-if="isCurrentCategoryUnit">Products</span><!---->
      	</div> 
    </a>
</li><!----><li class="cat-nav-item is-disabled" data-ng-class="{'is-disabled': (catNavLiVM.getCategoryCount() === 0)}" aria-hidden="true" data-level="0" data-ng-repeat="category in catgroup.children">
    <a data-disabled="true" class="clear" data-ng-click="catNavVM.onNavItemClick($event,category.category_id)" data-category-id="1083061" data-colrs-trap-last="" data-ng-href="#" tabindex="-1" href="#">
    	<div role="text">
	        <span class="items-added" data-ng-hide="category.trolley <= 0" aria-hidden="false"><span data-ng-bind="category.trolley"></span></span>
	        <span class="item-title" data-ng-bind="::category.name">Pet</span>
	        <span class="items-found" data-ng-bind="currentCategoryCount  | number">0</span> 
	      	<!----> 
	       	<!----><span class="accessibility-inline" data-ng-if="isCurrentCategoryUnit">Products</span><!---->
      	</div> 
    </a>
</li><!----><li class="cat-nav-item is-disabled" data-ng-class="{'is-disabled': (catNavLiVM.getCategoryCount() === 0)}" aria-hidden="true" data-level="0" data-ng-repeat="category in catgroup.children">
    <a data-disabled="true" class="clear" data-ng-click="catNavVM.onNavItemClick($event,category.category_id)" data-category-id="1087051" data-colrs-trap-last="" data-ng-href="#" tabindex="-1" href="#">
    	<div role="text">
	        <span class="items-added" data-ng-hide="category.trolley <= 0" aria-hidden="false"><span data-ng-bind="category.trolley"></span></span>
	        <span class="item-title" data-ng-bind="::category.name">Tobacco</span>
	        <span class="items-found" data-ng-bind="currentCategoryCount  | number">0</span> 
	      	<!----> 
	       	<!----><span class="accessibility-inline" data-ng-if="isCurrentCategoryUnit">Products</span><!---->
      	</div> 
    </a>
</li><!----></ul><!----></div><!---->
		<!---->
		<!---->
		<!---->

		<!-- E-Spot for Category navigation [[RS_Category_Navavigation]] -->
		<div class="cat-nav-espot" data-ng-bind-html="trustAsHtml(catNavVM.catNavEspotContent)"></div>

	</div>
</div>

</nav>
		<p class="accessibility catMobile-menu-text">
			End of menu
		</p>
    </div>
	<div id="main-content" class="main-content">
		<div id="main-content-inside" class="main-content-inside clear">
			<main> 
				<h1 id="results-h1" class="accessibility" tabindex="-1" data-ng-show="mainViewVM.model.tabView.showResultsHeading" data-ng-bind-html="mainViewVM.model.tabView.resultsHeading" aria-hidden="false">We found 417 products for half-price-specials that are on special</h1>
				<!---->
				<!---->
				
				<!----><!----><div id="results-home" class="results-view ng-hide" data-ng-repeat="tab in mainViewVM.model.tabs track by tab.id" data-ng-show="mainVM.colrsState.current.data.tab.id === tab.id" data-ui-view="results-home" aria-hidden="true">
				</div><!----><!----><div id="results-everything" class="results-view ng-hide" data-ng-repeat="tab in mainViewVM.model.tabs track by tab.id" data-ng-show="mainVM.colrsState.current.data.tab.id === tab.id" data-ui-view="results-everything" aria-hidden="true">
				</div><!----><!----><div id="results-bought-before" class="results-view ng-hide" data-ng-repeat="tab in mainViewVM.model.tabs track by tab.id" data-ng-show="mainVM.colrsState.current.data.tab.id === tab.id" data-ui-view="results-bought-before" aria-hidden="true">
				</div><!----><!----><div id="results-specials" class="results-view" data-ng-repeat="tab in mainViewVM.model.tabs track by tab.id" data-ng-show="mainVM.colrsState.current.data.tab.id === tab.id" data-ui-view="results-specials" aria-hidden="false"><!-- BEGIN LayoutPreviewSetup.jspf--><!-- layoutPreviewLayoutId/Name/Default needs to be set before calling widgetImport  --><!-- END LayoutPreviewSetup.jspf-->


<div id="contentWrapper">
	<div id="content">
<!----><div ng-if="mainViewVM.model.views[tab.id].showResults">
	<div class="callout-container">
		
		<!---->
		
		<div data-colrs-search-age-verification="">
	

<!---->

</div>
		
   		<!---->
 	</div>
 	
	<div class="rowContainer" colrs-pagelayout="3074457345618271804" id="container_3074457345618271804" data-ng-show="resultsVM.model.display.showLayout" aria-hidden="false">
		<div class="row">
			<div class="callout-container">
				
				<div colrs-layout-slot="1">
<div style="display:none">[[RS_SearchBanner_Content]]</div>


<div data-colrs-content-rec="" data-ng-show="contentRecVM.widget.show" data-colrs-widget="colrsContentRecommendationWidget_Data_1_3074457345618261154_3074457345618264554" class="widget ng-hide" aria-hidden="true">
	
<!----><!----><!---->
<!----><div data-ng-class="[{'espotContainer' : contentRecVM.widget.hasContainer},contentRecVM.widget.containerClass]" data-ng-if="!contentRecVM.widget.isHtmlOnlyContent" class="espotContainer product-banner product-banner-citrus"> 
	<!---->
	<!---->
	<!----><div data-colrs-tile="" data-ng-repeat="tile in contentRecVM.widget.tiles">
	
<div id="tile_colrsContentRecommendationWidget_Data_1_3074457345618261154_3074457345618264554_0" data-tile-seq-no="1" data-ng-switch="::tile.type">
	<!---->
	<!---->
	<!---->
	<!----><div data-ng-switch-when="content-rec" tile="tile" data-colrs-content-tile="">
	
<div data-ng-switch="::content.format">
	<div class="accessibility" data-colrs-page-focus-point="next_product1" colrs-product-option-temp-message=""></div>
	
	<!---->
	
	<!----><div class="content-text-container" data-ng-switch-when="Text" data-ng-switch="::content.hasURL"> <!--  Check for content url -->
		<!---->
		
		<!----><div data-ng-class="::{'product is-promo': (tile.size &amp;&amp; !tile.isPromoCitrus), 'is-promo-large' : (tile.size == 2), 'product is-promo-citrus' : (tile.isPromoCitrus)}" data-ng-switch-default="" data-colrs-bind-html-compile="::content.text"><div class="espotContainer product-banner product-banner-citrus">
    <div class="citrus-banner -second-bg -bg " data-citrus-banner-id="">
        <style>
            .product-banner-citrus .citrus-banner[data-citrus-banner-id=""] {
                
            }
            .product-banner-citrus .citrus-banner[data-citrus-banner-id=""] .citrus-banner-hero-text {
                color: #;
            }
            @media screen and (max-width: 975px){
                .product-banner-citrus .citrus-banner[data-citrus-banner-id=""] .button {
                    color: #;
                    outline-color: #;
                }
            }
        </style>
        <h3 class="accessibility-inline"></h3>
        <!---->
        <!---->
        <div class="citrus-banner-content-container">
            <div class="citrus-banner-content">
                <span class="citrus-banner-hero-text">
            		<!---->
                    <span role="text" data-ng-bind-html="citrusBannerVM.manager.banner.bannerText"></span>
                </span>
                <!---->
            </div>
        </div>
    </div>
</div>​</div><!---->
	</div><!---->
</div>

</div><!---->
	<!---->
	<!---->
	<!---->
	<!---->
	<!---->
</div>

</div><!---->
</div><!---->

</div>

<div style="display:none">[[RS_SearchFilter_Content]]</div>
</div>
				
		   		<!---->
				<!----><div class="utils" data-ng-if="(resultsVM.model.display.hasResults &amp;&amp; resultsVM.model.isLoaded &amp;&amp; !mainViewVM.model.isTobaccoBoard)">
		            
					<div data-colrs-filters-view="">
	
<!----><div data-ng-if="filtersViewVM.manager.filters">
	<div class="facets">
		<button class="button button-light button-toggle-facets" aria-expanded="false" data-ng-click="filtersViewVM.toggleFilters($event)">
		    <svg focusable="false" class="icon icon-filter" role="presentation" aria-hidden="true">
		        <use xmlns:xlink="http://www.w3.org/1999/xlink" xlink:href="#icon-filter"></use>
		    </svg>
			Show filters
		</button>
	</div>
	
	<!---->
	
	<!---->
</div><!---->

</div>
					<!-- Start | E-Spot for Featured Brands - Filters popup -->
					<div id="filterBrandEspot-specials" class="section" style="display: none">
						<!-- BEGIN Widgets_701/ContentRecommendation.jsp --><!-- JSPs References: HomePage.jsp, BundleDisplay.jsp , CategoryNavigationDisplay.jsp, CompareProductsDisplay.jsp
					  DynamicKitDisplay.jsp, PackageDisplay.jsp, ProductDisplay.jsp, 
					  SearchResultDisplay.jsp, SubCategoryPage.jsp, TopCategoryPage.jsp
					   , Footer.jsp , OrderCancelNotify.jsp , OrderCreateNotify.jsp
					  OrderShipmentNotify.jsp, AccountActivationNotify.jsp, PasswordChangeNotify.jsp,
					  PasswordResetNotify.jsp, WishlistCreateNotify.jsp,  LandingPage.jsp, 	
					  ShippingDetailDisplay.jsp, ShopCartDisplay.jsp, StaticContent, 
					  Static JSPs, Footer_UI.jsp, Header_UI.jsp, ProductDescription_UI.jsp  
					  UserTime-->
<div style="display:none" aria-hidden="true">[[RS_FILTER_BRAND]]</div>
<!-- END ContentRecommendation.jsp -->
					</div>
					<!-- End | E-Spot for Featured Brands - Filters popup -->
					<div class="utils-sorted" data-colrs-sort-view="">
	
<p id="sort-options" class="sort-options-desc">
	<span role="text" id="sort-options-heading-specials" tabindex="-1"> 
		<span class="sort-options-heading" role="text">
		    <span class="accessibility-inline">
				Products on special are displayed below and are
			</span>
			Sorted by<span aria-hidden="true">:</span>
			closest match
		</span>
		<span class="sort-options-heading accessibility">
			Products on special are displayed below and are Sorted by closest match
		</span>
	</span>
	 
	<button id="sort-options-trigger" class="button button-link" aria-expanded="false" data-ng-click="sortViewVM.change($event)"> 
		<span class="tablet">
			change
			<span class="accessibility-inline">&nbsp;product sort order</span>
		</span>
		<span class="mobile">
			<span aria-hidden="true">Sort</span>
			<span class="accessibility-inline">
				change&nbsp;product sort order
			</span>
		</span>
	</button>
</p>
<div id="sort-options-wrapper-specials" class="sort-options ng-hide" data-ng-show="sortViewVM.isExpanded" data-ng-class="{'is-expanded' : sortViewVM.isExpanded}" aria-hidden="true">
	<h3 id="sort-heading-specials" class="sort-options-title" tabindex="-1">
	    <span data-colrs-tab-name-display="" data-tab-name="sortViewVM.model.active.title" data-tab-short-name="sortViewVM.model.active.shortTitle" data-tab-a11y-name="sortViewVM.model.active.a11yOptionsTitle">
	<!-- TODO: Investigate if the below aria-hidden logic is necessary -->
<!----><span class="tab-item-title is-small" data-ng-if="tabNameDisplayVM.tabShortName.length > 0">Sort options for 'Specials'</span><!---->
<span class="tab-item-title">Sort options for 'Specials'</span>

</span>
	</h3>
	<!---->
	<!---->
	<div>
		<!----><div role="presentation" class="form-field-radio-button-label" data-ng-repeat="option in sortViewVM.model.active.options">
			<input type="radio" id="CL-specials" aria-labelledby="CL-label" data-ng-model="sortViewVM.model.active.selected" data-ng-value="::option" name="sort-view-option-specials" class="ng-pristine ng-untouched ng-valid ng-not-empty" value="[object Object]" aria-invalid="false">
			<div class="form-field-radio-mask" aria-hidden="true"><span class="form-field-radio-checked"></span></div>
			<label id="CL-label" for="CL-specials" class="form-field-radio-button-label">Closest match</label>
		</div><!----><div role="presentation" class="form-field-radio-button-label" data-ng-repeat="option in sortViewVM.model.active.options">
			<input type="radio" id="UP-specials" aria-labelledby="UP-label" data-ng-model="sortViewVM.model.active.selected" data-ng-value="::option" name="sort-view-option-specials" class="ng-pristine ng-untouched ng-valid ng-not-empty" value="[object Object]" aria-invalid="false">
			<div class="form-field-radio-mask" aria-hidden="true"><span class="form-field-radio-checked"></span></div>
			<label id="UP-label" for="UP-specials" class="form-field-radio-button-label">Lowest unit price</label>
		</div><!----><div role="presentation" class="form-field-radio-button-label" data-ng-repeat="option in sortViewVM.model.active.options">
			<input type="radio" id="PR-specials" aria-labelledby="PR-label" data-ng-model="sortViewVM.model.active.selected" data-ng-value="::option" name="sort-view-option-specials" class="ng-pristine ng-untouched ng-valid ng-not-empty" value="[object Object]" aria-invalid="false">
			<div class="form-field-radio-mask" aria-hidden="true"><span class="form-field-radio-checked"></span></div>
			<label id="PR-label" for="PR-specials" class="form-field-radio-button-label">Lowest price</label>
		</div><!----><div role="presentation" class="form-field-radio-button-label" data-ng-repeat="option in sortViewVM.model.active.options">
			<input type="radio" id="BR-specials" aria-labelledby="BR-label" data-ng-model="sortViewVM.model.active.selected" data-ng-value="::option" name="sort-view-option-specials" class="ng-pristine ng-untouched ng-valid ng-not-empty" value="[object Object]" aria-invalid="false">
			<div class="form-field-radio-mask" aria-hidden="true"><span class="form-field-radio-checked"></span></div>
			<label id="BR-label" for="BR-specials" class="form-field-radio-button-label">Brand (A-Z)</label>
		</div><!----><div role="presentation" class="form-field-radio-button-label" data-ng-repeat="option in sortViewVM.model.active.options">
			<input type="radio" id="PN-specials" aria-labelledby="PN-label" data-ng-model="sortViewVM.model.active.selected" data-ng-value="::option" name="sort-view-option-specials" class="ng-pristine ng-untouched ng-valid ng-not-empty" value="[object Object]" aria-invalid="false">
			<div class="form-field-radio-mask" aria-hidden="true"><span class="form-field-radio-checked"></span></div>
			<label id="PN-label" for="PN-specials" class="form-field-radio-button-label">Product name (A-Z)</label>
		</div><!---->
	</div>
	<p class="sort-button-wrapper">
		<button class="button button-dark button-small" data-ng-click="sortViewVM.save()">
			Save
			<span class="accessibility">&nbsp;product sort order</span>
		</button>
		<button class="button button-plain button-small" data-ng-click="sortViewVM.cancel()">
			Cancel
			<span class="accessibility">&nbsp;product sort order</span>
		</button>
	</p>
</div>

</div>
				</div><!---->
				
				<div data-colrs-product-list-add-all="">
	
<!---->

</div>
			</div>
		</div>
		<div class="row">
			
			<div colrs-layout-slot="2" class="products">
<div style="display:none">[[RS_SpendStretchTile_Content]]</div>

<div style="display:none">[[RS_SearchDoubleTile_Content]]</div>


<div data-colrs-content-rec="" data-ng-show="contentRecVM.widget.show" data-colrs-widget="colrsContentRecommendationWidget_Data_2_3074457345618261154_3074457345618264557" class="widget ng-hide" aria-hidden="true">
	
<!----><!----><!---->
<!----><div data-ng-class="[{'espotContainer' : contentRecVM.widget.hasContainer},contentRecVM.widget.containerClass]" data-ng-if="!contentRecVM.widget.isHtmlOnlyContent"> 
	<!---->
	<!---->
	<!----><div data-colrs-tile="" data-ng-repeat="tile in contentRecVM.widget.tiles">
	
<div id="tile_colrsContentRecommendationWidget_Data_2_3074457345618261154_3074457345618264557_1" data-tile-seq-no="1" data-ng-switch="::tile.type">
	<!---->
	<!---->
	<!---->
	<!----><div data-ng-switch-when="content-rec" tile="tile" data-colrs-content-tile="">
	
<div data-ng-switch="::content.format">
	<div class="accessibility" data-colrs-page-focus-point="next_product1" colrs-product-option-temp-message=""></div>
	
	<!---->
	
	<!----><div class="content-text-container" data-ng-switch-when="Text" data-ng-switch="::content.hasURL"> <!--  Check for content url -->
		<!---->
		
		<!----><div data-ng-class="::{'product is-promo': (tile.size &amp;&amp; !tile.isPromoCitrus), 'is-promo-large' : (tile.size == 2), 'product is-promo-citrus' : (tile.isPromoCitrus)}" data-ng-switch-default="" data-colrs-bind-html-compile="::content.text" class="is-promo-large product is-promo-citrus"><div class="citrus-tile-content-container -bg -second-bg" data-citrus-tile-id="">
	<!---->
	<h3 class="accessibility-inline"></h3>
   	<div class="citrus-tile-hero-image-container">
		<!-- Main hero image goes here-->
		<!---->
		<!---->
	</div>
	<div class="citrus-tile-content">
		<div class="citrus-tile-hero-text-container">
			<span class="citrus-tile-hero-text">
				<span role="text" data-ng-bind-html="citrusDoubleTileVM.manager.doubleTile.bannerText"></span>
			</span>
		</div>
		<!---->
	</div>
</div></div><!---->
	</div><!---->
</div>

</div><!---->
	<!---->
	<!---->
	<!---->
	<!---->
	<!---->
</div>

</div><!---->
</div><!---->

</div>

<div style="display:none">[[RS_SearchSingleTile_Content]]</div>


<div data-colrs-content-rec="" data-ng-show="contentRecVM.widget.show" data-colrs-widget="colrsContentRecommendationWidget_Data_2_3074457345618261154_3074457345618264558" class="widget ng-hide" aria-hidden="true">
	
<!----><!----><!---->
<!----><div data-ng-class="[{'espotContainer' : contentRecVM.widget.hasContainer},contentRecVM.widget.containerClass]" data-ng-if="!contentRecVM.widget.isHtmlOnlyContent"> 
	<!---->
	<!---->
	<!----><div data-colrs-tile="" data-ng-repeat="tile in contentRecVM.widget.tiles">
	
<div id="tile_colrsContentRecommendationWidget_Data_2_3074457345618261154_3074457345618264558_2" data-tile-seq-no="3" data-ng-switch="::tile.type">
	<!---->
	<!---->
	<!---->
	<!----><div data-ng-switch-when="content-rec" tile="tile" data-colrs-content-tile="">
	
<div data-ng-switch="::content.format">
	<div class="accessibility" data-colrs-page-focus-point="next_product3" colrs-product-option-temp-message=""></div>
	
	<!---->
	
	<!----><div class="content-text-container" data-ng-switch-when="Text" data-ng-switch="::content.hasURL"> <!--  Check for content url -->
		<!---->
		
		<!----><div data-ng-class="::{'product is-promo': (tile.size &amp;&amp; !tile.isPromoCitrus), 'is-promo-large' : (tile.size == 2), 'product is-promo-citrus' : (tile.isPromoCitrus)}" data-ng-switch-default="" data-colrs-bind-html-compile="::content.text" class="product is-promo-citrus"><div class="citrus-tile-content-container -bg -second-bg" data-citrus-tile-id="">
	<!---->
   	<h3 class="accessibility-inline"></h3>
   	<div class="citrus-tile-hero-image-container">
		<!-- Main hero image goes here-->
		<!---->
		<!---->
	</div>
	<div class="citrus-tile-content">
		<div class="citrus-tile-hero-text-container">
			<span class="citrus-tile-hero-text">
				<span role="text" data-ng-bind-html="citrusSingleTileVM.manager.singleTiles[0].bannerText"></span>
		</span></div>
		<!---->
	</div>
</div></div><!---->
	</div><!---->
</div>

</div><!---->
	<!---->
	<!---->
	<!---->
	<!---->
	<!---->
</div>

</div><!---->
</div><!---->

</div>


<div data-colrs-citrus-product-list="" data-colrs-widget="colrsCitrusCatalogEntryListWidget_Data_2_3074457345618262154_3074457345618308554" class="widget">
	
<!---->

</div>




		<div data-colrs-product-list="" data-colrs-widget="colrsCatalogEntryListWidget_Data_2_3074457345618260154_3074457345618264559" class="widget">
	

<div class="clear">
	
	<!----><div data-ng-if="::productListVM.widget.searchInfo.totalCount">
       	
	    <section id="product-list">	
  			  			
    		<!----><div class="colrs-animate tile-animate" data-ng-class="::{'tile-stagger': (productListVM.widget.searchInfo.currentPage > 1)}" data-ng-repeat="tile in productListVM.widget.tiles" data-colrs-tile="" style="">
	
<div id="tile_colrsCatalogEntryListWidget_Data_2_3074457345618260154_3074457345618264559_3" data-tile-seq-no="1" data-ng-switch="::tile.type">
	<!----><div data-ng-switch-when="product" tile="tile" data-colrs-product-tile="">
	
<div class="product product-specials" data-colrs-product-style="::tile.data" data-ng-class="::{'has-merch-assoc':(productTileVM.context !== 'MODAL' &amp;&amp; product.productAssociation.isVisible &amp;&amp; product.productAssociation.isFromAssociation) || (tile.isTPB &amp;&amp; tile.hasTPBMerchAssociation), 'product-specials': tile.isTPB, 'has-flag': product.showAsUnavailable}" data-ng-hide="productTileVM.context === 'MODAL' &amp;&amp; product.showAsUnavailable &amp;&amp; !(product.isSizesVarieties)" aria-hidden="false">
	
	<!----><h2 id="specials-page-1" class="accessibility" tabindex="-1" data-ng-if="::tile.pageHeading" data-ng-bind="::tile.pageHeading">Showing products 1 to 48 of 417</h2><!---->
 	<!---->
	<!---->
    
    <!---->
	<!---->
	<header role="presentation" class="product-header" data-colrs-product-header="">
		<!----><div class="product-icons" data-ng-if="::(product.badges.length &amp;&amp; ((productTileVM.context !== 'MODAL') || (productTileVM.hasProductTicketType &amp;&amp; productTileVM.context === 'MODAL')))">
			
			<!----><svg focusable="false" class="icon icon-specials-badge" role="presentation" aria-hidden="true"><use xmlns:xlink="http://www.w3.org/1999/xlink" xlink:href="#icon-specials-badge"></use></svg><!---->
		</div><!---->
		<!----><div class="product-image-container" data-ng-if="::productTileVM.context !== 'MODAL'">
			<!---->
	        <a class="product-image-link" data-ng-attr-href="{{::productTileVM.pdpHref}}" data-ng-click="productTileVM.openProduct($event)" href="/a/richmond-south/product/sakata-rice-crackers-plain">
	            <div class="product-image">
					<span role="text">
						<img alt="Sakata Plain Rice Crackers 100g on special" data-ng-src="/wcsstore/Coles-CAS/images/6/8/7/6878175-th.jpg" data-colrs-def-product-image="" aria-hidden="true" role="presentation" src="/wcsstore/Coles-CAS/images/6/8/7/6878175-th.jpg">
						<span class="accessibility-inline">Sakata Plain Rice Crackers 100g on special</span>
					</span>
	            </div>
	        </a>
	    </div><!---->
	    <div class="product-main-info">
		    <!----><div data-ng-if="productTileVM.context !== 'MODAL'" class="accessibility-inline" data-colrs-page-focus-point="next_product1" colrs-product-option-temp-message=""></div><!---->
	    	<h3 class="product-title" data-ng-class="::{'product-no-desc': !product.showOnlineSizeDesc, 'short-width-title': product.hasRoundelPromo &amp;&amp; productTileVM.context !== 'MODAL'}" data-ng-attr-data-partnumber="{{::product.partNumber}}" data-ng-attr-data-itemid="{{::product.singleSKUCatalogEntryID}}" data-partnumber="6878175P" data-itemid="29469">
				<a data-ng-attr-href="{{::productTileVM.pdpHref}}" data-ng-click="productTileVM.openProduct($event)" href="/a/richmond-south/product/sakata-rice-crackers-plain">
					<span role="text">
						<!---->
						<span class="product-brand" data-ng-bind="::product.displayBrandText">Sakata</span>
						<span class="product-name" data-ng-bind="::product.displayNameText">Plain Rice Crackers</span>
						<span class="package-size accessibility-inline" data-ng-bind="::product.prodA11yHeadingSuffix">100g on special</span>
						<!---->
						<!---->
						<!---->
					</span>
				</a>
			</h3>
			<!---->
			<!----><span class="product-pricing-info" role="text" data-ng-if="::!product.price.isNaN">
	            <span class="price-container">
	            	<!---->
	            	<!--To reduce the space between $ and Hero price for Accessibility, combined span tags in same line-->
	            	<span class="currency-sign">$</span><span class="dollar-value" data-ng-bind="::product.price.dollarValue">1</span><span class="cent-value">.00</span>
	                <!---->
	            </span>
	            
               <!----><span class="saving-container" data-colrs-if="((productTileVM.defaultOption.hasDiscount()  &amp;&amp; !product.isMultiBuyPromo &amp;&amp; !product.tickettypeObject.isRedRing) || productTileVM.product.hasDownDown)">
                    <!----><span class="product-saving" data-colrs-if="!productTileVM.product.hasDownDown &amp;&amp; productTileVM.product.tickettype != 'X'">
                        <span class="product-save-prefix">
                            save
                        </span>
                        <span class="product-save-value">
                            <strong>$1.00</strong>
                        </span>
                    </span><!-- end colrsIf: !productTileVM.product.hasDownDown && productTileVM.product.tickettype != 'X' -->
                    <!----><strong>
                </strong></span><!-- end colrsIf: ((productTileVM.defaultOption.hasDiscount()  && !product.isMultiBuyPromo && !product.tickettypeObject.isRedRing) || productTileVM.product.hasDownDown) --><strong>
               
	        </strong></span><!----><strong>
	        <!---->
		</strong></div><strong>
        <div class="product-info">
			<p tabindex="-1">
				<!----><span class="package-size" aria-hidden="true" data-ng-if="::product.showOnlineSizeDesc" data-ng-bind="::product.sizeDescription">100g</span><!---->
				<!----><span class="delimeter" role="presentation" aria-hidden="true" data-ng-if="::(product.showOnlineSizeDesc &amp;&amp; product.unitPrice)"></span><!---->
				<span role="text">
					<span class="package-price" data-ng-bind="::product.unitPrice">$1.00 per 100G</span>
					<span class="accessibility-inline" data-ng-bind="::product.unitPriceA11y">Unit Price</span>
				</span>
			</p>
			<!---->
			<!---->
		</div>
		<!---->
	    <div class="product-price-estimate" data-colrs-product-price-estimate="" data-product="product">
	
<button class="action-alert-active ng-hide" role="text" data-ng-show="::colrsProductPriceEstimateVM.product.isWeightedItem" data-colrs-click="colrsProductPriceEstimateVM.showPriceAlertMessage()" aria-hidden="true">
    <svg focusable="false" class="icon icon-info-circle" aria-hidden="true" role="presentation">
        <use xlink:href="#icon-info-circle"></use>
    </svg>
    <span class="product-price-estimate-text">
	    Price is an estimate
		<span class="accessibility-inline">
			<!----> 
			<!---->
		</span>
	</span>
</button>
<div class="alert" aria-hidden="true" role="alert" data-ng-blur="colrsProductPriceEstimateVM.closePriceAlertMessageOnBodyClick($event)" data-ng-keydown="colrsProductPriceEstimateVM.alertKeyHandler($event)">
	<div class="alert-wrapper alert-information" data-colrs-click-ignore=""> 
		<span class="arrow"></span>
         <div class="close is-dark">
             <a data-ng-href="" class="popup-close" title="pop up" data-ng-click="colrsProductPriceEstimateVM.hidePriceAlertMessage()">
                 <svg role="presentation" focusable="false" class="icon icon-cross" aria-hidden="true">
                     <use xmlns:xlink="http://www.w3.org/1999/xlink" xlink:href="#icon-cross"></use>
                 </svg>
             </a>
         </div>
		<div class="alert-content">
			<!----> 
			<!---->
		</div>
	</div>
</div>

</div>
	    <!---->
	</strong></header><strong>
	<!---->
	<!----><div class="product-assoc-link" data-ng-class="{'isVisible': product.assocIsVisible}" data-colrs-product-assoc-link="" data-product="product" data-ng-if="productTileVM.context !== 'MODAL' &amp;&amp; !product.showAsUnavailable">
	
<button class="assoc-link-btn" data-ng-click="productAssocLinkVM.openSizesAndVarietiesModal($event, productAssocLinkVM.product)">
	<span role="text">
		<span data-ng-bind-html="productAssocLinkVM.assocLinkTxt"></span>
		<svg focusable="false" class="icon icon-arrow" role="presentation" aria-hidden="true">
		    <use xmlns:xlink="http://www.w3.org/1999/xlink" xlink:href="#icon-arrow"></use>
		</svg>
	</span>
</button>


</div><!---->
	<!-- Fat controller and lists container -->
	<div class="product-actions-container">
		<!----><div class="product-options-container" data-ng-if="productTileVM.context !== 'MODAL'" data-colrs-product-options="">
	
<!---->

</div><!---->
		<!---->
		<div class="fat-controller is-full-width" data-ng-class="{'is-full-width':!productTileVM.isRegistered}" data-container="tile" data-product="product" data-context="" data-show-savings="false" data-colrs-fat-controller="">
	
<ng-transclude></ng-transclude>
<!----><div class="fc-button" data-colrs-fat-controller-container="" data-colrs-if="fatControllerVM.showFatController" data-ng-class="{'is-expanded': fatControllerVM.isExpanded}">
	<div class="button-main-container clear" data-colrs-fat-controller-responsive="">
		<!---->
		<!---->
		<!----><button type="submit" id="_btn_6878175P" class="button button-main" data-colrs-if="(fatControllerVM.defaultType === 'STANDARD')" data-colrs-fat-controller-button="" data-colrs-fat-controller-button-main="" data-colrs-click="fatControllerVM.toggleItem()">
	
<!---->
<!----><span class="button-main-inner" data-colrs-if="!fatControllerVM.isInTrolley()" ng-transclude="">
			
			<span class="product-cta" aria-hidden="true" data-colrs-fat-controller-responsive-component="Add">
				Add
			</span>
			<span class="accessibility">Add</span>
			<span class="product-qty">1</span>
			<span class="accessibility" data-ng-bind="::fatControllerVM.product.prodA11yHeading">Sakata Plain Rice Crackers 100g on special</span>
			<span class="product-text">for</span>
			<strong class="product-price">$1.00</strong>
			<span class="accessibility">to the trolley.</span>
			
			<!-- 
			<span class="product-saving" aria-hidden="true" data-colrs-if="fatControllerVM.defaultOption.hasDiscount()"
					data-colrs-fat-controller-responsive-component="Save">
				save 
				<strong>{{fatControllerVM.defaultOption.formattedDiscount}}</strong>
			</span>
			
			<span class="accessibility" data-colrs-if="fatControllerVM.defaultOption.hasDiscount()">
				save 
				{{fatControllerVM.defaultOption.formattedDiscount}}
			</span>
			-->
		</span><!-- end colrsIf: !fatControllerVM.isInTrolley() -->

</button><!-- end colrsIf: (fatControllerVM.defaultType === 'STANDARD') -->
	</div>
	<button id="_down_6878175P" class="button button-down" aria-expanded="false" data-colrs-fat-controller-button="" data-colrs-click="fatControllerVM.toggleSelect()" data-ng-blur="fatControllerVM.resetAnnounceElements(fatControllerVM.product.partNumber)">
		<svg focusable="false" class="icon icon-dropdown-small" role="presentation" aria-hidden="true">
			<use xlink:href="#icon-dropdown-small"></use>
		</svg>
		<span class="accessibility" id="_announce_6878175P"></span>
		<span class="accessibility"><br>choose a different quantity for</span>
		<span class="accessibility" data-ng-bind="::fatControllerVM.product.prodA11yHeading">Sakata Plain Rice Crackers 100g on special</span>
	</button>
	<div class="button-confirmation">
		<div class="button-confirmation-container clear">
			<div class="button-confirmation-label">
				<span data-colrs-fat-controller-animation-message=""></span>
			</div>
		</div>
		<div class="button-confirmation-icon">
			<span class="icon-loading"></span>
		</div>
	</div>
	<!---->
	<p role="text" id="_proc_6878175P" class="accessibility" tabindex="-1"></p>
</div><!-- end colrsIf: fatControllerVM.showFatController -->

<!---->

</div>
	</div>
</strong></div><strong>

</strong></div><!---->
	<!---->
	<!---->
	<!---->
	<!---->
	<!---->
	<!---->
	<!---->
	<!---->
</div>

</div><!----><div class="colrs-animate tile-animate" data-ng-class="::{'tile-stagger': (productListVM.widget.searchInfo.currentPage > 1)}" data-ng-repeat="tile in productListVM.widget.tiles" data-colrs-tile="">
	
<div id="tile_colrsCatalogEntryListWidget_Data_2_3074457345618260154_3074457345618264559_4" data-tile-seq-no="2" data-ng-switch="::tile.type">
	<!----><div data-ng-switch-when="product" tile="tile" data-colrs-product-tile="">
	
<div class="product product-specials" data-colrs-product-style="::tile.data" data-ng-class="::{'has-merch-assoc':(productTileVM.context !== 'MODAL' &amp;&amp; product.productAssociation.isVisible &amp;&amp; product.productAssociation.isFromAssociation) || (tile.isTPB &amp;&amp; tile.hasTPBMerchAssociation), 'product-specials': tile.isTPB, 'has-flag': product.showAsUnavailable}" data-ng-hide="productTileVM.context === 'MODAL' &amp;&amp; product.showAsUnavailable &amp;&amp; !(product.isSizesVarieties)" aria-hidden="false">
	
	<!---->
 	<!---->
	<!---->
    
    <!---->
	<!---->
	<header role="presentation" class="product-header" data-colrs-product-header="">
		<!----><div class="product-icons" data-ng-if="::(product.badges.length &amp;&amp; ((productTileVM.context !== 'MODAL') || (productTileVM.hasProductTicketType &amp;&amp; productTileVM.context === 'MODAL')))">
			
			<!----><svg focusable="false" class="icon icon-specials-badge" role="presentation" aria-hidden="true"><use xmlns:xlink="http://www.w3.org/1999/xlink" xlink:href="#icon-specials-badge"></use></svg><!---->
		</div><!---->
		<!----><div class="product-image-container" data-ng-if="::productTileVM.context !== 'MODAL'">
			<!---->
	        <a class="product-image-link" data-ng-attr-href="{{::productTileVM.pdpHref}}" data-ng-click="productTileVM.openProduct($event)" href="/a/richmond-south/product/sakata-rice-crackers-seaweed">
	            <div class="product-image">
					<span role="text">
						<img alt="Sakata Seaweed Rice Crackers 90g on special" data-ng-src="/wcsstore/Coles-CAS/images/6/9/8/6982406-th.jpg" data-colrs-def-product-image="" aria-hidden="true" role="presentation" src="/wcsstore/Coles-CAS/images/6/9/8/6982406-th.jpg">
						<span class="accessibility-inline">Sakata Seaweed Rice Crackers 90g on special</span>
					</span>
	            </div>
	        </a>
	    </div><!---->
	    <div class="product-main-info">
		    <!----><div data-ng-if="productTileVM.context !== 'MODAL'" class="accessibility-inline" data-colrs-page-focus-point="next_product2" colrs-product-option-temp-message=""></div><!---->
	    	<h3 class="product-title" data-ng-class="::{'product-no-desc': !product.showOnlineSizeDesc, 'short-width-title': product.hasRoundelPromo &amp;&amp; productTileVM.context !== 'MODAL'}" data-ng-attr-data-partnumber="{{::product.partNumber}}" data-ng-attr-data-itemid="{{::product.singleSKUCatalogEntryID}}" data-partnumber="6982406P" data-itemid="31121">
				<a data-ng-attr-href="{{::productTileVM.pdpHref}}" data-ng-click="productTileVM.openProduct($event)" href="/a/richmond-south/product/sakata-rice-crackers-seaweed">
					<span role="text">
						<!---->
						<span class="product-brand" data-ng-bind="::product.displayBrandText">Sakata</span>
						<span class="product-name" data-ng-bind="::product.displayNameText">Seaweed Rice Crackers</span>
						<span class="package-size accessibility-inline" data-ng-bind="::product.prodA11yHeadingSuffix">90g on special</span>
						<!---->
						<!---->
						<!---->
					</span>
				</a>
			</h3>
			<!---->
			<!----><span class="product-pricing-info" role="text" data-ng-if="::!product.price.isNaN">
	            <span class="price-container">
	            	<!---->
	            	<!--To reduce the space between $ and Hero price for Accessibility, combined span tags in same line-->
	            	<span class="currency-sign">$</span><span class="dollar-value" data-ng-bind="::product.price.dollarValue">1</span><span class="cent-value">.00</span>
	                <!---->
	            </span>
	            
               <!----><span class="saving-container" data-colrs-if="((productTileVM.defaultOption.hasDiscount()  &amp;&amp; !product.isMultiBuyPromo &amp;&amp; !product.tickettypeObject.isRedRing) || productTileVM.product.hasDownDown)">
                    <!----><span class="product-saving" data-colrs-if="!productTileVM.product.hasDownDown &amp;&amp; productTileVM.product.tickettype != 'X'">
                        <span class="product-save-prefix">
                            save
                        </span>
                        <span class="product-save-value">
                            <strong>$1.00</strong>
                        </span>
                    </span><!-- end colrsIf: !productTileVM.product.hasDownDown && productTileVM.product.tickettype != 'X' -->
                    <!----><strong>
                </strong></span><!-- end colrsIf: ((productTileVM.defaultOption.hasDiscount()  && !product.isMultiBuyPromo && !product.tickettypeObject.isRedRing) || productTileVM.product.hasDownDown) --><strong>
               
	        </strong></span><!----><strong>
	        <!---->
		</strong></div><strong>
        <div class="product-info">
			<p tabindex="-1">
				<!----><span class="package-size" aria-hidden="true" data-ng-if="::product.showOnlineSizeDesc" data-ng-bind="::product.sizeDescription">90g</span><!---->
				<!----><span class="delimeter" role="presentation" aria-hidden="true" data-ng-if="::(product.showOnlineSizeDesc &amp;&amp; product.unitPrice)"></span><!---->
				<span role="text">
					<span class="package-price" data-ng-bind="::product.unitPrice">$1.11 per 100G</span>
					<span class="accessibility-inline" data-ng-bind="::product.unitPriceA11y">Unit Price</span>
				</span>
			</p>
			<!---->
			<!---->
		</div>
		<!---->
	    <div class="product-price-estimate" data-colrs-product-price-estimate="" data-product="product">
	
<button class="action-alert-active ng-hide" role="text" data-ng-show="::colrsProductPriceEstimateVM.product.isWeightedItem" data-colrs-click="colrsProductPriceEstimateVM.showPriceAlertMessage()" aria-hidden="true">
    <svg focusable="false" class="icon icon-info-circle" aria-hidden="true" role="presentation">
        <use xlink:href="#icon-info-circle"></use>
    </svg>
    <span class="product-price-estimate-text">
	    Price is an estimate
		<span class="accessibility-inline">
			<!----> 
			<!---->
		</span>
	</span>
</button>
<div class="alert" aria-hidden="true" role="alert" data-ng-blur="colrsProductPriceEstimateVM.closePriceAlertMessageOnBodyClick($event)" data-ng-keydown="colrsProductPriceEstimateVM.alertKeyHandler($event)">
	<div class="alert-wrapper alert-information" data-colrs-click-ignore=""> 
		<span class="arrow"></span>
         <div class="close is-dark">
             <a data-ng-href="" class="popup-close" title="pop up" data-ng-click="colrsProductPriceEstimateVM.hidePriceAlertMessage()">
                 <svg role="presentation" focusable="false" class="icon icon-cross" aria-hidden="true">
                     <use xmlns:xlink="http://www.w3.org/1999/xlink" xlink:href="#icon-cross"></use>
                 </svg>
             </a>
         </div>
		<div class="alert-content">
			<!----> 
			<!---->
		</div>
	</div>
</div>

</div>
	    <!---->
	</strong></header><strong>
	<!---->
	<!----><div class="product-assoc-link" data-ng-class="{'isVisible': product.assocIsVisible}" data-colrs-product-assoc-link="" data-product="product" data-ng-if="productTileVM.context !== 'MODAL' &amp;&amp; !product.showAsUnavailable">
	
<button class="assoc-link-btn" data-ng-click="productAssocLinkVM.openSizesAndVarietiesModal($event, productAssocLinkVM.product)">
	<span role="text">
		<span data-ng-bind-html="productAssocLinkVM.assocLinkTxt"></span>
		<svg focusable="false" class="icon icon-arrow" role="presentation" aria-hidden="true">
		    <use xmlns:xlink="http://www.w3.org/1999/xlink" xlink:href="#icon-arrow"></use>
		</svg>
	</span>
</button>


</div><!---->
	<!-- Fat controller and lists container -->
	<div class="product-actions-container">
		<!----><div class="product-options-container" data-ng-if="productTileVM.context !== 'MODAL'" data-colrs-product-options="">
	
<!---->

</div><!---->
		<!---->
		<div class="fat-controller is-full-width" data-ng-class="{'is-full-width':!productTileVM.isRegistered}" data-container="tile" data-product="product" data-context="" data-show-savings="false" data-colrs-fat-controller="">
	
<ng-transclude></ng-transclude>
<!----><div class="fc-button" data-colrs-fat-controller-container="" data-colrs-if="fatControllerVM.showFatController" data-ng-class="{'is-expanded': fatControllerVM.isExpanded}">
	<div class="button-main-container clear" data-colrs-fat-controller-responsive="">
		<!---->
		<!---->
		<!----><button type="submit" id="_btn_6982406P" class="button button-main" data-colrs-if="(fatControllerVM.defaultType === 'STANDARD')" data-colrs-fat-controller-button="" data-colrs-fat-controller-button-main="" data-colrs-click="fatControllerVM.toggleItem()">
	
<!---->
<!----><span class="button-main-inner" data-colrs-if="!fatControllerVM.isInTrolley()" ng-transclude="">
			
			<span class="product-cta" aria-hidden="true" data-colrs-fat-controller-responsive-component="Add">
				Add
			</span>
			<span class="accessibility">Add</span>
			<span class="product-qty">1</span>
			<span class="accessibility" data-ng-bind="::fatControllerVM.product.prodA11yHeading">Sakata Seaweed Rice Crackers 90g on special</span>
			<span class="product-text">for</span>
			<strong class="product-price">$1.00</strong>
			<span class="accessibility">to the trolley.</span>
			
			<!-- 
			<span class="product-saving" aria-hidden="true" data-colrs-if="fatControllerVM.defaultOption.hasDiscount()"
					data-colrs-fat-controller-responsive-component="Save">
				save 
				<strong>{{fatControllerVM.defaultOption.formattedDiscount}}</strong>
			</span>
			
			<span class="accessibility" data-colrs-if="fatControllerVM.defaultOption.hasDiscount()">
				save 
				{{fatControllerVM.defaultOption.formattedDiscount}}
			</span>
			-->
		</span><!-- end colrsIf: !fatControllerVM.isInTrolley() -->

</button><!-- end colrsIf: (fatControllerVM.defaultType === 'STANDARD') -->
	</div>
	<button id="_down_6982406P" class="button button-down" aria-expanded="false" data-colrs-fat-controller-button="" data-colrs-click="fatControllerVM.toggleSelect()" data-ng-blur="fatControllerVM.resetAnnounceElements(fatControllerVM.product.partNumber)">
		<svg focusable="false" class="icon icon-dropdown-small" role="presentation" aria-hidden="true">
			<use xlink:href="#icon-dropdown-small"></use>
		</svg>
		<span class="accessibility" id="_announce_6982406P"></span>
		<span class="accessibility"><br>choose a different quantity for</span>
		<span class="accessibility" data-ng-bind="::fatControllerVM.product.prodA11yHeading">Sakata Seaweed Rice Crackers 90g on special</span>
	</button>
	<div class="button-confirmation">
		<div class="button-confirmation-container clear">
			<div class="button-confirmation-label">
				<span data-colrs-fat-controller-animation-message=""></span>
			</div>
		</div>
		<div class="button-confirmation-icon">
			<span class="icon-loading"></span>
		</div>
	</div>
	<!---->
	<p role="text" id="_proc_6982406P" class="accessibility" tabindex="-1"></p>
</div><!-- end colrsIf: fatControllerVM.showFatController -->

<!---->

</div>
	</div>
</strong></div><strong>

</strong></div><!---->
	<!---->
	<!---->
	<!---->
	<!---->
	<!---->
	<!---->
	<!---->
	<!---->
</div>

</div><!----><div class="colrs-animate tile-animate" data-ng-class="::{'tile-stagger': (productListVM.widget.searchInfo.currentPage > 1)}" data-ng-repeat="tile in productListVM.widget.tiles" data-colrs-tile="">
	
<div id="tile_colrsCatalogEntryListWidget_Data_2_3074457345618260154_3074457345618264559_5" data-tile-seq-no="3" data-ng-switch="::tile.type">
	<!----><div data-ng-switch-when="product" tile="tile" data-colrs-product-tile="">
	
<div class="product product-specials" data-colrs-product-style="::tile.data" data-ng-class="::{'has-merch-assoc':(productTileVM.context !== 'MODAL' &amp;&amp; product.productAssociation.isVisible &amp;&amp; product.productAssociation.isFromAssociation) || (tile.isTPB &amp;&amp; tile.hasTPBMerchAssociation), 'product-specials': tile.isTPB, 'has-flag': product.showAsUnavailable}" data-ng-hide="productTileVM.context === 'MODAL' &amp;&amp; product.showAsUnavailable &amp;&amp; !(product.isSizesVarieties)" aria-hidden="false">
	
	<!---->
 	<!---->
	<!---->
    
    <!---->
	<!---->
	<header role="presentation" class="product-header" data-colrs-product-header="">
		<!----><div class="product-icons" data-ng-if="::(product.badges.length &amp;&amp; ((productTileVM.context !== 'MODAL') || (productTileVM.hasProductTicketType &amp;&amp; productTileVM.context === 'MODAL')))">
			
			<!----><svg focusable="false" class="icon icon-specials-badge" role="presentation" aria-hidden="true"><use xmlns:xlink="http://www.w3.org/1999/xlink" xlink:href="#icon-specials-badge"></use></svg><!---->
		</div><!---->
		<!----><div class="product-image-container" data-ng-if="::productTileVM.context !== 'MODAL'">
			<!---->
	        <a class="product-image-link" data-ng-attr-href="{{::productTileVM.pdpHref}}" data-ng-click="productTileVM.openProduct($event)" href="/a/richmond-south/product/sakata-rice-crackers-classic-bbq">
	            <div class="product-image">
					<span role="text">
						<img alt="Sakata Classic BBQ Rice Crackers 100g on special" data-ng-src="/wcsstore/Coles-CAS/images/9/6/1/9610430-th.jpg" data-colrs-def-product-image="" aria-hidden="true" role="presentation" src="/wcsstore/Coles-CAS/images/9/6/1/9610430-th.jpg">
						<span class="accessibility-inline">Sakata Classic BBQ Rice Crackers 100g on special</span>
					</span>
	            </div>
	        </a>
	    </div><!---->
	    <div class="product-main-info">
		    <!----><div data-ng-if="productTileVM.context !== 'MODAL'" class="accessibility-inline" data-colrs-page-focus-point="next_product3" colrs-product-option-temp-message=""></div><!---->
	    	<h3 class="product-title" data-ng-class="::{'product-no-desc': !product.showOnlineSizeDesc, 'short-width-title': product.hasRoundelPromo &amp;&amp; productTileVM.context !== 'MODAL'}" data-ng-attr-data-partnumber="{{::product.partNumber}}" data-ng-attr-data-itemid="{{::product.singleSKUCatalogEntryID}}" data-partnumber="9610430P" data-itemid="33693">
				<a data-ng-attr-href="{{::productTileVM.pdpHref}}" data-ng-click="productTileVM.openProduct($event)" href="/a/richmond-south/product/sakata-rice-crackers-classic-bbq">
					<span role="text">
						<!---->
						<span class="product-brand" data-ng-bind="::product.displayBrandText">Sakata</span>
						<span class="product-name" data-ng-bind="::product.displayNameText">Classic BBQ Rice Crackers</span>
						<span class="package-size accessibility-inline" data-ng-bind="::product.prodA11yHeadingSuffix">100g on special</span>
						<!---->
						<!---->
						<!---->
					</span>
				</a>
			</h3>
			<!---->
			<!----><span class="product-pricing-info" role="text" data-ng-if="::!product.price.isNaN">
	            <span class="price-container">
	            	<!---->
	            	<!--To reduce the space between $ and Hero price for Accessibility, combined span tags in same line-->
	            	<span class="currency-sign">$</span><span class="dollar-value" data-ng-bind="::product.price.dollarValue">1</span><span class="cent-value">.00</span>
	                <!---->
	            </span>
	            
               <!----><span class="saving-container" data-colrs-if="((productTileVM.defaultOption.hasDiscount()  &amp;&amp; !product.isMultiBuyPromo &amp;&amp; !product.tickettypeObject.isRedRing) || productTileVM.product.hasDownDown)">
                    <!----><span class="product-saving" data-colrs-if="!productTileVM.product.hasDownDown &amp;&amp; productTileVM.product.tickettype != 'X'">
                        <span class="product-save-prefix">
                            save
                        </span>
                        <span class="product-save-value">
                            <strong>$1.00</strong>
                        </span>
                    </span><!-- end colrsIf: !productTileVM.product.hasDownDown && productTileVM.product.tickettype != 'X' -->
                    <!----><strong>
                </strong></span><!-- end colrsIf: ((productTileVM.defaultOption.hasDiscount()  && !product.isMultiBuyPromo && !product.tickettypeObject.isRedRing) || productTileVM.product.hasDownDown) --><strong>
               
	        </strong></span><!----><strong>
	        <!---->
		</strong></div><strong>
        <div class="product-info">
			<p tabindex="-1">
				<!----><span class="package-size" aria-hidden="true" data-ng-if="::product.showOnlineSizeDesc" data-ng-bind="::product.sizeDescription">100g</span><!---->
				<!----><span class="delimeter" role="presentation" aria-hidden="true" data-ng-if="::(product.showOnlineSizeDesc &amp;&amp; product.unitPrice)"></span><!---->
				<span role="text">
					<span class="package-price" data-ng-bind="::product.unitPrice">$1.00 per 100G</span>
					<span class="accessibility-inline" data-ng-bind="::product.unitPriceA11y">Unit Price</span>
				</span>
			</p>
			<!---->
			<!---->
		</div>
		<!---->
	    <div class="product-price-estimate" data-colrs-product-price-estimate="" data-product="product">
	
<button class="action-alert-active ng-hide" role="text" data-ng-show="::colrsProductPriceEstimateVM.product.isWeightedItem" data-colrs-click="colrsProductPriceEstimateVM.showPriceAlertMessage()" aria-hidden="true">
    <svg focusable="false" class="icon icon-info-circle" aria-hidden="true" role="presentation">
        <use xlink:href="#icon-info-circle"></use>
    </svg>
    <span class="product-price-estimate-text">
	    Price is an estimate
		<span class="accessibility-inline">
			<!----> 
			<!---->
		</span>
	</span>
</button>
<div class="alert" aria-hidden="true" role="alert" data-ng-blur="colrsProductPriceEstimateVM.closePriceAlertMessageOnBodyClick($event)" data-ng-keydown="colrsProductPriceEstimateVM.alertKeyHandler($event)">
	<div class="alert-wrapper alert-information" data-colrs-click-ignore=""> 
		<span class="arrow"></span>
         <div class="close is-dark">
             <a data-ng-href="" class="popup-close" title="pop up" data-ng-click="colrsProductPriceEstimateVM.hidePriceAlertMessage()">
                 <svg role="presentation" focusable="false" class="icon icon-cross" aria-hidden="true">
                     <use xmlns:xlink="http://www.w3.org/1999/xlink" xlink:href="#icon-cross"></use>
                 </svg>
             </a>
         </div>
		<div class="alert-content">
			<!----> 
			<!---->
		</div>
	</div>
</div>

</div>
	    <!---->
	</strong></header><strong>
	<!---->
	<!----><div class="product-assoc-link" data-ng-class="{'isVisible': product.assocIsVisible}" data-colrs-product-assoc-link="" data-product="product" data-ng-if="productTileVM.context !== 'MODAL' &amp;&amp; !product.showAsUnavailable">
	
<button class="assoc-link-btn" data-ng-click="productAssocLinkVM.openSizesAndVarietiesModal($event, productAssocLinkVM.product)">
	<span role="text">
		<span data-ng-bind-html="productAssocLinkVM.assocLinkTxt"></span>
		<svg focusable="false" class="icon icon-arrow" role="presentation" aria-hidden="true">
		    <use xmlns:xlink="http://www.w3.org/1999/xlink" xlink:href="#icon-arrow"></use>
		</svg>
	</span>
</button>


</div><!---->
	<!-- Fat controller and lists container -->
	<div class="product-actions-container">
		<!----><div class="product-options-container" data-ng-if="productTileVM.context !== 'MODAL'" data-colrs-product-options="">
	
<!---->

</div><!---->
		<!---->
		<div class="fat-controller is-full-width" data-ng-class="{'is-full-width':!productTileVM.isRegistered}" data-container="tile" data-product="product" data-context="" data-show-savings="false" data-colrs-fat-controller="">
	
<ng-transclude></ng-transclude>
<!----><div class="fc-button" data-colrs-fat-controller-container="" data-colrs-if="fatControllerVM.showFatController" data-ng-class="{'is-expanded': fatControllerVM.isExpanded}">
	<div class="button-main-container clear" data-colrs-fat-controller-responsive="">
		<!---->
		<!---->
		<!----><button type="submit" id="_btn_9610430P" class="button button-main" data-colrs-if="(fatControllerVM.defaultType === 'STANDARD')" data-colrs-fat-controller-button="" data-colrs-fat-controller-button-main="" data-colrs-click="fatControllerVM.toggleItem()">
	
<!---->
<!----><span class="button-main-inner" data-colrs-if="!fatControllerVM.isInTrolley()" ng-transclude="">
			
			<span class="product-cta" aria-hidden="true" data-colrs-fat-controller-responsive-component="Add">
				Add
			</span>
			<span class="accessibility">Add</span>
			<span class="product-qty">1</span>
			<span class="accessibility" data-ng-bind="::fatControllerVM.product.prodA11yHeading">Sakata Classic BBQ Rice Crackers 100g on special</span>
			<span class="product-text">for</span>
			<strong class="product-price">$1.00</strong>
			<span class="accessibility">to the trolley.</span>
			
			<!-- 
			<span class="product-saving" aria-hidden="true" data-colrs-if="fatControllerVM.defaultOption.hasDiscount()"
					data-colrs-fat-controller-responsive-component="Save">
				save 
				<strong>{{fatControllerVM.defaultOption.formattedDiscount}}</strong>
			</span>
			
			<span class="accessibility" data-colrs-if="fatControllerVM.defaultOption.hasDiscount()">
				save 
				{{fatControllerVM.defaultOption.formattedDiscount}}
			</span>
			-->
		</span><!-- end colrsIf: !fatControllerVM.isInTrolley() -->

</button><!-- end colrsIf: (fatControllerVM.defaultType === 'STANDARD') -->
	</div>
	<button id="_down_9610430P" class="button button-down" aria-expanded="false" data-colrs-fat-controller-button="" data-colrs-click="fatControllerVM.toggleSelect()" data-ng-blur="fatControllerVM.resetAnnounceElements(fatControllerVM.product.partNumber)">
		<svg focusable="false" class="icon icon-dropdown-small" role="presentation" aria-hidden="true">
			<use xlink:href="#icon-dropdown-small"></use>
		</svg>
		<span class="accessibility" id="_announce_9610430P"></span>
		<span class="accessibility"><br>choose a different quantity for</span>
		<span class="accessibility" data-ng-bind="::fatControllerVM.product.prodA11yHeading">Sakata Classic BBQ Rice Crackers 100g on special</span>
	</button>
	<div class="button-confirmation">
		<div class="button-confirmation-container clear">
			<div class="button-confirmation-label">
				<span data-colrs-fat-controller-animation-message=""></span>
			</div>
		</div>
		<div class="button-confirmation-icon">
			<span class="icon-loading"></span>
		</div>
	</div>
	<!---->
	<p role="text" id="_proc_9610430P" class="accessibility" tabindex="-1"></p>
</div><!-- end colrsIf: fatControllerVM.showFatController -->

<!---->

</div>
	</div>
</strong></div><strong>

</strong></div><!---->
	<!---->
	<!---->
	<!---->
	<!---->
	<!---->
	<!---->
	<!---->
	<!---->
</div>

</div><!----><div class="colrs-animate tile-animate" data-ng-class="::{'tile-stagger': (productListVM.widget.searchInfo.currentPage > 1)}" data-ng-repeat="tile in productListVM.widget.tiles" data-colrs-tile="" style="">
	
<div id="tile_colrsCatalogEntryListWidget_Data_2_3074457345618260154_3074457345618264559_57" data-tile-seq-no="4" data-ng-switch="::tile.type">
	<!----><div data-ng-switch-when="product" tile="tile" data-colrs-product-tile="">
	
<div class="product product-specials" data-colrs-product-style="::tile.data" data-ng-class="::{'has-merch-assoc':(productTileVM.context !== 'MODAL' &amp;&amp; product.productAssociation.isVisible &amp;&amp; product.productAssociation.isFromAssociation) || (tile.isTPB &amp;&amp; tile.hasTPBMerchAssociation), 'product-specials': tile.isTPB, 'has-flag': product.showAsUnavailable}" data-ng-hide="productTileVM.context === 'MODAL' &amp;&amp; product.showAsUnavailable &amp;&amp; !(product.isSizesVarieties)" aria-hidden="false">
	
	<!---->
 	<!---->
	<!---->
    
    <!---->
	<!---->
	<header role="presentation" class="product-header" data-colrs-product-header="">
		<!----><div class="product-icons" data-ng-if="::(product.badges.length &amp;&amp; ((productTileVM.context !== 'MODAL') || (productTileVM.hasProductTicketType &amp;&amp; productTileVM.context === 'MODAL')))">
			
			<!----><svg focusable="false" class="icon icon-specials-badge" role="presentation" aria-hidden="true"><use xmlns:xlink="http://www.w3.org/1999/xlink" xlink:href="#icon-specials-badge"></use></svg><!---->
		</div><!---->
		<!----><div class="product-image-container" data-ng-if="::productTileVM.context !== 'MODAL'">
			<!---->
	        <a class="product-image-link" data-ng-attr-href="{{::productTileVM.pdpHref}}" data-ng-click="productTileVM.openProduct($event)" href="/a/richmond-south/product/coca-cola-soft-drink-coke-chilled">
	            <div class="product-image">
					<span role="text">
						<img alt="Coca-Cola Classic Coke 1.25L on special" data-ng-src="/wcsstore/Coles-CAS/images/1/2/3/123011-th.jpg" data-colrs-def-product-image="" aria-hidden="true" role="presentation" src="/wcsstore/Coles-CAS/images/1/2/3/123011-th.jpg">
						<span class="accessibility-inline">Coca-Cola Classic Coke 1.25L on special</span>
					</span>
	            </div>
	        </a>
	    </div><!---->
	    <div class="product-main-info">
		    <!----><div data-ng-if="productTileVM.context !== 'MODAL'" class="accessibility-inline" data-colrs-page-focus-point="next_product4" colrs-product-option-temp-message=""></div><!---->
	    	<h3 class="product-title" data-ng-class="::{'product-no-desc': !product.showOnlineSizeDesc, 'short-width-title': product.hasRoundelPromo &amp;&amp; productTileVM.context !== 'MODAL'}" data-ng-attr-data-partnumber="{{::product.partNumber}}" data-ng-attr-data-itemid="{{::product.singleSKUCatalogEntryID}}" data-partnumber="123011P" data-itemid="36743">
				<a data-ng-attr-href="{{::productTileVM.pdpHref}}" data-ng-click="productTileVM.openProduct($event)" href="/a/richmond-south/product/coca-cola-soft-drink-coke-chilled">
					<span role="text">
						<!---->
						<span class="product-brand" data-ng-bind="::product.displayBrandText">Coca-Cola</span>
						<span class="product-name" data-ng-bind="::product.displayNameText">Classic Coke</span>
						<span class="package-size accessibility-inline" data-ng-bind="::product.prodA11yHeadingSuffix">1.25L on special</span>
						<!---->
						<!---->
						<!---->
					</span>
				</a>
			</h3>
			<!---->
			<!----><span class="product-pricing-info" role="text" data-ng-if="::!product.price.isNaN">
	            <span class="price-container">
	            	<!---->
	            	<!--To reduce the space between $ and Hero price for Accessibility, combined span tags in same line-->
	            	<span class="currency-sign">$</span><span class="dollar-value" data-ng-bind="::product.price.dollarValue">1</span><span class="cent-value">.50</span>
	                <!---->
	            </span>
	            
               <!----><span class="saving-container" data-colrs-if="((productTileVM.defaultOption.hasDiscount()  &amp;&amp; !product.isMultiBuyPromo &amp;&amp; !product.tickettypeObject.isRedRing) || productTileVM.product.hasDownDown)">
                    <!----><span class="product-saving" data-colrs-if="!productTileVM.product.hasDownDown &amp;&amp; productTileVM.product.tickettype != 'X'">
                        <span class="product-save-prefix">
                            save
                        </span>
                        <span class="product-save-value">
                            <strong>$1.50</strong>
                        </span>
                    </span><!-- end colrsIf: !productTileVM.product.hasDownDown && productTileVM.product.tickettype != 'X' -->
                    <!----><strong>
                </strong></span><!-- end colrsIf: ((productTileVM.defaultOption.hasDiscount()  && !product.isMultiBuyPromo && !product.tickettypeObject.isRedRing) || productTileVM.product.hasDownDown) --><strong>
               
	        </strong></span><!----><strong>
	        <!---->
		</strong></div><strong>
        <div class="product-info">
			<p tabindex="-1">
				<!----><span class="package-size" aria-hidden="true" data-ng-if="::product.showOnlineSizeDesc" data-ng-bind="::product.sizeDescription">1.25L</span><!---->
				<!----><span class="delimeter" role="presentation" aria-hidden="true" data-ng-if="::(product.showOnlineSizeDesc &amp;&amp; product.unitPrice)"></span><!---->
				<span role="text">
					<span class="package-price" data-ng-bind="::product.unitPrice">$1.20 per 1L</span>
					<span class="accessibility-inline" data-ng-bind="::product.unitPriceA11y">Unit Price</span>
				</span>
			</p>
			<!---->
			<!---->
		</div>
		<!---->
	    <div class="product-price-estimate" data-colrs-product-price-estimate="" data-product="product">
	
<button class="action-alert-active ng-hide" role="text" data-ng-show="::colrsProductPriceEstimateVM.product.isWeightedItem" data-colrs-click="colrsProductPriceEstimateVM.showPriceAlertMessage()" aria-hidden="true">
    <svg focusable="false" class="icon icon-info-circle" aria-hidden="true" role="presentation">
        <use xlink:href="#icon-info-circle"></use>
    </svg>
    <span class="product-price-estimate-text">
	    Price is an estimate
		<span class="accessibility-inline">
			<!----> 
			<!---->
		</span>
	</span>
</button>
<div class="alert" aria-hidden="true" role="alert" data-ng-blur="colrsProductPriceEstimateVM.closePriceAlertMessageOnBodyClick($event)" data-ng-keydown="colrsProductPriceEstimateVM.alertKeyHandler($event)">
	<div class="alert-wrapper alert-information" data-colrs-click-ignore=""> 
		<span class="arrow"></span>
         <div class="close is-dark">
             <a data-ng-href="" class="popup-close" title="pop up" data-ng-click="colrsProductPriceEstimateVM.hidePriceAlertMessage()">
                 <svg role="presentation" focusable="false" class="icon icon-cross" aria-hidden="true">
                     <use xmlns:xlink="http://www.w3.org/1999/xlink" xlink:href="#icon-cross"></use>
                 </svg>
             </a>
         </div>
		<div class="alert-content">
			<!----> 
			<!---->
		</div>
	</div>
</div>

</div>
	    <!---->
	</strong></header><strong>
	<!---->
	<!----><div class="product-assoc-link" data-ng-class="{'isVisible': product.assocIsVisible}" data-colrs-product-assoc-link="" data-product="product" data-ng-if="productTileVM.context !== 'MODAL' &amp;&amp; !product.showAsUnavailable">
	
<button class="assoc-link-btn" data-ng-click="productAssocLinkVM.openSizesAndVarietiesModal($event, productAssocLinkVM.product)">
	<span role="text">
		<span data-ng-bind-html="productAssocLinkVM.assocLinkTxt"></span>
		<svg focusable="false" class="icon icon-arrow" role="presentation" aria-hidden="true">
		    <use xmlns:xlink="http://www.w3.org/1999/xlink" xlink:href="#icon-arrow"></use>
		</svg>
	</span>
</button>


</div><!---->
	<!-- Fat controller and lists container -->
	<div class="product-actions-container">
		<!----><div class="product-options-container" data-ng-if="productTileVM.context !== 'MODAL'" data-colrs-product-options="">
	
<!---->

</div><!---->
		<!---->
		<div class="fat-controller is-full-width" data-ng-class="{'is-full-width':!productTileVM.isRegistered}" data-container="tile" data-product="product" data-context="" data-show-savings="false" data-colrs-fat-controller="">
	
<ng-transclude></ng-transclude>
<!----><div class="fc-button" data-colrs-fat-controller-container="" data-colrs-if="fatControllerVM.showFatController" data-ng-class="{'is-expanded': fatControllerVM.isExpanded}">
	<div class="button-main-container clear" data-colrs-fat-controller-responsive="">
		<!---->
		<!---->
		<!----><button type="submit" id="_btn_123011P" class="button button-main" data-colrs-if="(fatControllerVM.defaultType === 'STANDARD')" data-colrs-fat-controller-button="" data-colrs-fat-controller-button-main="" data-colrs-click="fatControllerVM.toggleItem()">
	
<!---->
<!----><span class="button-main-inner" data-colrs-if="!fatControllerVM.isInTrolley()" ng-transclude="">
			
			<span class="product-cta" aria-hidden="true" data-colrs-fat-controller-responsive-component="Add">
				Add
			</span>
			<span class="accessibility">Add</span>
			<span class="product-qty">1</span>
			<span class="accessibility" data-ng-bind="::fatControllerVM.product.prodA11yHeading">Coca-Cola Classic Coke 1.25L on special</span>
			<span class="product-text">for</span>
			<strong class="product-price">$1.50</strong>
			<span class="accessibility">to the trolley.</span>
			
			<!-- 
			<span class="product-saving" aria-hidden="true" data-colrs-if="fatControllerVM.defaultOption.hasDiscount()"
					data-colrs-fat-controller-responsive-component="Save">
				save 
				<strong>{{fatControllerVM.defaultOption.formattedDiscount}}</strong>
			</span>
			
			<span class="accessibility" data-colrs-if="fatControllerVM.defaultOption.hasDiscount()">
				save 
				{{fatControllerVM.defaultOption.formattedDiscount}}
			</span>
			-->
		</span><!-- end colrsIf: !fatControllerVM.isInTrolley() -->

</button><!-- end colrsIf: (fatControllerVM.defaultType === 'STANDARD') -->
	</div>
	<button id="_down_123011P" class="button button-down" aria-expanded="false" data-colrs-fat-controller-button="" data-colrs-click="fatControllerVM.toggleSelect()" data-ng-blur="fatControllerVM.resetAnnounceElements(fatControllerVM.product.partNumber)">
		<svg focusable="false" class="icon icon-dropdown-small" role="presentation" aria-hidden="true">
			<use xlink:href="#icon-dropdown-small"></use>
		</svg>
		<span class="accessibility" id="_announce_123011P"></span>
		<span class="accessibility"><br>choose a different quantity for</span>
		<span class="accessibility" data-ng-bind="::fatControllerVM.product.prodA11yHeading">Coca-Cola Classic Coke 1.25L on special</span>
	</button>
	<div class="button-confirmation">
		<div class="button-confirmation-container clear">
			<div class="button-confirmation-label">
				<span data-colrs-fat-controller-animation-message=""></span>
			</div>
		</div>
		<div class="button-confirmation-icon">
			<span class="icon-loading"></span>
		</div>
	</div>
	<!---->
	<p role="text" id="_proc_123011P" class="accessibility" tabindex="-1"></p>
</div><!-- end colrsIf: fatControllerVM.showFatController -->

<!---->

</div>
	</div>
</strong></div><strong>

</strong></div><!---->
	<!---->
	<!---->
	<!---->
	<!---->
	<!---->
	<!---->
	<!---->
	<!---->
</div>

</div><!----><div class="colrs-animate tile-animate" data-ng-class="::{'tile-stagger': (productListVM.widget.searchInfo.currentPage > 1)}" data-ng-repeat="tile in productListVM.widget.tiles" data-colrs-tile="">
	
<div id="tile_colrsCatalogEntryListWidget_Data_2_3074457345618260154_3074457345618264559_8" data-tile-seq-no="5" data-ng-switch="::tile.type">
	<!----><div data-ng-switch-when="product" tile="tile" data-colrs-product-tile="">
	
<div class="product product-specials" data-colrs-product-style="::tile.data" data-ng-class="::{'has-merch-assoc':(productTileVM.context !== 'MODAL' &amp;&amp; product.productAssociation.isVisible &amp;&amp; product.productAssociation.isFromAssociation) || (tile.isTPB &amp;&amp; tile.hasTPBMerchAssociation), 'product-specials': tile.isTPB, 'has-flag': product.showAsUnavailable}" data-ng-hide="productTileVM.context === 'MODAL' &amp;&amp; product.showAsUnavailable &amp;&amp; !(product.isSizesVarieties)" aria-hidden="false">
	
	<!---->
 	<!---->
	<!---->
    
    <!---->
	<!---->
	<header role="presentation" class="product-header" data-colrs-product-header="">
		<!----><div class="product-icons" data-ng-if="::(product.badges.length &amp;&amp; ((productTileVM.context !== 'MODAL') || (productTileVM.hasProductTicketType &amp;&amp; productTileVM.context === 'MODAL')))">
			
			<!----><svg focusable="false" class="icon icon-specials-badge" role="presentation" aria-hidden="true"><use xmlns:xlink="http://www.w3.org/1999/xlink" xlink:href="#icon-specials-badge"></use></svg><!---->
		</div><!---->
		<!----><div class="product-image-container" data-ng-if="::productTileVM.context !== 'MODAL'">
			<!---->
	        <a class="product-image-link" data-ng-attr-href="{{::productTileVM.pdpHref}}" data-ng-click="productTileVM.openProduct($event)" href="/a/richmond-south/product/steggles-chicken-breast-crumbed-tenders">
	            <div class="product-image">
					<span role="text">
						<img alt="Steggles Frozen Crumbed Chicken Breast Tenders 400g on special" data-ng-src="/wcsstore/Coles-CAS/images/8/4/3/8434627-th.jpg" data-colrs-def-product-image="" aria-hidden="true" role="presentation" src="/wcsstore/Coles-CAS/images/8/4/3/8434627-th.jpg">
						<span class="accessibility-inline">Steggles Frozen Crumbed Chicken Breast Tenders 400g on special</span>
					</span>
	            </div>
	        </a>
	    </div><!---->
	    <div class="product-main-info">
		    <!----><div data-ng-if="productTileVM.context !== 'MODAL'" class="accessibility-inline" data-colrs-page-focus-point="next_product5" colrs-product-option-temp-message=""></div><!---->
	    	<h3 class="product-title" data-ng-class="::{'product-no-desc': !product.showOnlineSizeDesc, 'short-width-title': product.hasRoundelPromo &amp;&amp; productTileVM.context !== 'MODAL'}" data-ng-attr-data-partnumber="{{::product.partNumber}}" data-ng-attr-data-itemid="{{::product.singleSKUCatalogEntryID}}" data-partnumber="8434627P" data-itemid="115969">
				<a data-ng-attr-href="{{::productTileVM.pdpHref}}" data-ng-click="productTileVM.openProduct($event)" href="/a/richmond-south/product/steggles-chicken-breast-crumbed-tenders">
					<span role="text">
						<!---->
						<span class="product-brand" data-ng-bind="::product.displayBrandText">Steggles</span>
						<span class="product-name" data-ng-bind="::product.displayNameText">Frozen Crumbed Chicken Breast Tenders</span>
						<span class="package-size accessibility-inline" data-ng-bind="::product.prodA11yHeadingSuffix">400g on special</span>
						<!---->
						<!---->
						<!---->
					</span>
				</a>
			</h3>
			<!---->
			<!----><span class="product-pricing-info" role="text" data-ng-if="::!product.price.isNaN">
	            <span class="price-container">
	            	<!---->
	            	<!--To reduce the space between $ and Hero price for Accessibility, combined span tags in same line-->
	            	<span class="currency-sign">$</span><span class="dollar-value" data-ng-bind="::product.price.dollarValue">3</span><span class="cent-value">.97</span>
	                <!---->
	            </span>
	            
               <!----><span class="saving-container" data-colrs-if="((productTileVM.defaultOption.hasDiscount()  &amp;&amp; !product.isMultiBuyPromo &amp;&amp; !product.tickettypeObject.isRedRing) || productTileVM.product.hasDownDown)">
                    <!----><span class="product-saving" data-colrs-if="!productTileVM.product.hasDownDown &amp;&amp; productTileVM.product.tickettype != 'X'">
                        <span class="product-save-prefix">
                            save
                        </span>
                        <span class="product-save-value">
                            <strong>$3.98</strong>
                        </span>
                    </span><!-- end colrsIf: !productTileVM.product.hasDownDown && productTileVM.product.tickettype != 'X' -->
                    <!----><strong>
                </strong></span><!-- end colrsIf: ((productTileVM.defaultOption.hasDiscount()  && !product.isMultiBuyPromo && !product.tickettypeObject.isRedRing) || productTileVM.product.hasDownDown) --><strong>
               
	        </strong></span><!----><strong>
	        <!---->
		</strong></div><strong>
        <div class="product-info">
			<p tabindex="-1">
				<!----><span class="package-size" aria-hidden="true" data-ng-if="::product.showOnlineSizeDesc" data-ng-bind="::product.sizeDescription">400g</span><!---->
				<!----><span class="delimeter" role="presentation" aria-hidden="true" data-ng-if="::(product.showOnlineSizeDesc &amp;&amp; product.unitPrice)"></span><!---->
				<span role="text">
					<span class="package-price" data-ng-bind="::product.unitPrice">$9.93 per 1Kg</span>
					<span class="accessibility-inline" data-ng-bind="::product.unitPriceA11y">Unit Price</span>
				</span>
			</p>
			<!---->
			<!---->
		</div>
		<!---->
	    <div class="product-price-estimate" data-colrs-product-price-estimate="" data-product="product">
	
<button class="action-alert-active ng-hide" role="text" data-ng-show="::colrsProductPriceEstimateVM.product.isWeightedItem" data-colrs-click="colrsProductPriceEstimateVM.showPriceAlertMessage()" aria-hidden="true">
    <svg focusable="false" class="icon icon-info-circle" aria-hidden="true" role="presentation">
        <use xlink:href="#icon-info-circle"></use>
    </svg>
    <span class="product-price-estimate-text">
	    Price is an estimate
		<span class="accessibility-inline">
			<!----> 
			<!---->
		</span>
	</span>
</button>
<div class="alert" aria-hidden="true" role="alert" data-ng-blur="colrsProductPriceEstimateVM.closePriceAlertMessageOnBodyClick($event)" data-ng-keydown="colrsProductPriceEstimateVM.alertKeyHandler($event)">
	<div class="alert-wrapper alert-information" data-colrs-click-ignore=""> 
		<span class="arrow"></span>
         <div class="close is-dark">
             <a data-ng-href="" class="popup-close" title="pop up" data-ng-click="colrsProductPriceEstimateVM.hidePriceAlertMessage()">
                 <svg role="presentation" focusable="false" class="icon icon-cross" aria-hidden="true">
                     <use xmlns:xlink="http://www.w3.org/1999/xlink" xlink:href="#icon-cross"></use>
                 </svg>
             </a>
         </div>
		<div class="alert-content">
			<!----> 
			<!---->
		</div>
	</div>
</div>

</div>
	    <!---->
	</strong></header><strong>
	<!---->
	<!----><div class="product-assoc-link" data-ng-class="{'isVisible': product.assocIsVisible}" data-colrs-product-assoc-link="" data-product="product" data-ng-if="productTileVM.context !== 'MODAL' &amp;&amp; !product.showAsUnavailable">
	
<button class="assoc-link-btn" data-ng-click="productAssocLinkVM.openSizesAndVarietiesModal($event, productAssocLinkVM.product)">
	<span role="text">
		<span data-ng-bind-html="productAssocLinkVM.assocLinkTxt"></span>
		<svg focusable="false" class="icon icon-arrow" role="presentation" aria-hidden="true">
		    <use xmlns:xlink="http://www.w3.org/1999/xlink" xlink:href="#icon-arrow"></use>
		</svg>
	</span>
</button>


</div><!---->
	<!-- Fat controller and lists container -->
	<div class="product-actions-container">
		<!----><div class="product-options-container" data-ng-if="productTileVM.context !== 'MODAL'" data-colrs-product-options="">
	
<!---->

</div><!---->
		<!---->
		<div class="fat-controller is-full-width" data-ng-class="{'is-full-width':!productTileVM.isRegistered}" data-container="tile" data-product="product" data-context="" data-show-savings="false" data-colrs-fat-controller="">
	
<ng-transclude></ng-transclude>
<!----><div class="fc-button" data-colrs-fat-controller-container="" data-colrs-if="fatControllerVM.showFatController" data-ng-class="{'is-expanded': fatControllerVM.isExpanded}">
	<div class="button-main-container clear" data-colrs-fat-controller-responsive="">
		<!---->
		<!---->
		<!----><button type="submit" id="_btn_8434627P" class="button button-main" data-colrs-if="(fatControllerVM.defaultType === 'STANDARD')" data-colrs-fat-controller-button="" data-colrs-fat-controller-button-main="" data-colrs-click="fatControllerVM.toggleItem()">
	
<!---->
<!----><span class="button-main-inner" data-colrs-if="!fatControllerVM.isInTrolley()" ng-transclude="">
			
			<span class="product-cta" aria-hidden="true" data-colrs-fat-controller-responsive-component="Add">
				Add
			</span>
			<span class="accessibility">Add</span>
			<span class="product-qty">1</span>
			<span class="accessibility" data-ng-bind="::fatControllerVM.product.prodA11yHeading">Steggles Frozen Crumbed Chicken Breast Tenders 400g on special</span>
			<span class="product-text">for</span>
			<strong class="product-price">$3.97</strong>
			<span class="accessibility">to the trolley.</span>
			
			<!-- 
			<span class="product-saving" aria-hidden="true" data-colrs-if="fatControllerVM.defaultOption.hasDiscount()"
					data-colrs-fat-controller-responsive-component="Save">
				save 
				<strong>{{fatControllerVM.defaultOption.formattedDiscount}}</strong>
			</span>
			
			<span class="accessibility" data-colrs-if="fatControllerVM.defaultOption.hasDiscount()">
				save 
				{{fatControllerVM.defaultOption.formattedDiscount}}
			</span>
			-->
		</span><!-- end colrsIf: !fatControllerVM.isInTrolley() -->

</button><!-- end colrsIf: (fatControllerVM.defaultType === 'STANDARD') -->
	</div>
	<button id="_down_8434627P" class="button button-down" aria-expanded="false" data-colrs-fat-controller-button="" data-colrs-click="fatControllerVM.toggleSelect()" data-ng-blur="fatControllerVM.resetAnnounceElements(fatControllerVM.product.partNumber)">
		<svg focusable="false" class="icon icon-dropdown-small" role="presentation" aria-hidden="true">
			<use xlink:href="#icon-dropdown-small"></use>
		</svg>
		<span class="accessibility" id="_announce_8434627P"></span>
		<span class="accessibility"><br>choose a different quantity for</span>
		<span class="accessibility" data-ng-bind="::fatControllerVM.product.prodA11yHeading">Steggles Frozen Crumbed Chicken Breast Tenders 400g on special</span>
	</button>
	<div class="button-confirmation">
		<div class="button-confirmation-container clear">
			<div class="button-confirmation-label">
				<span data-colrs-fat-controller-animation-message=""></span>
			</div>
		</div>
		<div class="button-confirmation-icon">
			<span class="icon-loading"></span>
		</div>
	</div>
	<!---->
	<p role="text" id="_proc_8434627P" class="accessibility" tabindex="-1"></p>
</div><!-- end colrsIf: fatControllerVM.showFatController -->

<!---->

</div>
	</div>
</strong></div><strong>

</strong></div><!---->
	<!---->
	<!---->
	<!---->
	<!---->
	<!---->
	<!---->
	<!---->
	<!---->
</div>

</div><!----><div class="colrs-animate tile-animate" data-ng-class="::{'tile-stagger': (productListVM.widget.searchInfo.currentPage > 1)}" data-ng-repeat="tile in productListVM.widget.tiles" data-colrs-tile="">
	
<div id="tile_colrsCatalogEntryListWidget_Data_2_3074457345618260154_3074457345618264559_9" data-tile-seq-no="6" data-ng-switch="::tile.type">
	<!----><div data-ng-switch-when="product" tile="tile" data-colrs-product-tile="">
	
<div class="product product-specials" data-colrs-product-style="::tile.data" data-ng-class="::{'has-merch-assoc':(productTileVM.context !== 'MODAL' &amp;&amp; product.productAssociation.isVisible &amp;&amp; product.productAssociation.isFromAssociation) || (tile.isTPB &amp;&amp; tile.hasTPBMerchAssociation), 'product-specials': tile.isTPB, 'has-flag': product.showAsUnavailable}" data-ng-hide="productTileVM.context === 'MODAL' &amp;&amp; product.showAsUnavailable &amp;&amp; !(product.isSizesVarieties)" aria-hidden="false">
	
	<!---->
 	<!---->
	<!---->
    
    <!---->
	<!---->
	<header role="presentation" class="product-header" data-colrs-product-header="">
		<!----><div class="product-icons" data-ng-if="::(product.badges.length &amp;&amp; ((productTileVM.context !== 'MODAL') || (productTileVM.hasProductTicketType &amp;&amp; productTileVM.context === 'MODAL')))">
			
			<!----><svg focusable="false" class="icon icon-specials-badge" role="presentation" aria-hidden="true"><use xmlns:xlink="http://www.w3.org/1999/xlink" xlink:href="#icon-specials-badge"></use></svg><!---->
		</div><!---->
		<!----><div class="product-image-container" data-ng-if="::productTileVM.context !== 'MODAL'">
			<!---->
	        <a class="product-image-link" data-ng-attr-href="{{::productTileVM.pdpHref}}" data-ng-click="productTileVM.openProduct($event)" href="/a/richmond-south/product/kelloggs-cereal-rice-bubbles-8495803p">
	            <div class="product-image">
					<span role="text">
						<img alt="Kellogg's Rice Bubbles Puffed Rice Breakfast Cereal 410g on special" data-ng-src="/wcsstore/Coles-CAS/images/8/4/9/8495803-th.jpg" data-colrs-def-product-image="" aria-hidden="true" role="presentation" src="/wcsstore/Coles-CAS/images/8/4/9/8495803-th.jpg">
						<span class="accessibility-inline">Kellogg's Rice Bubbles Puffed Rice Breakfast Cereal 410g on special</span>
					</span>
	            </div>
	        </a>
	    </div><!---->
	    <div class="product-main-info">
		    <!----><div data-ng-if="productTileVM.context !== 'MODAL'" class="accessibility-inline" data-colrs-page-focus-point="next_product6" colrs-product-option-temp-message=""></div><!---->
	    	<h3 class="product-title" data-ng-class="::{'product-no-desc': !product.showOnlineSizeDesc, 'short-width-title': product.hasRoundelPromo &amp;&amp; productTileVM.context !== 'MODAL'}" data-ng-attr-data-partnumber="{{::product.partNumber}}" data-ng-attr-data-itemid="{{::product.singleSKUCatalogEntryID}}" data-partnumber="8495803P" data-itemid="113767">
				<a data-ng-attr-href="{{::productTileVM.pdpHref}}" data-ng-click="productTileVM.openProduct($event)" href="/a/richmond-south/product/kelloggs-cereal-rice-bubbles-8495803p">
					<span role="text">
						<!---->
						<span class="product-brand" data-ng-bind="::product.displayBrandText">Kellogg's</span>
						<span class="product-name" data-ng-bind="::product.displayNameText">Rice Bubbles Puffed Rice Breakfast Cereal</span>
						<span class="package-size accessibility-inline" data-ng-bind="::product.prodA11yHeadingSuffix">410g on special</span>
						<!---->
						<!---->
						<!---->
					</span>
				</a>
			</h3>
			<!---->
			<!----><span class="product-pricing-info" role="text" data-ng-if="::!product.price.isNaN">
	            <span class="price-container">
	            	<!---->
	            	<!--To reduce the space between $ and Hero price for Accessibility, combined span tags in same line-->
	            	<span class="currency-sign">$</span><span class="dollar-value" data-ng-bind="::product.price.dollarValue">2</span><span class="cent-value">.65</span>
	                <!---->
	            </span>
	            
               <!----><span class="saving-container" data-colrs-if="((productTileVM.defaultOption.hasDiscount()  &amp;&amp; !product.isMultiBuyPromo &amp;&amp; !product.tickettypeObject.isRedRing) || productTileVM.product.hasDownDown)">
                    <!----><span class="product-saving" data-colrs-if="!productTileVM.product.hasDownDown &amp;&amp; productTileVM.product.tickettype != 'X'">
                        <span class="product-save-prefix">
                            save
                        </span>
                        <span class="product-save-value">
                            <strong>$2.65</strong>
                        </span>
                    </span><!-- end colrsIf: !productTileVM.product.hasDownDown && productTileVM.product.tickettype != 'X' -->
                    <!----><strong>
                </strong></span><!-- end colrsIf: ((productTileVM.defaultOption.hasDiscount()  && !product.isMultiBuyPromo && !product.tickettypeObject.isRedRing) || productTileVM.product.hasDownDown) --><strong>
               
	        </strong></span><!----><strong>
	        <!---->
		</strong></div><strong>
        <div class="product-info">
			<p tabindex="-1">
				<!----><span class="package-size" aria-hidden="true" data-ng-if="::product.showOnlineSizeDesc" data-ng-bind="::product.sizeDescription">410g</span><!---->
				<!----><span class="delimeter" role="presentation" aria-hidden="true" data-ng-if="::(product.showOnlineSizeDesc &amp;&amp; product.unitPrice)"></span><!---->
				<span role="text">
					<span class="package-price" data-ng-bind="::product.unitPrice">$0.65 per 100G</span>
					<span class="accessibility-inline" data-ng-bind="::product.unitPriceA11y">Unit Price</span>
				</span>
			</p>
			<!---->
			<!---->
		</div>
		<!---->
	    <div class="product-price-estimate" data-colrs-product-price-estimate="" data-product="product">
	
<button class="action-alert-active ng-hide" role="text" data-ng-show="::colrsProductPriceEstimateVM.product.isWeightedItem" data-colrs-click="colrsProductPriceEstimateVM.showPriceAlertMessage()" aria-hidden="true">
    <svg focusable="false" class="icon icon-info-circle" aria-hidden="true" role="presentation">
        <use xlink:href="#icon-info-circle"></use>
    </svg>
    <span class="product-price-estimate-text">
	    Price is an estimate
		<span class="accessibility-inline">
			<!----> 
			<!---->
		</span>
	</span>
</button>
<div class="alert" aria-hidden="true" role="alert" data-ng-blur="colrsProductPriceEstimateVM.closePriceAlertMessageOnBodyClick($event)" data-ng-keydown="colrsProductPriceEstimateVM.alertKeyHandler($event)">
	<div class="alert-wrapper alert-information" data-colrs-click-ignore=""> 
		<span class="arrow"></span>
         <div class="close is-dark">
             <a data-ng-href="" class="popup-close" title="pop up" data-ng-click="colrsProductPriceEstimateVM.hidePriceAlertMessage()">
                 <svg role="presentation" focusable="false" class="icon icon-cross" aria-hidden="true">
                     <use xmlns:xlink="http://www.w3.org/1999/xlink" xlink:href="#icon-cross"></use>
                 </svg>
             </a>
         </div>
		<div class="alert-content">
			<!----> 
			<!---->
		</div>
	</div>
</div>

</div>
	    <!---->
	</strong></header><strong>
	<!---->
	<!----><div class="product-assoc-link" data-ng-class="{'isVisible': product.assocIsVisible}" data-colrs-product-assoc-link="" data-product="product" data-ng-if="productTileVM.context !== 'MODAL' &amp;&amp; !product.showAsUnavailable">
	
<button class="assoc-link-btn" data-ng-click="productAssocLinkVM.openSizesAndVarietiesModal($event, productAssocLinkVM.product)">
	<span role="text">
		<span data-ng-bind-html="productAssocLinkVM.assocLinkTxt"></span>
		<svg focusable="false" class="icon icon-arrow" role="presentation" aria-hidden="true">
		    <use xmlns:xlink="http://www.w3.org/1999/xlink" xlink:href="#icon-arrow"></use>
		</svg>
	</span>
</button>


</div><!---->
	<!-- Fat controller and lists container -->
	<div class="product-actions-container">
		<!----><div class="product-options-container" data-ng-if="productTileVM.context !== 'MODAL'" data-colrs-product-options="">
	
<!---->

</div><!---->
		<!---->
		<div class="fat-controller is-full-width" data-ng-class="{'is-full-width':!productTileVM.isRegistered}" data-container="tile" data-product="product" data-context="" data-show-savings="false" data-colrs-fat-controller="">
	
<ng-transclude></ng-transclude>
<!----><div class="fc-button" data-colrs-fat-controller-container="" data-colrs-if="fatControllerVM.showFatController" data-ng-class="{'is-expanded': fatControllerVM.isExpanded}">
	<div class="button-main-container clear" data-colrs-fat-controller-responsive="">
		<!---->
		<!---->
		<!----><button type="submit" id="_btn_8495803P" class="button button-main" data-colrs-if="(fatControllerVM.defaultType === 'STANDARD')" data-colrs-fat-controller-button="" data-colrs-fat-controller-button-main="" data-colrs-click="fatControllerVM.toggleItem()">
	
<!---->
<!----><span class="button-main-inner" data-colrs-if="!fatControllerVM.isInTrolley()" ng-transclude="">
			
			<span class="product-cta" aria-hidden="true" data-colrs-fat-controller-responsive-component="Add">
				Add
			</span>
			<span class="accessibility">Add</span>
			<span class="product-qty">1</span>
			<span class="accessibility" data-ng-bind="::fatControllerVM.product.prodA11yHeading">Kellogg's Rice Bubbles Puffed Rice Breakfast Cereal 410g on special</span>
			<span class="product-text">for</span>
			<strong class="product-price">$2.65</strong>
			<span class="accessibility">to the trolley.</span>
			
			<!-- 
			<span class="product-saving" aria-hidden="true" data-colrs-if="fatControllerVM.defaultOption.hasDiscount()"
					data-colrs-fat-controller-responsive-component="Save">
				save 
				<strong>{{fatControllerVM.defaultOption.formattedDiscount}}</strong>
			</span>
			
			<span class="accessibility" data-colrs-if="fatControllerVM.defaultOption.hasDiscount()">
				save 
				{{fatControllerVM.defaultOption.formattedDiscount}}
			</span>
			-->
		</span><!-- end colrsIf: !fatControllerVM.isInTrolley() -->

</button><!-- end colrsIf: (fatControllerVM.defaultType === 'STANDARD') -->
	</div>
	<button id="_down_8495803P" class="button button-down" aria-expanded="false" data-colrs-fat-controller-button="" data-colrs-click="fatControllerVM.toggleSelect()" data-ng-blur="fatControllerVM.resetAnnounceElements(fatControllerVM.product.partNumber)">
		<svg focusable="false" class="icon icon-dropdown-small" role="presentation" aria-hidden="true">
			<use xlink:href="#icon-dropdown-small"></use>
		</svg>
		<span class="accessibility" id="_announce_8495803P"></span>
		<span class="accessibility"><br>choose a different quantity for</span>
		<span class="accessibility" data-ng-bind="::fatControllerVM.product.prodA11yHeading">Kellogg's Rice Bubbles Puffed Rice Breakfast Cereal 410g on special</span>
	</button>
	<div class="button-confirmation">
		<div class="button-confirmation-container clear">
			<div class="button-confirmation-label">
				<span data-colrs-fat-controller-animation-message=""></span>
			</div>
		</div>
		<div class="button-confirmation-icon">
			<span class="icon-loading"></span>
		</div>
	</div>
	<!---->
	<p role="text" id="_proc_8495803P" class="accessibility" tabindex="-1"></p>
</div><!-- end colrsIf: fatControllerVM.showFatController -->

<!---->

</div>
	</div>
</strong></div><strong>

</strong></div><!---->
	<!---->
	<!---->
	<!---->
	<!---->
	<!---->
	<!---->
	<!---->
	<!---->
</div>

</div><!----><div class="colrs-animate tile-animate" data-ng-class="::{'tile-stagger': (productListVM.widget.searchInfo.currentPage > 1)}" data-ng-repeat="tile in productListVM.widget.tiles" data-colrs-tile="">
	
<div id="tile_colrsCatalogEntryListWidget_Data_2_3074457345618260154_3074457345618264559_10" data-tile-seq-no="7" data-ng-switch="::tile.type">
	<!----><div data-ng-switch-when="product" tile="tile" data-colrs-product-tile="">
	
<div class="product product-specials" data-colrs-product-style="::tile.data" data-ng-class="::{'has-merch-assoc':(productTileVM.context !== 'MODAL' &amp;&amp; product.productAssociation.isVisible &amp;&amp; product.productAssociation.isFromAssociation) || (tile.isTPB &amp;&amp; tile.hasTPBMerchAssociation), 'product-specials': tile.isTPB, 'has-flag': product.showAsUnavailable}" data-ng-hide="productTileVM.context === 'MODAL' &amp;&amp; product.showAsUnavailable &amp;&amp; !(product.isSizesVarieties)" aria-hidden="false">
	
	<!---->
 	<!---->
	<!---->
    
    <!---->
	<!---->
	<header role="presentation" class="product-header" data-colrs-product-header="">
		<!----><div class="product-icons" data-ng-if="::(product.badges.length &amp;&amp; ((productTileVM.context !== 'MODAL') || (productTileVM.hasProductTicketType &amp;&amp; productTileVM.context === 'MODAL')))">
			
			<!----><svg focusable="false" class="icon icon-specials-badge" role="presentation" aria-hidden="true"><use xmlns:xlink="http://www.w3.org/1999/xlink" xlink:href="#icon-specials-badge"></use></svg><!---->
		</div><!---->
		<!----><div class="product-image-container" data-ng-if="::productTileVM.context !== 'MODAL'">
			<!---->
	        <a class="product-image-link" data-ng-attr-href="{{::productTileVM.pdpHref}}" data-ng-click="productTileVM.openProduct($event)" href="/a/richmond-south/product/kelloggs-cereal-all-bran">
	            <div class="product-image">
					<span role="text">
						<img alt="Kellogg's All-Bran Original High Fibre Breakfast Cereal 530g on special" data-ng-src="/wcsstore/Coles-CAS/images/8/4/9/8491915-th.jpg" data-colrs-def-product-image="" aria-hidden="true" role="presentation" src="/wcsstore/Coles-CAS/images/8/4/9/8491915-th.jpg">
						<span class="accessibility-inline">Kellogg's All-Bran Original High Fibre Breakfast Cereal 530g on special</span>
					</span>
	            </div>
	        </a>
	    </div><!---->
	    <div class="product-main-info">
		    <!----><div data-ng-if="productTileVM.context !== 'MODAL'" class="accessibility-inline" data-colrs-page-focus-point="next_product7" colrs-product-option-temp-message=""></div><!---->
	    	<h3 class="product-title" data-ng-class="::{'product-no-desc': !product.showOnlineSizeDesc, 'short-width-title': product.hasRoundelPromo &amp;&amp; productTileVM.context !== 'MODAL'}" data-ng-attr-data-partnumber="{{::product.partNumber}}" data-ng-attr-data-itemid="{{::product.singleSKUCatalogEntryID}}" data-partnumber="8491915P" data-itemid="116535">
				<a data-ng-attr-href="{{::productTileVM.pdpHref}}" data-ng-click="productTileVM.openProduct($event)" href="/a/richmond-south/product/kelloggs-cereal-all-bran">
					<span role="text">
						<!---->
						<span class="product-brand" data-ng-bind="::product.displayBrandText">Kellogg's</span>
						<span class="product-name" data-ng-bind="::product.displayNameText">All-Bran Original High Fibre Breakfast Cereal</span>
						<span class="package-size accessibility-inline" data-ng-bind="::product.prodA11yHeadingSuffix">530g on special</span>
						<!---->
						<!---->
						<!---->
					</span>
				</a>
			</h3>
			<!---->
			<!----><span class="product-pricing-info" role="text" data-ng-if="::!product.price.isNaN">
	            <span class="price-container">
	            	<!---->
	            	<!--To reduce the space between $ and Hero price for Accessibility, combined span tags in same line-->
	            	<span class="currency-sign">$</span><span class="dollar-value" data-ng-bind="::product.price.dollarValue">2</span><span class="cent-value">.62</span>
	                <!---->
	            </span>
	            
               <!----><span class="saving-container" data-colrs-if="((productTileVM.defaultOption.hasDiscount()  &amp;&amp; !product.isMultiBuyPromo &amp;&amp; !product.tickettypeObject.isRedRing) || productTileVM.product.hasDownDown)">
                    <!----><span class="product-saving" data-colrs-if="!productTileVM.product.hasDownDown &amp;&amp; productTileVM.product.tickettype != 'X'">
                        <span class="product-save-prefix">
                            save
                        </span>
                        <span class="product-save-value">
                            <strong>$2.63</strong>
                        </span>
                    </span><!-- end colrsIf: !productTileVM.product.hasDownDown && productTileVM.product.tickettype != 'X' -->
                    <!----><strong>
                </strong></span><!-- end colrsIf: ((productTileVM.defaultOption.hasDiscount()  && !product.isMultiBuyPromo && !product.tickettypeObject.isRedRing) || productTileVM.product.hasDownDown) --><strong>
               
	        </strong></span><!----><strong>
	        <!---->
		</strong></div><strong>
        <div class="product-info">
			<p tabindex="-1">
				<!----><span class="package-size" aria-hidden="true" data-ng-if="::product.showOnlineSizeDesc" data-ng-bind="::product.sizeDescription">530g</span><!---->
				<!----><span class="delimeter" role="presentation" aria-hidden="true" data-ng-if="::(product.showOnlineSizeDesc &amp;&amp; product.unitPrice)"></span><!---->
				<span role="text">
					<span class="package-price" data-ng-bind="::product.unitPrice">$0.49 per 100G</span>
					<span class="accessibility-inline" data-ng-bind="::product.unitPriceA11y">Unit Price</span>
				</span>
			</p>
			<!---->
			<!---->
		</div>
		<!---->
	    <div class="product-price-estimate" data-colrs-product-price-estimate="" data-product="product">
	
<button class="action-alert-active ng-hide" role="text" data-ng-show="::colrsProductPriceEstimateVM.product.isWeightedItem" data-colrs-click="colrsProductPriceEstimateVM.showPriceAlertMessage()" aria-hidden="true">
    <svg focusable="false" class="icon icon-info-circle" aria-hidden="true" role="presentation">
        <use xlink:href="#icon-info-circle"></use>
    </svg>
    <span class="product-price-estimate-text">
	    Price is an estimate
		<span class="accessibility-inline">
			<!----> 
			<!---->
		</span>
	</span>
</button>
<div class="alert" aria-hidden="true" role="alert" data-ng-blur="colrsProductPriceEstimateVM.closePriceAlertMessageOnBodyClick($event)" data-ng-keydown="colrsProductPriceEstimateVM.alertKeyHandler($event)">
	<div class="alert-wrapper alert-information" data-colrs-click-ignore=""> 
		<span class="arrow"></span>
         <div class="close is-dark">
             <a data-ng-href="" class="popup-close" title="pop up" data-ng-click="colrsProductPriceEstimateVM.hidePriceAlertMessage()">
                 <svg role="presentation" focusable="false" class="icon icon-cross" aria-hidden="true">
                     <use xmlns:xlink="http://www.w3.org/1999/xlink" xlink:href="#icon-cross"></use>
                 </svg>
             </a>
         </div>
		<div class="alert-content">
			<!----> 
			<!---->
		</div>
	</div>
</div>

</div>
	    <!---->
	</strong></header><strong>
	<!---->
	<!----><div class="product-assoc-link" data-ng-class="{'isVisible': product.assocIsVisible}" data-colrs-product-assoc-link="" data-product="product" data-ng-if="productTileVM.context !== 'MODAL' &amp;&amp; !product.showAsUnavailable">
	
<button class="assoc-link-btn" data-ng-click="productAssocLinkVM.openSizesAndVarietiesModal($event, productAssocLinkVM.product)">
	<span role="text">
		<span data-ng-bind-html="productAssocLinkVM.assocLinkTxt"></span>
		<svg focusable="false" class="icon icon-arrow" role="presentation" aria-hidden="true">
		    <use xmlns:xlink="http://www.w3.org/1999/xlink" xlink:href="#icon-arrow"></use>
		</svg>
	</span>
</button>


</div><!---->
	<!-- Fat controller and lists container -->
	<div class="product-actions-container">
		<!----><div class="product-options-container" data-ng-if="productTileVM.context !== 'MODAL'" data-colrs-product-options="">
	
<!---->

</div><!---->
		<!---->
		<div class="fat-controller is-full-width" data-ng-class="{'is-full-width':!productTileVM.isRegistered}" data-container="tile" data-product="product" data-context="" data-show-savings="false" data-colrs-fat-controller="">
	
<ng-transclude></ng-transclude>
<!----><div class="fc-button" data-colrs-fat-controller-container="" data-colrs-if="fatControllerVM.showFatController" data-ng-class="{'is-expanded': fatControllerVM.isExpanded}">
	<div class="button-main-container clear" data-colrs-fat-controller-responsive="">
		<!---->
		<!---->
		<!----><button type="submit" id="_btn_8491915P" class="button button-main" data-colrs-if="(fatControllerVM.defaultType === 'STANDARD')" data-colrs-fat-controller-button="" data-colrs-fat-controller-button-main="" data-colrs-click="fatControllerVM.toggleItem()">
	
<!---->
<!----><span class="button-main-inner" data-colrs-if="!fatControllerVM.isInTrolley()" ng-transclude="">
			
			<span class="product-cta" aria-hidden="true" data-colrs-fat-controller-responsive-component="Add">
				Add
			</span>
			<span class="accessibility">Add</span>
			<span class="product-qty">1</span>
			<span class="accessibility" data-ng-bind="::fatControllerVM.product.prodA11yHeading">Kellogg's All-Bran Original High Fibre Breakfast Cereal 530g on special</span>
			<span class="product-text">for</span>
			<strong class="product-price">$2.62</strong>
			<span class="accessibility">to the trolley.</span>
			
			<!-- 
			<span class="product-saving" aria-hidden="true" data-colrs-if="fatControllerVM.defaultOption.hasDiscount()"
					data-colrs-fat-controller-responsive-component="Save">
				save 
				<strong>{{fatControllerVM.defaultOption.formattedDiscount}}</strong>
			</span>
			
			<span class="accessibility" data-colrs-if="fatControllerVM.defaultOption.hasDiscount()">
				save 
				{{fatControllerVM.defaultOption.formattedDiscount}}
			</span>
			-->
		</span><!-- end colrsIf: !fatControllerVM.isInTrolley() -->

</button><!-- end colrsIf: (fatControllerVM.defaultType === 'STANDARD') -->
	</div>
	<button id="_down_8491915P" class="button button-down" aria-expanded="false" data-colrs-fat-controller-button="" data-colrs-click="fatControllerVM.toggleSelect()" data-ng-blur="fatControllerVM.resetAnnounceElements(fatControllerVM.product.partNumber)">
		<svg focusable="false" class="icon icon-dropdown-small" role="presentation" aria-hidden="true">
			<use xlink:href="#icon-dropdown-small"></use>
		</svg>
		<span class="accessibility" id="_announce_8491915P"></span>
		<span class="accessibility"><br>choose a different quantity for</span>
		<span class="accessibility" data-ng-bind="::fatControllerVM.product.prodA11yHeading">Kellogg's All-Bran Original High Fibre Breakfast Cereal 530g on special</span>
	</button>
	<div class="button-confirmation">
		<div class="button-confirmation-container clear">
			<div class="button-confirmation-label">
				<span data-colrs-fat-controller-animation-message=""></span>
			</div>
		</div>
		<div class="button-confirmation-icon">
			<span class="icon-loading"></span>
		</div>
	</div>
	<!---->
	<p role="text" id="_proc_8491915P" class="accessibility" tabindex="-1"></p>
</div><!-- end colrsIf: fatControllerVM.showFatController -->

<!---->

</div>
	</div>
</strong></div><strong>

</strong></div><!---->
	<!---->
	<!---->
	<!---->
	<!---->
	<!---->
	<!---->
	<!---->
	<!---->
</div>

</div><!----><div class="colrs-animate tile-animate" data-ng-class="::{'tile-stagger': (productListVM.widget.searchInfo.currentPage > 1)}" data-ng-repeat="tile in productListVM.widget.tiles" data-colrs-tile="">
	
<div id="tile_colrsCatalogEntryListWidget_Data_2_3074457345618260154_3074457345618264559_58" data-tile-seq-no="8" data-ng-switch="::tile.type">
	<!----><div data-ng-switch-when="product" tile="tile" data-colrs-product-tile="">
	
<div class="product product-specials" data-colrs-product-style="::tile.data" data-ng-class="::{'has-merch-assoc':(productTileVM.context !== 'MODAL' &amp;&amp; product.productAssociation.isVisible &amp;&amp; product.productAssociation.isFromAssociation) || (tile.isTPB &amp;&amp; tile.hasTPBMerchAssociation), 'product-specials': tile.isTPB, 'has-flag': product.showAsUnavailable}" data-ng-hide="productTileVM.context === 'MODAL' &amp;&amp; product.showAsUnavailable &amp;&amp; !(product.isSizesVarieties)" aria-hidden="false">
	
	<!---->
 	<!---->
	<!---->
    
    <!---->
	<!---->
	<header role="presentation" class="product-header" data-colrs-product-header="">
		<!----><div class="product-icons" data-ng-if="::(product.badges.length &amp;&amp; ((productTileVM.context !== 'MODAL') || (productTileVM.hasProductTicketType &amp;&amp; productTileVM.context === 'MODAL')))">
			
			<!----><svg focusable="false" class="icon icon-specials-badge" role="presentation" aria-hidden="true"><use xmlns:xlink="http://www.w3.org/1999/xlink" xlink:href="#icon-specials-badge"></use></svg><!---->
		</div><!---->
		<!----><div class="product-image-container" data-ng-if="::productTileVM.context !== 'MODAL'">
			<!---->
	        <a class="product-image-link" data-ng-attr-href="{{::productTileVM.pdpHref}}" data-ng-click="productTileVM.openProduct($event)" href="/a/richmond-south/product/comfort-fabric-softener-pure">
	            <div class="product-image">
					<span role="text">
						<img alt="Comfort Pure White Fabric Softener 800mL on special" data-ng-src="/wcsstore/Coles-CAS/images/8/2/1/8210936-th.jpg" data-colrs-def-product-image="" aria-hidden="true" role="presentation" src="/wcsstore/Coles-CAS/images/8/2/1/8210936-th.jpg">
						<span class="accessibility-inline">Comfort Pure White Fabric Softener 800mL on special</span>
					</span>
	            </div>
	        </a>
	    </div><!---->
	    <div class="product-main-info">
		    <!----><div data-ng-if="productTileVM.context !== 'MODAL'" class="accessibility-inline" data-colrs-page-focus-point="next_product8" colrs-product-option-temp-message=""></div><!---->
	    	<h3 class="product-title" data-ng-class="::{'product-no-desc': !product.showOnlineSizeDesc, 'short-width-title': product.hasRoundelPromo &amp;&amp; productTileVM.context !== 'MODAL'}" data-ng-attr-data-partnumber="{{::product.partNumber}}" data-ng-attr-data-itemid="{{::product.singleSKUCatalogEntryID}}" data-partnumber="8210936P" data-itemid="118918">
				<a data-ng-attr-href="{{::productTileVM.pdpHref}}" data-ng-click="productTileVM.openProduct($event)" href="/a/richmond-south/product/comfort-fabric-softener-pure">
					<span role="text">
						<!---->
						<span class="product-brand" data-ng-bind="::product.displayBrandText">Comfort</span>
						<span class="product-name" data-ng-bind="::product.displayNameText">Pure White Fabric Softener</span>
						<span class="package-size accessibility-inline" data-ng-bind="::product.prodA11yHeadingSuffix">800mL on special</span>
						<!---->
						<!---->
						<!---->
					</span>
				</a>
			</h3>
			<!---->
			<!----><span class="product-pricing-info" role="text" data-ng-if="::!product.price.isNaN">
	            <span class="price-container">
	            	<!---->
	            	<!--To reduce the space between $ and Hero price for Accessibility, combined span tags in same line-->
	            	<span class="currency-sign">$</span><span class="dollar-value" data-ng-bind="::product.price.dollarValue">3</span><span class="cent-value">.50</span>
	                <!---->
	            </span>
	            
               <!----><span class="saving-container" data-colrs-if="((productTileVM.defaultOption.hasDiscount()  &amp;&amp; !product.isMultiBuyPromo &amp;&amp; !product.tickettypeObject.isRedRing) || productTileVM.product.hasDownDown)">
                    <!----><span class="product-saving" data-colrs-if="!productTileVM.product.hasDownDown &amp;&amp; productTileVM.product.tickettype != 'X'">
                        <span class="product-save-prefix">
                            save
                        </span>
                        <span class="product-save-value">
                            <strong>$3.50</strong>
                        </span>
                    </span><!-- end colrsIf: !productTileVM.product.hasDownDown && productTileVM.product.tickettype != 'X' -->
                    <!----><strong>
                </strong></span><!-- end colrsIf: ((productTileVM.defaultOption.hasDiscount()  && !product.isMultiBuyPromo && !product.tickettypeObject.isRedRing) || productTileVM.product.hasDownDown) --><strong>
               
	        </strong></span><!----><strong>
	        <!---->
		</strong></div><strong>
        <div class="product-info">
			<p tabindex="-1">
				<!----><span class="package-size" aria-hidden="true" data-ng-if="::product.showOnlineSizeDesc" data-ng-bind="::product.sizeDescription">800mL</span><!---->
				<!----><span class="delimeter" role="presentation" aria-hidden="true" data-ng-if="::(product.showOnlineSizeDesc &amp;&amp; product.unitPrice)"></span><!---->
				<span role="text">
					<span class="package-price" data-ng-bind="::product.unitPrice">$4.38 per 1L</span>
					<span class="accessibility-inline" data-ng-bind="::product.unitPriceA11y">Unit Price</span>
				</span>
			</p>
			<!---->
			<!---->
		</div>
		<!---->
	    <div class="product-price-estimate" data-colrs-product-price-estimate="" data-product="product">
	
<button class="action-alert-active ng-hide" role="text" data-ng-show="::colrsProductPriceEstimateVM.product.isWeightedItem" data-colrs-click="colrsProductPriceEstimateVM.showPriceAlertMessage()" aria-hidden="true">
    <svg focusable="false" class="icon icon-info-circle" aria-hidden="true" role="presentation">
        <use xlink:href="#icon-info-circle"></use>
    </svg>
    <span class="product-price-estimate-text">
	    Price is an estimate
		<span class="accessibility-inline">
			<!----> 
			<!---->
		</span>
	</span>
</button>
<div class="alert" aria-hidden="true" role="alert" data-ng-blur="colrsProductPriceEstimateVM.closePriceAlertMessageOnBodyClick($event)" data-ng-keydown="colrsProductPriceEstimateVM.alertKeyHandler($event)">
	<div class="alert-wrapper alert-information" data-colrs-click-ignore=""> 
		<span class="arrow"></span>
         <div class="close is-dark">
             <a data-ng-href="" class="popup-close" title="pop up" data-ng-click="colrsProductPriceEstimateVM.hidePriceAlertMessage()">
                 <svg role="presentation" focusable="false" class="icon icon-cross" aria-hidden="true">
                     <use xmlns:xlink="http://www.w3.org/1999/xlink" xlink:href="#icon-cross"></use>
                 </svg>
             </a>
         </div>
		<div class="alert-content">
			<!----> 
			<!---->
		</div>
	</div>
</div>

</div>
	    <!---->
	</strong></header><strong>
	<!---->
	<!----><div class="product-assoc-link" data-ng-class="{'isVisible': product.assocIsVisible}" data-colrs-product-assoc-link="" data-product="product" data-ng-if="productTileVM.context !== 'MODAL' &amp;&amp; !product.showAsUnavailable">
	
<button class="assoc-link-btn" data-ng-click="productAssocLinkVM.openSizesAndVarietiesModal($event, productAssocLinkVM.product)">
	<span role="text">
		<span data-ng-bind-html="productAssocLinkVM.assocLinkTxt"></span>
		<svg focusable="false" class="icon icon-arrow" role="presentation" aria-hidden="true">
		    <use xmlns:xlink="http://www.w3.org/1999/xlink" xlink:href="#icon-arrow"></use>
		</svg>
	</span>
</button>


</div><!---->
	<!-- Fat controller and lists container -->
	<div class="product-actions-container">
		<!----><div class="product-options-container" data-ng-if="productTileVM.context !== 'MODAL'" data-colrs-product-options="">
	
<!---->

</div><!---->
		<!---->
		<div class="fat-controller is-full-width" data-ng-class="{'is-full-width':!productTileVM.isRegistered}" data-container="tile" data-product="product" data-context="" data-show-savings="false" data-colrs-fat-controller="">
	
<ng-transclude></ng-transclude>
<!----><div class="fc-button" data-colrs-fat-controller-container="" data-colrs-if="fatControllerVM.showFatController" data-ng-class="{'is-expanded': fatControllerVM.isExpanded}">
	<div class="button-main-container clear" data-colrs-fat-controller-responsive="">
		<!---->
		<!---->
		<!----><button type="submit" id="_btn_8210936P" class="button button-main" data-colrs-if="(fatControllerVM.defaultType === 'STANDARD')" data-colrs-fat-controller-button="" data-colrs-fat-controller-button-main="" data-colrs-click="fatControllerVM.toggleItem()">
	
<!---->
<!----><span class="button-main-inner" data-colrs-if="!fatControllerVM.isInTrolley()" ng-transclude="">
			
			<span class="product-cta" aria-hidden="true" data-colrs-fat-controller-responsive-component="Add">
				Add
			</span>
			<span class="accessibility">Add</span>
			<span class="product-qty">1</span>
			<span class="accessibility" data-ng-bind="::fatControllerVM.product.prodA11yHeading">Comfort Pure White Fabric Softener 800mL on special</span>
			<span class="product-text">for</span>
			<strong class="product-price">$3.50</strong>
			<span class="accessibility">to the trolley.</span>
			
			<!-- 
			<span class="product-saving" aria-hidden="true" data-colrs-if="fatControllerVM.defaultOption.hasDiscount()"
					data-colrs-fat-controller-responsive-component="Save">
				save 
				<strong>{{fatControllerVM.defaultOption.formattedDiscount}}</strong>
			</span>
			
			<span class="accessibility" data-colrs-if="fatControllerVM.defaultOption.hasDiscount()">
				save 
				{{fatControllerVM.defaultOption.formattedDiscount}}
			</span>
			-->
		</span><!-- end colrsIf: !fatControllerVM.isInTrolley() -->

</button><!-- end colrsIf: (fatControllerVM.defaultType === 'STANDARD') -->
	</div>
	<button id="_down_8210936P" class="button button-down" aria-expanded="false" data-colrs-fat-controller-button="" data-colrs-click="fatControllerVM.toggleSelect()" data-ng-blur="fatControllerVM.resetAnnounceElements(fatControllerVM.product.partNumber)">
		<svg focusable="false" class="icon icon-dropdown-small" role="presentation" aria-hidden="true">
			<use xlink:href="#icon-dropdown-small"></use>
		</svg>
		<span class="accessibility" id="_announce_8210936P"></span>
		<span class="accessibility"><br>choose a different quantity for</span>
		<span class="accessibility" data-ng-bind="::fatControllerVM.product.prodA11yHeading">Comfort Pure White Fabric Softener 800mL on special</span>
	</button>
	<div class="button-confirmation">
		<div class="button-confirmation-container clear">
			<div class="button-confirmation-label">
				<span data-colrs-fat-controller-animation-message=""></span>
			</div>
		</div>
		<div class="button-confirmation-icon">
			<span class="icon-loading"></span>
		</div>
	</div>
	<!---->
	<p role="text" id="_proc_8210936P" class="accessibility" tabindex="-1"></p>
</div><!-- end colrsIf: fatControllerVM.showFatController -->

<!---->

</div>
	</div>
</strong></div><strong>

</strong></div><!---->
	<!---->
	<!---->
	<!---->
	<!---->
	<!---->
	<!---->
	<!---->
	<!---->
</div>

</div><!----><div class="colrs-animate tile-animate" data-ng-class="::{'tile-stagger': (productListVM.widget.searchInfo.currentPage > 1)}" data-ng-repeat="tile in productListVM.widget.tiles" data-colrs-tile="">
	
<div id="tile_colrsCatalogEntryListWidget_Data_2_3074457345618260154_3074457345618264559_13" data-tile-seq-no="9" data-ng-switch="::tile.type">
	<!----><div data-ng-switch-when="product" tile="tile" data-colrs-product-tile="">
	
<div class="product product-specials" data-colrs-product-style="::tile.data" data-ng-class="::{'has-merch-assoc':(productTileVM.context !== 'MODAL' &amp;&amp; product.productAssociation.isVisible &amp;&amp; product.productAssociation.isFromAssociation) || (tile.isTPB &amp;&amp; tile.hasTPBMerchAssociation), 'product-specials': tile.isTPB, 'has-flag': product.showAsUnavailable}" data-ng-hide="productTileVM.context === 'MODAL' &amp;&amp; product.showAsUnavailable &amp;&amp; !(product.isSizesVarieties)" aria-hidden="false">
	
	<!---->
 	<!---->
	<!---->
    
    <!---->
	<!---->
	<header role="presentation" class="product-header" data-colrs-product-header="">
		<!----><div class="product-icons" data-ng-if="::(product.badges.length &amp;&amp; ((productTileVM.context !== 'MODAL') || (productTileVM.hasProductTicketType &amp;&amp; productTileVM.context === 'MODAL')))">
			
			<!----><svg focusable="false" class="icon icon-specials-badge" role="presentation" aria-hidden="true"><use xmlns:xlink="http://www.w3.org/1999/xlink" xlink:href="#icon-specials-badge"></use></svg><!---->
		</div><!---->
		<!----><div class="product-image-container" data-ng-if="::productTileVM.context !== 'MODAL'">
			<!---->
	        <a class="product-image-link" data-ng-attr-href="{{::productTileVM.pdpHref}}" data-ng-click="productTileVM.openProduct($event)" href="/a/richmond-south/product/cheezels-cheese">
	            <div class="product-image">
					<span role="text">
						<img alt="Cheezels Original Cheese Snacks 110g on special" data-ng-src="/wcsstore/Coles-CAS/images/7/8/7/7879468-th.jpg" data-colrs-def-product-image="" aria-hidden="true" role="presentation" src="/wcsstore/Coles-CAS/images/7/8/7/7879468-th.jpg">
						<span class="accessibility-inline">Cheezels Original Cheese Snacks 110g on special</span>
					</span>
	            </div>
	        </a>
	    </div><!---->
	    <div class="product-main-info">
		    <!----><div data-ng-if="productTileVM.context !== 'MODAL'" class="accessibility-inline" data-colrs-page-focus-point="next_product9" colrs-product-option-temp-message=""></div><!---->
	    	<h3 class="product-title" data-ng-class="::{'product-no-desc': !product.showOnlineSizeDesc, 'short-width-title': product.hasRoundelPromo &amp;&amp; productTileVM.context !== 'MODAL'}" data-ng-attr-data-partnumber="{{::product.partNumber}}" data-ng-attr-data-itemid="{{::product.singleSKUCatalogEntryID}}" data-partnumber="7879468P" data-itemid="118595">
				<a data-ng-attr-href="{{::productTileVM.pdpHref}}" data-ng-click="productTileVM.openProduct($event)" href="/a/richmond-south/product/cheezels-cheese">
					<span role="text">
						<!---->
						<span class="product-brand" data-ng-bind="::product.displayBrandText">Cheezels</span>
						<span class="product-name" data-ng-bind="::product.displayNameText">Original Cheese Snacks</span>
						<span class="package-size accessibility-inline" data-ng-bind="::product.prodA11yHeadingSuffix">110g on special</span>
						<!---->
						<!---->
						<!---->
					</span>
				</a>
			</h3>
			<!---->
			<!----><span class="product-pricing-info" role="text" data-ng-if="::!product.price.isNaN">
	            <span class="price-container">
	            	<!---->
	            	<!--To reduce the space between $ and Hero price for Accessibility, combined span tags in same line-->
	            	<span class="currency-sign">$</span><span class="dollar-value" data-ng-bind="::product.price.dollarValue">1</span><span class="cent-value">.25</span>
	                <!---->
	            </span>
	            
               <!----><span class="saving-container" data-colrs-if="((productTileVM.defaultOption.hasDiscount()  &amp;&amp; !product.isMultiBuyPromo &amp;&amp; !product.tickettypeObject.isRedRing) || productTileVM.product.hasDownDown)">
                    <!----><span class="product-saving" data-colrs-if="!productTileVM.product.hasDownDown &amp;&amp; productTileVM.product.tickettype != 'X'">
                        <span class="product-save-prefix">
                            save
                        </span>
                        <span class="product-save-value">
                            <strong>$1.25</strong>
                        </span>
                    </span><!-- end colrsIf: !productTileVM.product.hasDownDown && productTileVM.product.tickettype != 'X' -->
                    <!----><strong>
                </strong></span><!-- end colrsIf: ((productTileVM.defaultOption.hasDiscount()  && !product.isMultiBuyPromo && !product.tickettypeObject.isRedRing) || productTileVM.product.hasDownDown) --><strong>
               
	        </strong></span><!----><strong>
	        <!---->
		</strong></div><strong>
        <div class="product-info">
			<p tabindex="-1">
				<!----><span class="package-size" aria-hidden="true" data-ng-if="::product.showOnlineSizeDesc" data-ng-bind="::product.sizeDescription">110g</span><!---->
				<!----><span class="delimeter" role="presentation" aria-hidden="true" data-ng-if="::(product.showOnlineSizeDesc &amp;&amp; product.unitPrice)"></span><!---->
				<span role="text">
					<span class="package-price" data-ng-bind="::product.unitPrice">$1.14 per 100G</span>
					<span class="accessibility-inline" data-ng-bind="::product.unitPriceA11y">Unit Price</span>
				</span>
			</p>
			<!---->
			<!---->
		</div>
		<!---->
	    <div class="product-price-estimate" data-colrs-product-price-estimate="" data-product="product">
	
<button class="action-alert-active ng-hide" role="text" data-ng-show="::colrsProductPriceEstimateVM.product.isWeightedItem" data-colrs-click="colrsProductPriceEstimateVM.showPriceAlertMessage()" aria-hidden="true">
    <svg focusable="false" class="icon icon-info-circle" aria-hidden="true" role="presentation">
        <use xlink:href="#icon-info-circle"></use>
    </svg>
    <span class="product-price-estimate-text">
	    Price is an estimate
		<span class="accessibility-inline">
			<!----> 
			<!---->
		</span>
	</span>
</button>
<div class="alert" aria-hidden="true" role="alert" data-ng-blur="colrsProductPriceEstimateVM.closePriceAlertMessageOnBodyClick($event)" data-ng-keydown="colrsProductPriceEstimateVM.alertKeyHandler($event)">
	<div class="alert-wrapper alert-information" data-colrs-click-ignore=""> 
		<span class="arrow"></span>
         <div class="close is-dark">
             <a data-ng-href="" class="popup-close" title="pop up" data-ng-click="colrsProductPriceEstimateVM.hidePriceAlertMessage()">
                 <svg role="presentation" focusable="false" class="icon icon-cross" aria-hidden="true">
                     <use xmlns:xlink="http://www.w3.org/1999/xlink" xlink:href="#icon-cross"></use>
                 </svg>
             </a>
         </div>
		<div class="alert-content">
			<!----> 
			<!---->
		</div>
	</div>
</div>

</div>
	    <!---->
	</strong></header><strong>
	<!---->
	<!----><div class="product-assoc-link" data-ng-class="{'isVisible': product.assocIsVisible}" data-colrs-product-assoc-link="" data-product="product" data-ng-if="productTileVM.context !== 'MODAL' &amp;&amp; !product.showAsUnavailable">
	
<button class="assoc-link-btn" data-ng-click="productAssocLinkVM.openSizesAndVarietiesModal($event, productAssocLinkVM.product)">
	<span role="text">
		<span data-ng-bind-html="productAssocLinkVM.assocLinkTxt"></span>
		<svg focusable="false" class="icon icon-arrow" role="presentation" aria-hidden="true">
		    <use xmlns:xlink="http://www.w3.org/1999/xlink" xlink:href="#icon-arrow"></use>
		</svg>
	</span>
</button>


</div><!---->
	<!-- Fat controller and lists container -->
	<div class="product-actions-container">
		<!----><div class="product-options-container" data-ng-if="productTileVM.context !== 'MODAL'" data-colrs-product-options="">
	
<!---->

</div><!---->
		<!---->
		<div class="fat-controller is-full-width" data-ng-class="{'is-full-width':!productTileVM.isRegistered}" data-container="tile" data-product="product" data-context="" data-show-savings="false" data-colrs-fat-controller="">
	
<ng-transclude></ng-transclude>
<!----><div class="fc-button" data-colrs-fat-controller-container="" data-colrs-if="fatControllerVM.showFatController" data-ng-class="{'is-expanded': fatControllerVM.isExpanded}">
	<div class="button-main-container clear" data-colrs-fat-controller-responsive="">
		<!---->
		<!---->
		<!----><button type="submit" id="_btn_7879468P" class="button button-main" data-colrs-if="(fatControllerVM.defaultType === 'STANDARD')" data-colrs-fat-controller-button="" data-colrs-fat-controller-button-main="" data-colrs-click="fatControllerVM.toggleItem()">
	
<!---->
<!----><span class="button-main-inner" data-colrs-if="!fatControllerVM.isInTrolley()" ng-transclude="">
			
			<span class="product-cta" aria-hidden="true" data-colrs-fat-controller-responsive-component="Add">
				Add
			</span>
			<span class="accessibility">Add</span>
			<span class="product-qty">1</span>
			<span class="accessibility" data-ng-bind="::fatControllerVM.product.prodA11yHeading">Cheezels Original Cheese Snacks 110g on special</span>
			<span class="product-text">for</span>
			<strong class="product-price">$1.25</strong>
			<span class="accessibility">to the trolley.</span>
			
			<!-- 
			<span class="product-saving" aria-hidden="true" data-colrs-if="fatControllerVM.defaultOption.hasDiscount()"
					data-colrs-fat-controller-responsive-component="Save">
				save 
				<strong>{{fatControllerVM.defaultOption.formattedDiscount}}</strong>
			</span>
			
			<span class="accessibility" data-colrs-if="fatControllerVM.defaultOption.hasDiscount()">
				save 
				{{fatControllerVM.defaultOption.formattedDiscount}}
			</span>
			-->
		</span><!-- end colrsIf: !fatControllerVM.isInTrolley() -->

</button><!-- end colrsIf: (fatControllerVM.defaultType === 'STANDARD') -->
	</div>
	<button id="_down_7879468P" class="button button-down" aria-expanded="false" data-colrs-fat-controller-button="" data-colrs-click="fatControllerVM.toggleSelect()" data-ng-blur="fatControllerVM.resetAnnounceElements(fatControllerVM.product.partNumber)">
		<svg focusable="false" class="icon icon-dropdown-small" role="presentation" aria-hidden="true">
			<use xlink:href="#icon-dropdown-small"></use>
		</svg>
		<span class="accessibility" id="_announce_7879468P"></span>
		<span class="accessibility"><br>choose a different quantity for</span>
		<span class="accessibility" data-ng-bind="::fatControllerVM.product.prodA11yHeading">Cheezels Original Cheese Snacks 110g on special</span>
	</button>
	<div class="button-confirmation">
		<div class="button-confirmation-container clear">
			<div class="button-confirmation-label">
				<span data-colrs-fat-controller-animation-message=""></span>
			</div>
		</div>
		<div class="button-confirmation-icon">
			<span class="icon-loading"></span>
		</div>
	</div>
	<!---->
	<p role="text" id="_proc_7879468P" class="accessibility" tabindex="-1"></p>
</div><!-- end colrsIf: fatControllerVM.showFatController -->

<!---->

</div>
	</div>
</strong></div><strong>

</strong></div><!---->
	<!---->
	<!---->
	<!---->
	<!---->
	<!---->
	<!---->
	<!---->
	<!---->
</div>

</div><!----><div class="colrs-animate tile-animate" data-ng-class="::{'tile-stagger': (productListVM.widget.searchInfo.currentPage > 1)}" data-ng-repeat="tile in productListVM.widget.tiles" data-colrs-tile="">
	
<div id="tile_colrsCatalogEntryListWidget_Data_2_3074457345618260154_3074457345618264559_14" data-tile-seq-no="10" data-ng-switch="::tile.type">
	<!----><div data-ng-switch-when="product" tile="tile" data-colrs-product-tile="">
	
<div class="product product-specials" data-colrs-product-style="::tile.data" data-ng-class="::{'has-merch-assoc':(productTileVM.context !== 'MODAL' &amp;&amp; product.productAssociation.isVisible &amp;&amp; product.productAssociation.isFromAssociation) || (tile.isTPB &amp;&amp; tile.hasTPBMerchAssociation), 'product-specials': tile.isTPB, 'has-flag': product.showAsUnavailable}" data-ng-hide="productTileVM.context === 'MODAL' &amp;&amp; product.showAsUnavailable &amp;&amp; !(product.isSizesVarieties)" aria-hidden="false">
	
	<!---->
 	<!---->
	<!---->
    
    <!---->
	<!---->
	<header role="presentation" class="product-header" data-colrs-product-header="">
		<!----><div class="product-icons" data-ng-if="::(product.badges.length &amp;&amp; ((productTileVM.context !== 'MODAL') || (productTileVM.hasProductTicketType &amp;&amp; productTileVM.context === 'MODAL')))">
			
			<!----><svg focusable="false" class="icon icon-specials-badge" role="presentation" aria-hidden="true"><use xmlns:xlink="http://www.w3.org/1999/xlink" xlink:href="#icon-specials-badge"></use></svg><!---->
		</div><!---->
		<!----><div class="product-image-container" data-ng-if="::productTileVM.context !== 'MODAL'">
			<!---->
	        <a class="product-image-link" data-ng-attr-href="{{::productTileVM.pdpHref}}" data-ng-click="productTileVM.openProduct($event)" href="/a/richmond-south/product/ho-mai-appetisers-entertainer-pack-frozen">
	            <div class="product-image">
					<span role="text">
						<img alt="Ho Mai Frozen Yum Cha Entertainer Pack 1kg on special" data-ng-src="/wcsstore/Coles-CAS/images/5/8/8/5886780-th.jpg" data-colrs-def-product-image="" aria-hidden="true" role="presentation" src="/wcsstore/Coles-CAS/images/5/8/8/5886780-th.jpg">
						<span class="accessibility-inline">Ho Mai Frozen Yum Cha Entertainer Pack 1kg on special</span>
					</span>
	            </div>
	        </a>
	    </div><!---->
	    <div class="product-main-info">
		    <!----><div data-ng-if="productTileVM.context !== 'MODAL'" class="accessibility-inline" data-colrs-page-focus-point="next_product10" colrs-product-option-temp-message=""></div><!---->
	    	<h3 class="product-title" data-ng-class="::{'product-no-desc': !product.showOnlineSizeDesc, 'short-width-title': product.hasRoundelPromo &amp;&amp; productTileVM.context !== 'MODAL'}" data-ng-attr-data-partnumber="{{::product.partNumber}}" data-ng-attr-data-itemid="{{::product.singleSKUCatalogEntryID}}" data-partnumber="5886780P" data-itemid="141380">
				<a data-ng-attr-href="{{::productTileVM.pdpHref}}" data-ng-click="productTileVM.openProduct($event)" href="/a/richmond-south/product/ho-mai-appetisers-entertainer-pack-frozen">
					<span role="text">
						<!---->
						<span class="product-brand" data-ng-bind="::product.displayBrandText">Ho Mai</span>
						<span class="product-name" data-ng-bind="::product.displayNameText">Frozen Yum Cha Entertainer Pack</span>
						<span class="package-size accessibility-inline" data-ng-bind="::product.prodA11yHeadingSuffix">1kg on special</span>
						<!---->
						<!---->
						<!---->
					</span>
				</a>
			</h3>
			<!---->
			<!----><span class="product-pricing-info" role="text" data-ng-if="::!product.price.isNaN">
	            <span class="price-container">
	            	<!---->
	            	<!--To reduce the space between $ and Hero price for Accessibility, combined span tags in same line-->
	            	<span class="currency-sign">$</span><span class="dollar-value" data-ng-bind="::product.price.dollarValue">7</span><span class="cent-value">.00</span>
	                <!---->
	            </span>
	            
               <!----><span class="saving-container" data-colrs-if="((productTileVM.defaultOption.hasDiscount()  &amp;&amp; !product.isMultiBuyPromo &amp;&amp; !product.tickettypeObject.isRedRing) || productTileVM.product.hasDownDown)">
                    <!----><span class="product-saving" data-colrs-if="!productTileVM.product.hasDownDown &amp;&amp; productTileVM.product.tickettype != 'X'">
                        <span class="product-save-prefix">
                            save
                        </span>
                        <span class="product-save-value">
                            <strong>$7.00</strong>
                        </span>
                    </span><!-- end colrsIf: !productTileVM.product.hasDownDown && productTileVM.product.tickettype != 'X' -->
                    <!----><strong>
                </strong></span><!-- end colrsIf: ((productTileVM.defaultOption.hasDiscount()  && !product.isMultiBuyPromo && !product.tickettypeObject.isRedRing) || productTileVM.product.hasDownDown) --><strong>
               
	        </strong></span><!----><strong>
	        <!---->
		</strong></div><strong>
        <div class="product-info">
			<p tabindex="-1">
				<!----><span class="package-size" aria-hidden="true" data-ng-if="::product.showOnlineSizeDesc" data-ng-bind="::product.sizeDescription">1kg</span><!---->
				<!----><span class="delimeter" role="presentation" aria-hidden="true" data-ng-if="::(product.showOnlineSizeDesc &amp;&amp; product.unitPrice)"></span><!---->
				<span role="text">
					<span class="package-price" data-ng-bind="::product.unitPrice">$0.70 per 100G</span>
					<span class="accessibility-inline" data-ng-bind="::product.unitPriceA11y">Unit Price</span>
				</span>
			</p>
			<!---->
			<!---->
		</div>
		<!---->
	    <div class="product-price-estimate" data-colrs-product-price-estimate="" data-product="product">
	
<button class="action-alert-active ng-hide" role="text" data-ng-show="::colrsProductPriceEstimateVM.product.isWeightedItem" data-colrs-click="colrsProductPriceEstimateVM.showPriceAlertMessage()" aria-hidden="true">
    <svg focusable="false" class="icon icon-info-circle" aria-hidden="true" role="presentation">
        <use xlink:href="#icon-info-circle"></use>
    </svg>
    <span class="product-price-estimate-text">
	    Price is an estimate
		<span class="accessibility-inline">
			<!----> 
			<!---->
		</span>
	</span>
</button>
<div class="alert" aria-hidden="true" role="alert" data-ng-blur="colrsProductPriceEstimateVM.closePriceAlertMessageOnBodyClick($event)" data-ng-keydown="colrsProductPriceEstimateVM.alertKeyHandler($event)">
	<div class="alert-wrapper alert-information" data-colrs-click-ignore=""> 
		<span class="arrow"></span>
         <div class="close is-dark">
             <a data-ng-href="" class="popup-close" title="pop up" data-ng-click="colrsProductPriceEstimateVM.hidePriceAlertMessage()">
                 <svg role="presentation" focusable="false" class="icon icon-cross" aria-hidden="true">
                     <use xmlns:xlink="http://www.w3.org/1999/xlink" xlink:href="#icon-cross"></use>
                 </svg>
             </a>
         </div>
		<div class="alert-content">
			<!----> 
			<!---->
		</div>
	</div>
</div>

</div>
	    <!---->
	</strong></header><strong>
	<!---->
	<!----><div class="product-assoc-link" data-ng-class="{'isVisible': product.assocIsVisible}" data-colrs-product-assoc-link="" data-product="product" data-ng-if="productTileVM.context !== 'MODAL' &amp;&amp; !product.showAsUnavailable">
	
<button class="assoc-link-btn" data-ng-click="productAssocLinkVM.openSizesAndVarietiesModal($event, productAssocLinkVM.product)">
	<span role="text">
		<span data-ng-bind-html="productAssocLinkVM.assocLinkTxt"></span>
		<svg focusable="false" class="icon icon-arrow" role="presentation" aria-hidden="true">
		    <use xmlns:xlink="http://www.w3.org/1999/xlink" xlink:href="#icon-arrow"></use>
		</svg>
	</span>
</button>


</div><!---->
	<!-- Fat controller and lists container -->
	<div class="product-actions-container">
		<!----><div class="product-options-container" data-ng-if="productTileVM.context !== 'MODAL'" data-colrs-product-options="">
	
<!---->

</div><!---->
		<!---->
		<div class="fat-controller is-full-width" data-ng-class="{'is-full-width':!productTileVM.isRegistered}" data-container="tile" data-product="product" data-context="" data-show-savings="false" data-colrs-fat-controller="">
	
<ng-transclude></ng-transclude>
<!----><div class="fc-button" data-colrs-fat-controller-container="" data-colrs-if="fatControllerVM.showFatController" data-ng-class="{'is-expanded': fatControllerVM.isExpanded}">
	<div class="button-main-container clear" data-colrs-fat-controller-responsive="">
		<!---->
		<!---->
		<!----><button type="submit" id="_btn_5886780P" class="button button-main" data-colrs-if="(fatControllerVM.defaultType === 'STANDARD')" data-colrs-fat-controller-button="" data-colrs-fat-controller-button-main="" data-colrs-click="fatControllerVM.toggleItem()">
	
<!---->
<!----><span class="button-main-inner" data-colrs-if="!fatControllerVM.isInTrolley()" ng-transclude="">
			
			<span class="product-cta" aria-hidden="true" data-colrs-fat-controller-responsive-component="Add">
				Add
			</span>
			<span class="accessibility">Add</span>
			<span class="product-qty">1</span>
			<span class="accessibility" data-ng-bind="::fatControllerVM.product.prodA11yHeading">Ho Mai Frozen Yum Cha Entertainer Pack 1kg on special</span>
			<span class="product-text">for</span>
			<strong class="product-price">$7.00</strong>
			<span class="accessibility">to the trolley.</span>
			
			<!-- 
			<span class="product-saving" aria-hidden="true" data-colrs-if="fatControllerVM.defaultOption.hasDiscount()"
					data-colrs-fat-controller-responsive-component="Save">
				save 
				<strong>{{fatControllerVM.defaultOption.formattedDiscount}}</strong>
			</span>
			
			<span class="accessibility" data-colrs-if="fatControllerVM.defaultOption.hasDiscount()">
				save 
				{{fatControllerVM.defaultOption.formattedDiscount}}
			</span>
			-->
		</span><!-- end colrsIf: !fatControllerVM.isInTrolley() -->

</button><!-- end colrsIf: (fatControllerVM.defaultType === 'STANDARD') -->
	</div>
	<button id="_down_5886780P" class="button button-down" aria-expanded="false" data-colrs-fat-controller-button="" data-colrs-click="fatControllerVM.toggleSelect()" data-ng-blur="fatControllerVM.resetAnnounceElements(fatControllerVM.product.partNumber)">
		<svg focusable="false" class="icon icon-dropdown-small" role="presentation" aria-hidden="true">
			<use xlink:href="#icon-dropdown-small"></use>
		</svg>
		<span class="accessibility" id="_announce_5886780P"></span>
		<span class="accessibility"><br>choose a different quantity for</span>
		<span class="accessibility" data-ng-bind="::fatControllerVM.product.prodA11yHeading">Ho Mai Frozen Yum Cha Entertainer Pack 1kg on special</span>
	</button>
	<div class="button-confirmation">
		<div class="button-confirmation-container clear">
			<div class="button-confirmation-label">
				<span data-colrs-fat-controller-animation-message=""></span>
			</div>
		</div>
		<div class="button-confirmation-icon">
			<span class="icon-loading"></span>
		</div>
	</div>
	<!---->
	<p role="text" id="_proc_5886780P" class="accessibility" tabindex="-1"></p>
</div><!-- end colrsIf: fatControllerVM.showFatController -->

<!---->

</div>
	</div>
</strong></div><strong>

</strong></div><!---->
	<!---->
	<!---->
	<!---->
	<!---->
	<!---->
	<!---->
	<!---->
	<!---->
</div>

</div><!----><div class="colrs-animate tile-animate" data-ng-class="::{'tile-stagger': (productListVM.widget.searchInfo.currentPage > 1)}" data-ng-repeat="tile in productListVM.widget.tiles" data-colrs-tile="">
	
<div id="tile_colrsCatalogEntryListWidget_Data_2_3074457345618260154_3074457345618264559_15" data-tile-seq-no="11" data-ng-switch="::tile.type">
	<!----><div data-ng-switch-when="product" tile="tile" data-colrs-product-tile="">
	
<div class="product product-specials" data-colrs-product-style="::tile.data" data-ng-class="::{'has-merch-assoc':(productTileVM.context !== 'MODAL' &amp;&amp; product.productAssociation.isVisible &amp;&amp; product.productAssociation.isFromAssociation) || (tile.isTPB &amp;&amp; tile.hasTPBMerchAssociation), 'product-specials': tile.isTPB, 'has-flag': product.showAsUnavailable}" data-ng-hide="productTileVM.context === 'MODAL' &amp;&amp; product.showAsUnavailable &amp;&amp; !(product.isSizesVarieties)" aria-hidden="false">
	
	<!---->
 	<!---->
	<!---->
    
    <!---->
	<!---->
	<header role="presentation" class="product-header" data-colrs-product-header="">
		<!----><div class="product-icons" data-ng-if="::(product.badges.length &amp;&amp; ((productTileVM.context !== 'MODAL') || (productTileVM.hasProductTicketType &amp;&amp; productTileVM.context === 'MODAL')))">
			
			<!----><svg focusable="false" class="icon icon-specials-badge" role="presentation" aria-hidden="true"><use xmlns:xlink="http://www.w3.org/1999/xlink" xlink:href="#icon-specials-badge"></use></svg><!---->
		</div><!---->
		<!----><div class="product-image-container" data-ng-if="::productTileVM.context !== 'MODAL'">
			<!---->
	        <a class="product-image-link" data-ng-attr-href="{{::productTileVM.pdpHref}}" data-ng-click="productTileVM.openProduct($event)" href="/a/richmond-south/product/creative-gourmet-fruit-blueberries-frozen">
	            <div class="product-image">
					<span role="text">
						<img alt="Creative Gourmet Frozen Blueberries 300g on special" data-ng-src="/wcsstore/Coles-CAS/images/5/1/6/5164399-th.jpg" data-colrs-def-product-image="" aria-hidden="true" role="presentation" src="/wcsstore/Coles-CAS/images/5/1/6/5164399-th.jpg">
						<span class="accessibility-inline">Creative Gourmet Frozen Blueberries 300g on special</span>
					</span>
	            </div>
	        </a>
	    </div><!---->
	    <div class="product-main-info">
		    <!----><div data-ng-if="productTileVM.context !== 'MODAL'" class="accessibility-inline" data-colrs-page-focus-point="next_product11" colrs-product-option-temp-message=""></div><!---->
	    	<h3 class="product-title" data-ng-class="::{'product-no-desc': !product.showOnlineSizeDesc, 'short-width-title': product.hasRoundelPromo &amp;&amp; productTileVM.context !== 'MODAL'}" data-ng-attr-data-partnumber="{{::product.partNumber}}" data-ng-attr-data-itemid="{{::product.singleSKUCatalogEntryID}}" data-partnumber="5164399P" data-itemid="144354">
				<a data-ng-attr-href="{{::productTileVM.pdpHref}}" data-ng-click="productTileVM.openProduct($event)" href="/a/richmond-south/product/creative-gourmet-fruit-blueberries-frozen">
					<span role="text">
						<!---->
						<span class="product-brand" data-ng-bind="::product.displayBrandText">Creative Gourmet</span>
						<span class="product-name" data-ng-bind="::product.displayNameText">Frozen Blueberries</span>
						<span class="package-size accessibility-inline" data-ng-bind="::product.prodA11yHeadingSuffix">300g on special</span>
						<!---->
						<!---->
						<!---->
					</span>
				</a>
			</h3>
			<!---->
			<!----><span class="product-pricing-info" role="text" data-ng-if="::!product.price.isNaN">
	            <span class="price-container">
	            	<!---->
	            	<!--To reduce the space between $ and Hero price for Accessibility, combined span tags in same line-->
	            	<span class="currency-sign">$</span><span class="dollar-value" data-ng-bind="::product.price.dollarValue">2</span><span class="cent-value">.82</span>
	                <!---->
	            </span>
	            
               <!----><span class="saving-container" data-colrs-if="((productTileVM.defaultOption.hasDiscount()  &amp;&amp; !product.isMultiBuyPromo &amp;&amp; !product.tickettypeObject.isRedRing) || productTileVM.product.hasDownDown)">
                    <!----><span class="product-saving" data-colrs-if="!productTileVM.product.hasDownDown &amp;&amp; productTileVM.product.tickettype != 'X'">
                        <span class="product-save-prefix">
                            save
                        </span>
                        <span class="product-save-value">
                            <strong>$2.83</strong>
                        </span>
                    </span><!-- end colrsIf: !productTileVM.product.hasDownDown && productTileVM.product.tickettype != 'X' -->
                    <!----><strong>
                </strong></span><!-- end colrsIf: ((productTileVM.defaultOption.hasDiscount()  && !product.isMultiBuyPromo && !product.tickettypeObject.isRedRing) || productTileVM.product.hasDownDown) --><strong>
               
	        </strong></span><!----><strong>
	        <!---->
		</strong></div><strong>
        <div class="product-info">
			<p tabindex="-1">
				<!----><span class="package-size" aria-hidden="true" data-ng-if="::product.showOnlineSizeDesc" data-ng-bind="::product.sizeDescription">300g</span><!---->
				<!----><span class="delimeter" role="presentation" aria-hidden="true" data-ng-if="::(product.showOnlineSizeDesc &amp;&amp; product.unitPrice)"></span><!---->
				<span role="text">
					<span class="package-price" data-ng-bind="::product.unitPrice">$9.40 per 1Kg</span>
					<span class="accessibility-inline" data-ng-bind="::product.unitPriceA11y">Unit Price</span>
				</span>
			</p>
			<!---->
			<!---->
		</div>
		<!---->
	    <div class="product-price-estimate" data-colrs-product-price-estimate="" data-product="product">
	
<button class="action-alert-active ng-hide" role="text" data-ng-show="::colrsProductPriceEstimateVM.product.isWeightedItem" data-colrs-click="colrsProductPriceEstimateVM.showPriceAlertMessage()" aria-hidden="true">
    <svg focusable="false" class="icon icon-info-circle" aria-hidden="true" role="presentation">
        <use xlink:href="#icon-info-circle"></use>
    </svg>
    <span class="product-price-estimate-text">
	    Price is an estimate
		<span class="accessibility-inline">
			<!----> 
			<!---->
		</span>
	</span>
</button>
<div class="alert" aria-hidden="true" role="alert" data-ng-blur="colrsProductPriceEstimateVM.closePriceAlertMessageOnBodyClick($event)" data-ng-keydown="colrsProductPriceEstimateVM.alertKeyHandler($event)">
	<div class="alert-wrapper alert-information" data-colrs-click-ignore=""> 
		<span class="arrow"></span>
         <div class="close is-dark">
             <a data-ng-href="" class="popup-close" title="pop up" data-ng-click="colrsProductPriceEstimateVM.hidePriceAlertMessage()">
                 <svg role="presentation" focusable="false" class="icon icon-cross" aria-hidden="true">
                     <use xmlns:xlink="http://www.w3.org/1999/xlink" xlink:href="#icon-cross"></use>
                 </svg>
             </a>
         </div>
		<div class="alert-content">
			<!----> 
			<!---->
		</div>
	</div>
</div>

</div>
	    <!---->
	</strong></header><strong>
	<!---->
	<!----><div class="product-assoc-link" data-ng-class="{'isVisible': product.assocIsVisible}" data-colrs-product-assoc-link="" data-product="product" data-ng-if="productTileVM.context !== 'MODAL' &amp;&amp; !product.showAsUnavailable">
	
<button class="assoc-link-btn" data-ng-click="productAssocLinkVM.openSizesAndVarietiesModal($event, productAssocLinkVM.product)">
	<span role="text">
		<span data-ng-bind-html="productAssocLinkVM.assocLinkTxt"></span>
		<svg focusable="false" class="icon icon-arrow" role="presentation" aria-hidden="true">
		    <use xmlns:xlink="http://www.w3.org/1999/xlink" xlink:href="#icon-arrow"></use>
		</svg>
	</span>
</button>


</div><!---->
	<!-- Fat controller and lists container -->
	<div class="product-actions-container">
		<!----><div class="product-options-container" data-ng-if="productTileVM.context !== 'MODAL'" data-colrs-product-options="">
	
<!---->

</div><!---->
		<!---->
		<div class="fat-controller is-full-width" data-ng-class="{'is-full-width':!productTileVM.isRegistered}" data-container="tile" data-product="product" data-context="" data-show-savings="false" data-colrs-fat-controller="">
	
<ng-transclude></ng-transclude>
<!----><div class="fc-button" data-colrs-fat-controller-container="" data-colrs-if="fatControllerVM.showFatController" data-ng-class="{'is-expanded': fatControllerVM.isExpanded}">
	<div class="button-main-container clear" data-colrs-fat-controller-responsive="">
		<!---->
		<!---->
		<!----><button type="submit" id="_btn_5164399P" class="button button-main" data-colrs-if="(fatControllerVM.defaultType === 'STANDARD')" data-colrs-fat-controller-button="" data-colrs-fat-controller-button-main="" data-colrs-click="fatControllerVM.toggleItem()">
	
<!---->
<!----><span class="button-main-inner" data-colrs-if="!fatControllerVM.isInTrolley()" ng-transclude="">
			
			<span class="product-cta" aria-hidden="true" data-colrs-fat-controller-responsive-component="Add">
				Add
			</span>
			<span class="accessibility">Add</span>
			<span class="product-qty">1</span>
			<span class="accessibility" data-ng-bind="::fatControllerVM.product.prodA11yHeading">Creative Gourmet Frozen Blueberries 300g on special</span>
			<span class="product-text">for</span>
			<strong class="product-price">$2.82</strong>
			<span class="accessibility">to the trolley.</span>
			
			<!-- 
			<span class="product-saving" aria-hidden="true" data-colrs-if="fatControllerVM.defaultOption.hasDiscount()"
					data-colrs-fat-controller-responsive-component="Save">
				save 
				<strong>{{fatControllerVM.defaultOption.formattedDiscount}}</strong>
			</span>
			
			<span class="accessibility" data-colrs-if="fatControllerVM.defaultOption.hasDiscount()">
				save 
				{{fatControllerVM.defaultOption.formattedDiscount}}
			</span>
			-->
		</span><!-- end colrsIf: !fatControllerVM.isInTrolley() -->

</button><!-- end colrsIf: (fatControllerVM.defaultType === 'STANDARD') -->
	</div>
	<button id="_down_5164399P" class="button button-down" aria-expanded="false" data-colrs-fat-controller-button="" data-colrs-click="fatControllerVM.toggleSelect()" data-ng-blur="fatControllerVM.resetAnnounceElements(fatControllerVM.product.partNumber)">
		<svg focusable="false" class="icon icon-dropdown-small" role="presentation" aria-hidden="true">
			<use xlink:href="#icon-dropdown-small"></use>
		</svg>
		<span class="accessibility" id="_announce_5164399P"></span>
		<span class="accessibility"><br>choose a different quantity for</span>
		<span class="accessibility" data-ng-bind="::fatControllerVM.product.prodA11yHeading">Creative Gourmet Frozen Blueberries 300g on special</span>
	</button>
	<div class="button-confirmation">
		<div class="button-confirmation-container clear">
			<div class="button-confirmation-label">
				<span data-colrs-fat-controller-animation-message=""></span>
			</div>
		</div>
		<div class="button-confirmation-icon">
			<span class="icon-loading"></span>
		</div>
	</div>
	<!---->
	<p role="text" id="_proc_5164399P" class="accessibility" tabindex="-1"></p>
</div><!-- end colrsIf: fatControllerVM.showFatController -->

<!---->

</div>
	</div>
</strong></div><strong>

</strong></div><!---->
	<!---->
	<!---->
	<!---->
	<!---->
	<!---->
	<!---->
	<!---->
	<!---->
</div>

</div><!----><div class="colrs-animate tile-animate" data-ng-class="::{'tile-stagger': (productListVM.widget.searchInfo.currentPage > 1)}" data-ng-repeat="tile in productListVM.widget.tiles" data-colrs-tile="">
	
<div id="tile_colrsCatalogEntryListWidget_Data_2_3074457345618260154_3074457345618264559_16" data-tile-seq-no="12" data-ng-switch="::tile.type">
	<!----><div data-ng-switch-when="product" tile="tile" data-colrs-product-tile="">
	
<div class="product product-specials" data-colrs-product-style="::tile.data" data-ng-class="::{'has-merch-assoc':(productTileVM.context !== 'MODAL' &amp;&amp; product.productAssociation.isVisible &amp;&amp; product.productAssociation.isFromAssociation) || (tile.isTPB &amp;&amp; tile.hasTPBMerchAssociation), 'product-specials': tile.isTPB, 'has-flag': product.showAsUnavailable}" data-ng-hide="productTileVM.context === 'MODAL' &amp;&amp; product.showAsUnavailable &amp;&amp; !(product.isSizesVarieties)" aria-hidden="false">
	
	<!---->
 	<!---->
	<!---->
    
    <!---->
	<!---->
	<header role="presentation" class="product-header" data-colrs-product-header="">
		<!----><div class="product-icons" data-ng-if="::(product.badges.length &amp;&amp; ((productTileVM.context !== 'MODAL') || (productTileVM.hasProductTicketType &amp;&amp; productTileVM.context === 'MODAL')))">
			
			<!----><svg focusable="false" class="icon icon-specials-badge" role="presentation" aria-hidden="true"><use xmlns:xlink="http://www.w3.org/1999/xlink" xlink:href="#icon-specials-badge"></use></svg><!---->
		</div><!---->
		<!----><div class="product-image-container" data-ng-if="::productTileVM.context !== 'MODAL'">
			<!---->
	        <a class="product-image-link" data-ng-attr-href="{{::productTileVM.pdpHref}}" data-ng-click="productTileVM.openProduct($event)" href="/a/richmond-south/product/nescafe-cafe-menu-coffee-cappuccino-9577540p">
	            <div class="product-image">
					<span role="text">
						<img alt="Nescafe Cappuccino Sachets 10 Pack 132g on special" data-ng-src="/wcsstore/Coles-CAS/images/9/5/7/9577540-th.jpg" data-colrs-def-product-image="" aria-hidden="true" role="presentation" src="/wcsstore/Coles-CAS/images/9/5/7/9577540-th.jpg">
						<span class="accessibility-inline">Nescafe Cappuccino Sachets 10 Pack 132g on special</span>
					</span>
	            </div>
	        </a>
	    </div><!---->
	    <div class="product-main-info">
		    <!----><div data-ng-if="productTileVM.context !== 'MODAL'" class="accessibility-inline" data-colrs-page-focus-point="next_product12" colrs-product-option-temp-message=""></div><!---->
	    	<h3 class="product-title" data-ng-class="::{'product-no-desc': !product.showOnlineSizeDesc, 'short-width-title': product.hasRoundelPromo &amp;&amp; productTileVM.context !== 'MODAL'}" data-ng-attr-data-partnumber="{{::product.partNumber}}" data-ng-attr-data-itemid="{{::product.singleSKUCatalogEntryID}}" data-partnumber="9577540P" data-itemid="163768">
				<a data-ng-attr-href="{{::productTileVM.pdpHref}}" data-ng-click="productTileVM.openProduct($event)" href="/a/richmond-south/product/nescafe-cafe-menu-coffee-cappuccino-9577540p">
					<span role="text">
						<!---->
						<span class="product-brand" data-ng-bind="::product.displayBrandText">Nescafe</span>
						<span class="product-name" data-ng-bind="::product.displayNameText">Cappuccino Sachets 10 Pack</span>
						<span class="package-size accessibility-inline" data-ng-bind="::product.prodA11yHeadingSuffix">132g on special</span>
						<!---->
						<!---->
						<!---->
					</span>
				</a>
			</h3>
			<!---->
			<!----><span class="product-pricing-info" role="text" data-ng-if="::!product.price.isNaN">
	            <span class="price-container">
	            	<!---->
	            	<!--To reduce the space between $ and Hero price for Accessibility, combined span tags in same line-->
	            	<span class="currency-sign">$</span><span class="dollar-value" data-ng-bind="::product.price.dollarValue">3</span><span class="cent-value">.15</span>
	                <!---->
	            </span>
	            
               <!----><span class="saving-container" data-colrs-if="((productTileVM.defaultOption.hasDiscount()  &amp;&amp; !product.isMultiBuyPromo &amp;&amp; !product.tickettypeObject.isRedRing) || productTileVM.product.hasDownDown)">
                    <!----><span class="product-saving" data-colrs-if="!productTileVM.product.hasDownDown &amp;&amp; productTileVM.product.tickettype != 'X'">
                        <span class="product-save-prefix">
                            save
                        </span>
                        <span class="product-save-value">
                            <strong>$3.15</strong>
                        </span>
                    </span><!-- end colrsIf: !productTileVM.product.hasDownDown && productTileVM.product.tickettype != 'X' -->
                    <!----><strong>
                </strong></span><!-- end colrsIf: ((productTileVM.defaultOption.hasDiscount()  && !product.isMultiBuyPromo && !product.tickettypeObject.isRedRing) || productTileVM.product.hasDownDown) --><strong>
               
	        </strong></span><!----><strong>
	        <!---->
		</strong></div><strong>
        <div class="product-info">
			<p tabindex="-1">
				<!----><span class="package-size" aria-hidden="true" data-ng-if="::product.showOnlineSizeDesc" data-ng-bind="::product.sizeDescription">132g</span><!---->
				<!----><span class="delimeter" role="presentation" aria-hidden="true" data-ng-if="::(product.showOnlineSizeDesc &amp;&amp; product.unitPrice)"></span><!---->
				<span role="text">
					<span class="package-price" data-ng-bind="::product.unitPrice">$2.39 per 100G</span>
					<span class="accessibility-inline" data-ng-bind="::product.unitPriceA11y">Unit Price</span>
				</span>
			</p>
			<!---->
			<!---->
		</div>
		<!---->
	    <div class="product-price-estimate" data-colrs-product-price-estimate="" data-product="product">
	
<button class="action-alert-active ng-hide" role="text" data-ng-show="::colrsProductPriceEstimateVM.product.isWeightedItem" data-colrs-click="colrsProductPriceEstimateVM.showPriceAlertMessage()" aria-hidden="true">
    <svg focusable="false" class="icon icon-info-circle" aria-hidden="true" role="presentation">
        <use xlink:href="#icon-info-circle"></use>
    </svg>
    <span class="product-price-estimate-text">
	    Price is an estimate
		<span class="accessibility-inline">
			<!----> 
			<!---->
		</span>
	</span>
</button>
<div class="alert" aria-hidden="true" role="alert" data-ng-blur="colrsProductPriceEstimateVM.closePriceAlertMessageOnBodyClick($event)" data-ng-keydown="colrsProductPriceEstimateVM.alertKeyHandler($event)">
	<div class="alert-wrapper alert-information" data-colrs-click-ignore=""> 
		<span class="arrow"></span>
         <div class="close is-dark">
             <a data-ng-href="" class="popup-close" title="pop up" data-ng-click="colrsProductPriceEstimateVM.hidePriceAlertMessage()">
                 <svg role="presentation" focusable="false" class="icon icon-cross" aria-hidden="true">
                     <use xmlns:xlink="http://www.w3.org/1999/xlink" xlink:href="#icon-cross"></use>
                 </svg>
             </a>
         </div>
		<div class="alert-content">
			<!----> 
			<!---->
		</div>
	</div>
</div>

</div>
	    <!---->
	</strong></header><strong>
	<!---->
	<!----><div class="product-assoc-link" data-ng-class="{'isVisible': product.assocIsVisible}" data-colrs-product-assoc-link="" data-product="product" data-ng-if="productTileVM.context !== 'MODAL' &amp;&amp; !product.showAsUnavailable">
	
<button class="assoc-link-btn" data-ng-click="productAssocLinkVM.openSizesAndVarietiesModal($event, productAssocLinkVM.product)">
	<span role="text">
		<span data-ng-bind-html="productAssocLinkVM.assocLinkTxt"></span>
		<svg focusable="false" class="icon icon-arrow" role="presentation" aria-hidden="true">
		    <use xmlns:xlink="http://www.w3.org/1999/xlink" xlink:href="#icon-arrow"></use>
		</svg>
	</span>
</button>


</div><!---->
	<!-- Fat controller and lists container -->
	<div class="product-actions-container">
		<!----><div class="product-options-container" data-ng-if="productTileVM.context !== 'MODAL'" data-colrs-product-options="">
	
<!---->

</div><!---->
		<!---->
		<div class="fat-controller is-full-width" data-ng-class="{'is-full-width':!productTileVM.isRegistered}" data-container="tile" data-product="product" data-context="" data-show-savings="false" data-colrs-fat-controller="">
	
<ng-transclude></ng-transclude>
<!----><div class="fc-button" data-colrs-fat-controller-container="" data-colrs-if="fatControllerVM.showFatController" data-ng-class="{'is-expanded': fatControllerVM.isExpanded}">
	<div class="button-main-container clear" data-colrs-fat-controller-responsive="">
		<!---->
		<!---->
		<!----><button type="submit" id="_btn_9577540P" class="button button-main" data-colrs-if="(fatControllerVM.defaultType === 'STANDARD')" data-colrs-fat-controller-button="" data-colrs-fat-controller-button-main="" data-colrs-click="fatControllerVM.toggleItem()">
	
<!---->
<!----><span class="button-main-inner" data-colrs-if="!fatControllerVM.isInTrolley()" ng-transclude="">
			
			<span class="product-cta" aria-hidden="true" data-colrs-fat-controller-responsive-component="Add">
				Add
			</span>
			<span class="accessibility">Add</span>
			<span class="product-qty">1</span>
			<span class="accessibility" data-ng-bind="::fatControllerVM.product.prodA11yHeading">Nescafe Cappuccino Sachets 10 Pack 132g on special</span>
			<span class="product-text">for</span>
			<strong class="product-price">$3.15</strong>
			<span class="accessibility">to the trolley.</span>
			
			<!-- 
			<span class="product-saving" aria-hidden="true" data-colrs-if="fatControllerVM.defaultOption.hasDiscount()"
					data-colrs-fat-controller-responsive-component="Save">
				save 
				<strong>{{fatControllerVM.defaultOption.formattedDiscount}}</strong>
			</span>
			
			<span class="accessibility" data-colrs-if="fatControllerVM.defaultOption.hasDiscount()">
				save 
				{{fatControllerVM.defaultOption.formattedDiscount}}
			</span>
			-->
		</span><!-- end colrsIf: !fatControllerVM.isInTrolley() -->

</button><!-- end colrsIf: (fatControllerVM.defaultType === 'STANDARD') -->
	</div>
	<button id="_down_9577540P" class="button button-down" aria-expanded="false" data-colrs-fat-controller-button="" data-colrs-click="fatControllerVM.toggleSelect()" data-ng-blur="fatControllerVM.resetAnnounceElements(fatControllerVM.product.partNumber)">
		<svg focusable="false" class="icon icon-dropdown-small" role="presentation" aria-hidden="true">
			<use xlink:href="#icon-dropdown-small"></use>
		</svg>
		<span class="accessibility" id="_announce_9577540P"></span>
		<span class="accessibility"><br>choose a different quantity for</span>
		<span class="accessibility" data-ng-bind="::fatControllerVM.product.prodA11yHeading">Nescafe Cappuccino Sachets 10 Pack 132g on special</span>
	</button>
	<div class="button-confirmation">
		<div class="button-confirmation-container clear">
			<div class="button-confirmation-label">
				<span data-colrs-fat-controller-animation-message=""></span>
			</div>
		</div>
		<div class="button-confirmation-icon">
			<span class="icon-loading"></span>
		</div>
	</div>
	<!---->
	<p role="text" id="_proc_9577540P" class="accessibility" tabindex="-1"></p>
</div><!-- end colrsIf: fatControllerVM.showFatController -->

<!---->

</div>
	</div>
</strong></div><strong>

</strong></div><!---->
	<!---->
	<!---->
	<!---->
	<!---->
	<!---->
	<!---->
	<!---->
	<!---->
</div>

</div><!----><div class="colrs-animate tile-animate" data-ng-class="::{'tile-stagger': (productListVM.widget.searchInfo.currentPage > 1)}" data-ng-repeat="tile in productListVM.widget.tiles" data-colrs-tile="">
	
<div id="tile_colrsCatalogEntryListWidget_Data_2_3074457345618260154_3074457345618264559_17" data-tile-seq-no="13" data-ng-switch="::tile.type">
	<!----><div data-ng-switch-when="product" tile="tile" data-colrs-product-tile="">
	
<div class="product product-specials" data-colrs-product-style="::tile.data" data-ng-class="::{'has-merch-assoc':(productTileVM.context !== 'MODAL' &amp;&amp; product.productAssociation.isVisible &amp;&amp; product.productAssociation.isFromAssociation) || (tile.isTPB &amp;&amp; tile.hasTPBMerchAssociation), 'product-specials': tile.isTPB, 'has-flag': product.showAsUnavailable}" data-ng-hide="productTileVM.context === 'MODAL' &amp;&amp; product.showAsUnavailable &amp;&amp; !(product.isSizesVarieties)" aria-hidden="false">
	
	<!---->
 	<!---->
	<!---->
    
    <!---->
	<!---->
	<header role="presentation" class="product-header" data-colrs-product-header="">
		<!----><div class="product-icons" data-ng-if="::(product.badges.length &amp;&amp; ((productTileVM.context !== 'MODAL') || (productTileVM.hasProductTicketType &amp;&amp; productTileVM.context === 'MODAL')))">
			
			<!----><svg focusable="false" class="icon icon-specials-badge" role="presentation" aria-hidden="true"><use xmlns:xlink="http://www.w3.org/1999/xlink" xlink:href="#icon-specials-badge"></use></svg><!---->
		</div><!---->
		<!----><div class="product-image-container" data-ng-if="::productTileVM.context !== 'MODAL'">
			<!---->
	        <a class="product-image-link" data-ng-attr-href="{{::productTileVM.pdpHref}}" data-ng-click="productTileVM.openProduct($event)" href="/a/richmond-south/product/kelloggs-k-time-twists-raspberry-apple">
	            <div class="product-image">
					<span role="text">
						<img alt="Kellogg's K-Time Baked Twists Raspberry &amp; Apple Flavour Filled Snack Bars 5 pack 185g on special" data-ng-src="/wcsstore/Coles-CAS/images/9/2/6/9264250-th.jpg" data-colrs-def-product-image="" aria-hidden="true" role="presentation" src="/wcsstore/Coles-CAS/images/9/2/6/9264250-th.jpg">
						<span class="accessibility-inline">Kellogg's K-Time Baked Twists Raspberry &amp; Apple Flavour Filled Snack Bars 5 pack 185g on special</span>
					</span>
	            </div>
	        </a>
	    </div><!---->
	    <div class="product-main-info">
		    <!----><div data-ng-if="productTileVM.context !== 'MODAL'" class="accessibility-inline" data-colrs-page-focus-point="next_product13" colrs-product-option-temp-message=""></div><!---->
	    	<h3 class="product-title" data-ng-class="::{'product-no-desc': !product.showOnlineSizeDesc, 'short-width-title': product.hasRoundelPromo &amp;&amp; productTileVM.context !== 'MODAL'}" data-ng-attr-data-partnumber="{{::product.partNumber}}" data-ng-attr-data-itemid="{{::product.singleSKUCatalogEntryID}}" data-partnumber="9264250P" data-itemid="110630">
				<a data-ng-attr-href="{{::productTileVM.pdpHref}}" data-ng-click="productTileVM.openProduct($event)" href="/a/richmond-south/product/kelloggs-k-time-twists-raspberry-apple">
					<span role="text">
						<!---->
						<span class="product-brand" data-ng-bind="::product.displayBrandText">Kellogg's</span>
						<span class="product-name" data-ng-bind="::product.displayNameText">K-Time Baked Twists Raspberry &amp; Apple Flavour Filled Snack Bars 5 pack</span>
						<span class="package-size accessibility-inline" data-ng-bind="::product.prodA11yHeadingSuffix">185g on special</span>
						<!---->
						<!---->
						<!---->
					</span>
				</a>
			</h3>
			<!---->
			<!----><span class="product-pricing-info" role="text" data-ng-if="::!product.price.isNaN">
	            <span class="price-container">
	            	<!---->
	            	<!--To reduce the space between $ and Hero price for Accessibility, combined span tags in same line-->
	            	<span class="currency-sign">$</span><span class="dollar-value" data-ng-bind="::product.price.dollarValue">2</span><span class="cent-value">.00</span>
	                <!---->
	            </span>
	            
               <!----><span class="saving-container" data-colrs-if="((productTileVM.defaultOption.hasDiscount()  &amp;&amp; !product.isMultiBuyPromo &amp;&amp; !product.tickettypeObject.isRedRing) || productTileVM.product.hasDownDown)">
                    <!----><span class="product-saving" data-colrs-if="!productTileVM.product.hasDownDown &amp;&amp; productTileVM.product.tickettype != 'X'">
                        <span class="product-save-prefix">
                            save
                        </span>
                        <span class="product-save-value">
                            <strong>$2.00</strong>
                        </span>
                    </span><!-- end colrsIf: !productTileVM.product.hasDownDown && productTileVM.product.tickettype != 'X' -->
                    <!----><strong>
                </strong></span><!-- end colrsIf: ((productTileVM.defaultOption.hasDiscount()  && !product.isMultiBuyPromo && !product.tickettypeObject.isRedRing) || productTileVM.product.hasDownDown) --><strong>
               
	        </strong></span><!----><strong>
	        <!---->
		</strong></div><strong>
        <div class="product-info">
			<p tabindex="-1">
				<!----><span class="package-size" aria-hidden="true" data-ng-if="::product.showOnlineSizeDesc" data-ng-bind="::product.sizeDescription">185g</span><!---->
				<!----><span class="delimeter" role="presentation" aria-hidden="true" data-ng-if="::(product.showOnlineSizeDesc &amp;&amp; product.unitPrice)"></span><!---->
				<span role="text">
					<span class="package-price" data-ng-bind="::product.unitPrice">$1.08 per 100G</span>
					<span class="accessibility-inline" data-ng-bind="::product.unitPriceA11y">Unit Price</span>
				</span>
			</p>
			<!---->
			<!---->
		</div>
		<!---->
	    <div class="product-price-estimate" data-colrs-product-price-estimate="" data-product="product">
	
<button class="action-alert-active ng-hide" role="text" data-ng-show="::colrsProductPriceEstimateVM.product.isWeightedItem" data-colrs-click="colrsProductPriceEstimateVM.showPriceAlertMessage()" aria-hidden="true">
    <svg focusable="false" class="icon icon-info-circle" aria-hidden="true" role="presentation">
        <use xlink:href="#icon-info-circle"></use>
    </svg>
    <span class="product-price-estimate-text">
	    Price is an estimate
		<span class="accessibility-inline">
			<!----> 
			<!---->
		</span>
	</span>
</button>
<div class="alert" aria-hidden="true" role="alert" data-ng-blur="colrsProductPriceEstimateVM.closePriceAlertMessageOnBodyClick($event)" data-ng-keydown="colrsProductPriceEstimateVM.alertKeyHandler($event)">
	<div class="alert-wrapper alert-information" data-colrs-click-ignore=""> 
		<span class="arrow"></span>
         <div class="close is-dark">
             <a data-ng-href="" class="popup-close" title="pop up" data-ng-click="colrsProductPriceEstimateVM.hidePriceAlertMessage()">
                 <svg role="presentation" focusable="false" class="icon icon-cross" aria-hidden="true">
                     <use xmlns:xlink="http://www.w3.org/1999/xlink" xlink:href="#icon-cross"></use>
                 </svg>
             </a>
         </div>
		<div class="alert-content">
			<!----> 
			<!---->
		</div>
	</div>
</div>

</div>
	    <!---->
	</strong></header><strong>
	<!---->
	<!----><div class="product-assoc-link" data-ng-class="{'isVisible': product.assocIsVisible}" data-colrs-product-assoc-link="" data-product="product" data-ng-if="productTileVM.context !== 'MODAL' &amp;&amp; !product.showAsUnavailable">
	
<button class="assoc-link-btn" data-ng-click="productAssocLinkVM.openSizesAndVarietiesModal($event, productAssocLinkVM.product)">
	<span role="text">
		<span data-ng-bind-html="productAssocLinkVM.assocLinkTxt"></span>
		<svg focusable="false" class="icon icon-arrow" role="presentation" aria-hidden="true">
		    <use xmlns:xlink="http://www.w3.org/1999/xlink" xlink:href="#icon-arrow"></use>
		</svg>
	</span>
</button>


</div><!---->
	<!-- Fat controller and lists container -->
	<div class="product-actions-container">
		<!----><div class="product-options-container" data-ng-if="productTileVM.context !== 'MODAL'" data-colrs-product-options="">
	
<!---->

</div><!---->
		<!---->
		<div class="fat-controller is-full-width" data-ng-class="{'is-full-width':!productTileVM.isRegistered}" data-container="tile" data-product="product" data-context="" data-show-savings="false" data-colrs-fat-controller="">
	
<ng-transclude></ng-transclude>
<!----><div class="fc-button" data-colrs-fat-controller-container="" data-colrs-if="fatControllerVM.showFatController" data-ng-class="{'is-expanded': fatControllerVM.isExpanded}">
	<div class="button-main-container clear" data-colrs-fat-controller-responsive="">
		<!---->
		<!---->
		<!----><button type="submit" id="_btn_9264250P" class="button button-main" data-colrs-if="(fatControllerVM.defaultType === 'STANDARD')" data-colrs-fat-controller-button="" data-colrs-fat-controller-button-main="" data-colrs-click="fatControllerVM.toggleItem()">
	
<!---->
<!----><span class="button-main-inner" data-colrs-if="!fatControllerVM.isInTrolley()" ng-transclude="">
			
			<span class="product-cta" aria-hidden="true" data-colrs-fat-controller-responsive-component="Add">
				Add
			</span>
			<span class="accessibility">Add</span>
			<span class="product-qty">1</span>
			<span class="accessibility" data-ng-bind="::fatControllerVM.product.prodA11yHeading">Kellogg's K-Time Baked Twists Raspberry &amp; Apple Flavour Filled Snack Bars 5 pack 185g on special</span>
			<span class="product-text">for</span>
			<strong class="product-price">$2.00</strong>
			<span class="accessibility">to the trolley.</span>
			
			<!-- 
			<span class="product-saving" aria-hidden="true" data-colrs-if="fatControllerVM.defaultOption.hasDiscount()"
					data-colrs-fat-controller-responsive-component="Save">
				save 
				<strong>{{fatControllerVM.defaultOption.formattedDiscount}}</strong>
			</span>
			
			<span class="accessibility" data-colrs-if="fatControllerVM.defaultOption.hasDiscount()">
				save 
				{{fatControllerVM.defaultOption.formattedDiscount}}
			</span>
			-->
		</span><!-- end colrsIf: !fatControllerVM.isInTrolley() -->

</button><!-- end colrsIf: (fatControllerVM.defaultType === 'STANDARD') -->
	</div>
	<button id="_down_9264250P" class="button button-down" aria-expanded="false" data-colrs-fat-controller-button="" data-colrs-click="fatControllerVM.toggleSelect()" data-ng-blur="fatControllerVM.resetAnnounceElements(fatControllerVM.product.partNumber)">
		<svg focusable="false" class="icon icon-dropdown-small" role="presentation" aria-hidden="true">
			<use xlink:href="#icon-dropdown-small"></use>
		</svg>
		<span class="accessibility" id="_announce_9264250P"></span>
		<span class="accessibility"><br>choose a different quantity for</span>
		<span class="accessibility" data-ng-bind="::fatControllerVM.product.prodA11yHeading">Kellogg's K-Time Baked Twists Raspberry &amp; Apple Flavour Filled Snack Bars 5 pack 185g on special</span>
	</button>
	<div class="button-confirmation">
		<div class="button-confirmation-container clear">
			<div class="button-confirmation-label">
				<span data-colrs-fat-controller-animation-message=""></span>
			</div>
		</div>
		<div class="button-confirmation-icon">
			<span class="icon-loading"></span>
		</div>
	</div>
	<!---->
	<p role="text" id="_proc_9264250P" class="accessibility" tabindex="-1"></p>
</div><!-- end colrsIf: fatControllerVM.showFatController -->

<!---->

</div>
	</div>
</strong></div><strong>

</strong></div><!---->
	<!---->
	<!---->
	<!---->
	<!---->
	<!---->
	<!---->
	<!---->
	<!---->
</div>

</div><!----><div class="colrs-animate tile-animate" data-ng-class="::{'tile-stagger': (productListVM.widget.searchInfo.currentPage > 1)}" data-ng-repeat="tile in productListVM.widget.tiles" data-colrs-tile="">
	
<div id="tile_colrsCatalogEntryListWidget_Data_2_3074457345618260154_3074457345618264559_18" data-tile-seq-no="14" data-ng-switch="::tile.type">
	<!----><div data-ng-switch-when="product" tile="tile" data-colrs-product-tile="">
	
<div class="product product-specials" data-colrs-product-style="::tile.data" data-ng-class="::{'has-merch-assoc':(productTileVM.context !== 'MODAL' &amp;&amp; product.productAssociation.isVisible &amp;&amp; product.productAssociation.isFromAssociation) || (tile.isTPB &amp;&amp; tile.hasTPBMerchAssociation), 'product-specials': tile.isTPB, 'has-flag': product.showAsUnavailable}" data-ng-hide="productTileVM.context === 'MODAL' &amp;&amp; product.showAsUnavailable &amp;&amp; !(product.isSizesVarieties)" aria-hidden="false">
	
	<!---->
 	<!---->
	<!---->
    
    <!---->
	<!---->
	<header role="presentation" class="product-header" data-colrs-product-header="">
		<!----><div class="product-icons" data-ng-if="::(product.badges.length &amp;&amp; ((productTileVM.context !== 'MODAL') || (productTileVM.hasProductTicketType &amp;&amp; productTileVM.context === 'MODAL')))">
			
			<!----><svg focusable="false" class="icon icon-specials-badge" role="presentation" aria-hidden="true"><use xmlns:xlink="http://www.w3.org/1999/xlink" xlink:href="#icon-specials-badge"></use></svg><!---->
		</div><!---->
		<!----><div class="product-image-container" data-ng-if="::productTileVM.context !== 'MODAL'">
			<!---->
	        <a class="product-image-link" data-ng-attr-href="{{::productTileVM.pdpHref}}" data-ng-click="productTileVM.openProduct($event)" href="/a/richmond-south/product/kraft-mini-original-oreo-cookies">
	            <div class="product-image">
					<span role="text">
						<img alt="Oreo Original Mini Biscuit Multipack 230g on special" data-ng-src="/wcsstore/Coles-CAS/images/1/8/4/1843854-th.jpg" data-colrs-def-product-image="" aria-hidden="true" role="presentation" src="/wcsstore/Coles-CAS/images/1/8/4/1843854-th.jpg">
						<span class="accessibility-inline">Oreo Original Mini Biscuit Multipack 230g on special</span>
					</span>
	            </div>
	        </a>
	    </div><!---->
	    <div class="product-main-info">
		    <!----><div data-ng-if="productTileVM.context !== 'MODAL'" class="accessibility-inline" data-colrs-page-focus-point="next_product14" colrs-product-option-temp-message=""></div><!---->
	    	<h3 class="product-title" data-ng-class="::{'product-no-desc': !product.showOnlineSizeDesc, 'short-width-title': product.hasRoundelPromo &amp;&amp; productTileVM.context !== 'MODAL'}" data-ng-attr-data-partnumber="{{::product.partNumber}}" data-ng-attr-data-itemid="{{::product.singleSKUCatalogEntryID}}" data-partnumber="1843854P" data-itemid="347804">
				<a data-ng-attr-href="{{::productTileVM.pdpHref}}" data-ng-click="productTileVM.openProduct($event)" href="/a/richmond-south/product/kraft-mini-original-oreo-cookies">
					<span role="text">
						<!---->
						<span class="product-brand" data-ng-bind="::product.displayBrandText">Oreo</span>
						<span class="product-name" data-ng-bind="::product.displayNameText">Original Mini Biscuit Multipack</span>
						<span class="package-size accessibility-inline" data-ng-bind="::product.prodA11yHeadingSuffix">230g on special</span>
						<!---->
						<!---->
						<!---->
					</span>
				</a>
			</h3>
			<!---->
			<!----><span class="product-pricing-info" role="text" data-ng-if="::!product.price.isNaN">
	            <span class="price-container">
	            	<!---->
	            	<!--To reduce the space between $ and Hero price for Accessibility, combined span tags in same line-->
	            	<span class="currency-sign">$</span><span class="dollar-value" data-ng-bind="::product.price.dollarValue">1</span><span class="cent-value">.97</span>
	                <!---->
	            </span>
	            
               <!----><span class="saving-container" data-colrs-if="((productTileVM.defaultOption.hasDiscount()  &amp;&amp; !product.isMultiBuyPromo &amp;&amp; !product.tickettypeObject.isRedRing) || productTileVM.product.hasDownDown)">
                    <!----><span class="product-saving" data-colrs-if="!productTileVM.product.hasDownDown &amp;&amp; productTileVM.product.tickettype != 'X'">
                        <span class="product-save-prefix">
                            save
                        </span>
                        <span class="product-save-value">
                            <strong>$1.98</strong>
                        </span>
                    </span><!-- end colrsIf: !productTileVM.product.hasDownDown && productTileVM.product.tickettype != 'X' -->
                    <!----><strong>
                </strong></span><!-- end colrsIf: ((productTileVM.defaultOption.hasDiscount()  && !product.isMultiBuyPromo && !product.tickettypeObject.isRedRing) || productTileVM.product.hasDownDown) --><strong>
               
	        </strong></span><!----><strong>
	        <!---->
		</strong></div><strong>
        <div class="product-info">
			<p tabindex="-1">
				<!----><span class="package-size" aria-hidden="true" data-ng-if="::product.showOnlineSizeDesc" data-ng-bind="::product.sizeDescription">230g</span><!---->
				<!----><span class="delimeter" role="presentation" aria-hidden="true" data-ng-if="::(product.showOnlineSizeDesc &amp;&amp; product.unitPrice)"></span><!---->
				<span role="text">
					<span class="package-price" data-ng-bind="::product.unitPrice">$0.86 per 100G</span>
					<span class="accessibility-inline" data-ng-bind="::product.unitPriceA11y">Unit Price</span>
				</span>
			</p>
			<!---->
			<!---->
		</div>
		<!---->
	    <div class="product-price-estimate" data-colrs-product-price-estimate="" data-product="product">
	
<button class="action-alert-active ng-hide" role="text" data-ng-show="::colrsProductPriceEstimateVM.product.isWeightedItem" data-colrs-click="colrsProductPriceEstimateVM.showPriceAlertMessage()" aria-hidden="true">
    <svg focusable="false" class="icon icon-info-circle" aria-hidden="true" role="presentation">
        <use xlink:href="#icon-info-circle"></use>
    </svg>
    <span class="product-price-estimate-text">
	    Price is an estimate
		<span class="accessibility-inline">
			<!----> 
			<!---->
		</span>
	</span>
</button>
<div class="alert" aria-hidden="true" role="alert" data-ng-blur="colrsProductPriceEstimateVM.closePriceAlertMessageOnBodyClick($event)" data-ng-keydown="colrsProductPriceEstimateVM.alertKeyHandler($event)">
	<div class="alert-wrapper alert-information" data-colrs-click-ignore=""> 
		<span class="arrow"></span>
         <div class="close is-dark">
             <a data-ng-href="" class="popup-close" title="pop up" data-ng-click="colrsProductPriceEstimateVM.hidePriceAlertMessage()">
                 <svg role="presentation" focusable="false" class="icon icon-cross" aria-hidden="true">
                     <use xmlns:xlink="http://www.w3.org/1999/xlink" xlink:href="#icon-cross"></use>
                 </svg>
             </a>
         </div>
		<div class="alert-content">
			<!----> 
			<!---->
		</div>
	</div>
</div>

</div>
	    <!---->
	</strong></header><strong>
	<!---->
	<!----><div class="product-assoc-link" data-ng-class="{'isVisible': product.assocIsVisible}" data-colrs-product-assoc-link="" data-product="product" data-ng-if="productTileVM.context !== 'MODAL' &amp;&amp; !product.showAsUnavailable">
	
<button class="assoc-link-btn" data-ng-click="productAssocLinkVM.openSizesAndVarietiesModal($event, productAssocLinkVM.product)">
	<span role="text">
		<span data-ng-bind-html="productAssocLinkVM.assocLinkTxt"></span>
		<svg focusable="false" class="icon icon-arrow" role="presentation" aria-hidden="true">
		    <use xmlns:xlink="http://www.w3.org/1999/xlink" xlink:href="#icon-arrow"></use>
		</svg>
	</span>
</button>


</div><!---->
	<!-- Fat controller and lists container -->
	<div class="product-actions-container">
		<!----><div class="product-options-container" data-ng-if="productTileVM.context !== 'MODAL'" data-colrs-product-options="">
	
<!---->

</div><!---->
		<!---->
		<div class="fat-controller is-full-width" data-ng-class="{'is-full-width':!productTileVM.isRegistered}" data-container="tile" data-product="product" data-context="" data-show-savings="false" data-colrs-fat-controller="">
	
<ng-transclude></ng-transclude>
<!----><div class="fc-button" data-colrs-fat-controller-container="" data-colrs-if="fatControllerVM.showFatController" data-ng-class="{'is-expanded': fatControllerVM.isExpanded}">
	<div class="button-main-container clear" data-colrs-fat-controller-responsive="">
		<!---->
		<!---->
		<!----><button type="submit" id="_btn_1843854P" class="button button-main" data-colrs-if="(fatControllerVM.defaultType === 'STANDARD')" data-colrs-fat-controller-button="" data-colrs-fat-controller-button-main="" data-colrs-click="fatControllerVM.toggleItem()">
	
<!---->
<!----><span class="button-main-inner" data-colrs-if="!fatControllerVM.isInTrolley()" ng-transclude="">
			
			<span class="product-cta" aria-hidden="true" data-colrs-fat-controller-responsive-component="Add">
				Add
			</span>
			<span class="accessibility">Add</span>
			<span class="product-qty">1</span>
			<span class="accessibility" data-ng-bind="::fatControllerVM.product.prodA11yHeading">Oreo Original Mini Biscuit Multipack 230g on special</span>
			<span class="product-text">for</span>
			<strong class="product-price">$1.97</strong>
			<span class="accessibility">to the trolley.</span>
			
			<!-- 
			<span class="product-saving" aria-hidden="true" data-colrs-if="fatControllerVM.defaultOption.hasDiscount()"
					data-colrs-fat-controller-responsive-component="Save">
				save 
				<strong>{{fatControllerVM.defaultOption.formattedDiscount}}</strong>
			</span>
			
			<span class="accessibility" data-colrs-if="fatControllerVM.defaultOption.hasDiscount()">
				save 
				{{fatControllerVM.defaultOption.formattedDiscount}}
			</span>
			-->
		</span><!-- end colrsIf: !fatControllerVM.isInTrolley() -->

</button><!-- end colrsIf: (fatControllerVM.defaultType === 'STANDARD') -->
	</div>
	<button id="_down_1843854P" class="button button-down" aria-expanded="false" data-colrs-fat-controller-button="" data-colrs-click="fatControllerVM.toggleSelect()" data-ng-blur="fatControllerVM.resetAnnounceElements(fatControllerVM.product.partNumber)">
		<svg focusable="false" class="icon icon-dropdown-small" role="presentation" aria-hidden="true">
			<use xlink:href="#icon-dropdown-small"></use>
		</svg>
		<span class="accessibility" id="_announce_1843854P"></span>
		<span class="accessibility"><br>choose a different quantity for</span>
		<span class="accessibility" data-ng-bind="::fatControllerVM.product.prodA11yHeading">Oreo Original Mini Biscuit Multipack 230g on special</span>
	</button>
	<div class="button-confirmation">
		<div class="button-confirmation-container clear">
			<div class="button-confirmation-label">
				<span data-colrs-fat-controller-animation-message=""></span>
			</div>
		</div>
		<div class="button-confirmation-icon">
			<span class="icon-loading"></span>
		</div>
	</div>
	<!---->
	<p role="text" id="_proc_1843854P" class="accessibility" tabindex="-1"></p>
</div><!-- end colrsIf: fatControllerVM.showFatController -->

<!---->

</div>
	</div>
</strong></div><strong>

</strong></div><!---->
	<!---->
	<!---->
	<!---->
	<!---->
	<!---->
	<!---->
	<!---->
	<!---->
</div>

</div><!----><div class="colrs-animate tile-animate" data-ng-class="::{'tile-stagger': (productListVM.widget.searchInfo.currentPage > 1)}" data-ng-repeat="tile in productListVM.widget.tiles" data-colrs-tile="">
	
<div id="tile_colrsCatalogEntryListWidget_Data_2_3074457345618260154_3074457345618264559_19" data-tile-seq-no="15" data-ng-switch="::tile.type">
	<!----><div data-ng-switch-when="product" tile="tile" data-colrs-product-tile="">
	
<div class="product product-specials" data-colrs-product-style="::tile.data" data-ng-class="::{'has-merch-assoc':(productTileVM.context !== 'MODAL' &amp;&amp; product.productAssociation.isVisible &amp;&amp; product.productAssociation.isFromAssociation) || (tile.isTPB &amp;&amp; tile.hasTPBMerchAssociation), 'product-specials': tile.isTPB, 'has-flag': product.showAsUnavailable}" data-ng-hide="productTileVM.context === 'MODAL' &amp;&amp; product.showAsUnavailable &amp;&amp; !(product.isSizesVarieties)" aria-hidden="false">
	
	<!---->
 	<!---->
	<!---->
    
    <!---->
	<!---->
	<header role="presentation" class="product-header" data-colrs-product-header="">
		<!----><div class="product-icons" data-ng-if="::(product.badges.length &amp;&amp; ((productTileVM.context !== 'MODAL') || (productTileVM.hasProductTicketType &amp;&amp; productTileVM.context === 'MODAL')))">
			
			<!----><svg focusable="false" class="icon icon-specials-badge" role="presentation" aria-hidden="true"><use xmlns:xlink="http://www.w3.org/1999/xlink" xlink:href="#icon-specials-badge"></use></svg><!---->
		</div><!---->
		<!----><div class="product-image-container" data-ng-if="::productTileVM.context !== 'MODAL'">
			<!---->
	        <a class="product-image-link" data-ng-attr-href="{{::productTileVM.pdpHref}}" data-ng-click="productTileVM.openProduct($event)" href="/a/richmond-south/product/cadbury-family-block-chocolate-dairy-milk">
	            <div class="product-image">
					<span role="text">
						<img alt="Cadbury Dairy Milk Chocolate Block 180g on special" data-ng-src="/wcsstore/Coles-CAS/images/2/3/5/2351709-th.jpg" data-colrs-def-product-image="" aria-hidden="true" role="presentation" src="/wcsstore/Coles-CAS/images/2/3/5/2351709-th.jpg">
						<span class="accessibility-inline">Cadbury Dairy Milk Chocolate Block 180g on special</span>
					</span>
	            </div>
	        </a>
	    </div><!---->
	    <div class="product-main-info">
		    <!----><div data-ng-if="productTileVM.context !== 'MODAL'" class="accessibility-inline" data-colrs-page-focus-point="next_product15" colrs-product-option-temp-message=""></div><!---->
	    	<h3 class="product-title" data-ng-class="::{'product-no-desc': !product.showOnlineSizeDesc, 'short-width-title': product.hasRoundelPromo &amp;&amp; productTileVM.context !== 'MODAL'}" data-ng-attr-data-partnumber="{{::product.partNumber}}" data-ng-attr-data-itemid="{{::product.singleSKUCatalogEntryID}}" data-partnumber="2351709P" data-itemid="445608">
				<a data-ng-attr-href="{{::productTileVM.pdpHref}}" data-ng-click="productTileVM.openProduct($event)" href="/a/richmond-south/product/cadbury-family-block-chocolate-dairy-milk">
					<span role="text">
						<!---->
						<span class="product-brand" data-ng-bind="::product.displayBrandText">Cadbury</span>
						<span class="product-name" data-ng-bind="::product.displayNameText">Dairy Milk Chocolate Block</span>
						<span class="package-size accessibility-inline" data-ng-bind="::product.prodA11yHeadingSuffix">180g on special</span>
						<!---->
						<!---->
						<!---->
					</span>
				</a>
			</h3>
			<!---->
			<!----><span class="product-pricing-info" role="text" data-ng-if="::!product.price.isNaN">
	            <span class="price-container">
	            	<!---->
	            	<!--To reduce the space between $ and Hero price for Accessibility, combined span tags in same line-->
	            	<span class="currency-sign">$</span><span class="dollar-value" data-ng-bind="::product.price.dollarValue">2</span><span class="cent-value">.50</span>
	                <!---->
	            </span>
	            
               <!----><span class="saving-container" data-colrs-if="((productTileVM.defaultOption.hasDiscount()  &amp;&amp; !product.isMultiBuyPromo &amp;&amp; !product.tickettypeObject.isRedRing) || productTileVM.product.hasDownDown)">
                    <!----><span class="product-saving" data-colrs-if="!productTileVM.product.hasDownDown &amp;&amp; productTileVM.product.tickettype != 'X'">
                        <span class="product-save-prefix">
                            save
                        </span>
                        <span class="product-save-value">
                            <strong>$2.50</strong>
                        </span>
                    </span><!-- end colrsIf: !productTileVM.product.hasDownDown && productTileVM.product.tickettype != 'X' -->
                    <!----><strong>
                </strong></span><!-- end colrsIf: ((productTileVM.defaultOption.hasDiscount()  && !product.isMultiBuyPromo && !product.tickettypeObject.isRedRing) || productTileVM.product.hasDownDown) --><strong>
               
	        </strong></span><!----><strong>
	        <!---->
		</strong></div><strong>
        <div class="product-info">
			<p tabindex="-1">
				<!----><span class="package-size" aria-hidden="true" data-ng-if="::product.showOnlineSizeDesc" data-ng-bind="::product.sizeDescription">180g</span><!---->
				<!----><span class="delimeter" role="presentation" aria-hidden="true" data-ng-if="::(product.showOnlineSizeDesc &amp;&amp; product.unitPrice)"></span><!---->
				<span role="text">
					<span class="package-price" data-ng-bind="::product.unitPrice">$1.39 per 100G</span>
					<span class="accessibility-inline" data-ng-bind="::product.unitPriceA11y">Unit Price</span>
				</span>
			</p>
			<!---->
			<!---->
		</div>
		<!---->
	    <div class="product-price-estimate" data-colrs-product-price-estimate="" data-product="product">
	
<button class="action-alert-active ng-hide" role="text" data-ng-show="::colrsProductPriceEstimateVM.product.isWeightedItem" data-colrs-click="colrsProductPriceEstimateVM.showPriceAlertMessage()" aria-hidden="true">
    <svg focusable="false" class="icon icon-info-circle" aria-hidden="true" role="presentation">
        <use xlink:href="#icon-info-circle"></use>
    </svg>
    <span class="product-price-estimate-text">
	    Price is an estimate
		<span class="accessibility-inline">
			<!----> 
			<!---->
		</span>
	</span>
</button>
<div class="alert" aria-hidden="true" role="alert" data-ng-blur="colrsProductPriceEstimateVM.closePriceAlertMessageOnBodyClick($event)" data-ng-keydown="colrsProductPriceEstimateVM.alertKeyHandler($event)">
	<div class="alert-wrapper alert-information" data-colrs-click-ignore=""> 
		<span class="arrow"></span>
         <div class="close is-dark">
             <a data-ng-href="" class="popup-close" title="pop up" data-ng-click="colrsProductPriceEstimateVM.hidePriceAlertMessage()">
                 <svg role="presentation" focusable="false" class="icon icon-cross" aria-hidden="true">
                     <use xmlns:xlink="http://www.w3.org/1999/xlink" xlink:href="#icon-cross"></use>
                 </svg>
             </a>
         </div>
		<div class="alert-content">
			<!----> 
			<!---->
		</div>
	</div>
</div>

</div>
	    <!---->
	</strong></header><strong>
	<!---->
	<!----><div class="product-assoc-link" data-ng-class="{'isVisible': product.assocIsVisible}" data-colrs-product-assoc-link="" data-product="product" data-ng-if="productTileVM.context !== 'MODAL' &amp;&amp; !product.showAsUnavailable">
	
<button class="assoc-link-btn" data-ng-click="productAssocLinkVM.openSizesAndVarietiesModal($event, productAssocLinkVM.product)">
	<span role="text">
		<span data-ng-bind-html="productAssocLinkVM.assocLinkTxt"></span>
		<svg focusable="false" class="icon icon-arrow" role="presentation" aria-hidden="true">
		    <use xmlns:xlink="http://www.w3.org/1999/xlink" xlink:href="#icon-arrow"></use>
		</svg>
	</span>
</button>


</div><!---->
	<!-- Fat controller and lists container -->
	<div class="product-actions-container">
		<!----><div class="product-options-container" data-ng-if="productTileVM.context !== 'MODAL'" data-colrs-product-options="">
	
<!---->

</div><!---->
		<!---->
		<div class="fat-controller is-full-width" data-ng-class="{'is-full-width':!productTileVM.isRegistered}" data-container="tile" data-product="product" data-context="" data-show-savings="false" data-colrs-fat-controller="">
	
<ng-transclude></ng-transclude>
<!----><div class="fc-button" data-colrs-fat-controller-container="" data-colrs-if="fatControllerVM.showFatController" data-ng-class="{'is-expanded': fatControllerVM.isExpanded}">
	<div class="button-main-container clear" data-colrs-fat-controller-responsive="">
		<!---->
		<!---->
		<!----><button type="submit" id="_btn_2351709P" class="button button-main" data-colrs-if="(fatControllerVM.defaultType === 'STANDARD')" data-colrs-fat-controller-button="" data-colrs-fat-controller-button-main="" data-colrs-click="fatControllerVM.toggleItem()">
	
<!---->
<!----><span class="button-main-inner" data-colrs-if="!fatControllerVM.isInTrolley()" ng-transclude="">
			
			<span class="product-cta" aria-hidden="true" data-colrs-fat-controller-responsive-component="Add">
				Add
			</span>
			<span class="accessibility">Add</span>
			<span class="product-qty">1</span>
			<span class="accessibility" data-ng-bind="::fatControllerVM.product.prodA11yHeading">Cadbury Dairy Milk Chocolate Block 180g on special</span>
			<span class="product-text">for</span>
			<strong class="product-price">$2.50</strong>
			<span class="accessibility">to the trolley.</span>
			
			<!-- 
			<span class="product-saving" aria-hidden="true" data-colrs-if="fatControllerVM.defaultOption.hasDiscount()"
					data-colrs-fat-controller-responsive-component="Save">
				save 
				<strong>{{fatControllerVM.defaultOption.formattedDiscount}}</strong>
			</span>
			
			<span class="accessibility" data-colrs-if="fatControllerVM.defaultOption.hasDiscount()">
				save 
				{{fatControllerVM.defaultOption.formattedDiscount}}
			</span>
			-->
		</span><!-- end colrsIf: !fatControllerVM.isInTrolley() -->

</button><!-- end colrsIf: (fatControllerVM.defaultType === 'STANDARD') -->
	</div>
	<button id="_down_2351709P" class="button button-down" aria-expanded="false" data-colrs-fat-controller-button="" data-colrs-click="fatControllerVM.toggleSelect()" data-ng-blur="fatControllerVM.resetAnnounceElements(fatControllerVM.product.partNumber)">
		<svg focusable="false" class="icon icon-dropdown-small" role="presentation" aria-hidden="true">
			<use xlink:href="#icon-dropdown-small"></use>
		</svg>
		<span class="accessibility" id="_announce_2351709P"></span>
		<span class="accessibility"><br>choose a different quantity for</span>
		<span class="accessibility" data-ng-bind="::fatControllerVM.product.prodA11yHeading">Cadbury Dairy Milk Chocolate Block 180g on special</span>
	</button>
	<div class="button-confirmation">
		<div class="button-confirmation-container clear">
			<div class="button-confirmation-label">
				<span data-colrs-fat-controller-animation-message=""></span>
			</div>
		</div>
		<div class="button-confirmation-icon">
			<span class="icon-loading"></span>
		</div>
	</div>
	<!---->
	<p role="text" id="_proc_2351709P" class="accessibility" tabindex="-1"></p>
</div><!-- end colrsIf: fatControllerVM.showFatController -->

<!---->

</div>
	</div>
</strong></div><strong>

</strong></div><!---->
	<!---->
	<!---->
	<!---->
	<!---->
	<!---->
	<!---->
	<!---->
	<!---->
</div>

</div><!----><div class="colrs-animate tile-animate" data-ng-class="::{'tile-stagger': (productListVM.widget.searchInfo.currentPage > 1)}" data-ng-repeat="tile in productListVM.widget.tiles" data-colrs-tile="">
	
<div id="tile_colrsCatalogEntryListWidget_Data_2_3074457345618260154_3074457345618264559_20" data-tile-seq-no="16" data-ng-switch="::tile.type">
	<!----><div data-ng-switch-when="product" tile="tile" data-colrs-product-tile="">
	
<div class="product product-specials" data-colrs-product-style="::tile.data" data-ng-class="::{'has-merch-assoc':(productTileVM.context !== 'MODAL' &amp;&amp; product.productAssociation.isVisible &amp;&amp; product.productAssociation.isFromAssociation) || (tile.isTPB &amp;&amp; tile.hasTPBMerchAssociation), 'product-specials': tile.isTPB, 'has-flag': product.showAsUnavailable}" data-ng-hide="productTileVM.context === 'MODAL' &amp;&amp; product.showAsUnavailable &amp;&amp; !(product.isSizesVarieties)" aria-hidden="false">
	
	<!---->
 	<!---->
	<!---->
    
    <!---->
	<!---->
	<header role="presentation" class="product-header" data-colrs-product-header="">
		<!----><div class="product-icons" data-ng-if="::(product.badges.length &amp;&amp; ((productTileVM.context !== 'MODAL') || (productTileVM.hasProductTicketType &amp;&amp; productTileVM.context === 'MODAL')))">
			
			<!----><svg focusable="false" class="icon icon-specials-badge" role="presentation" aria-hidden="true"><use xmlns:xlink="http://www.w3.org/1999/xlink" xlink:href="#icon-specials-badge"></use></svg><!---->
		</div><!---->
		<!----><div class="product-image-container" data-ng-if="::productTileVM.context !== 'MODAL'">
			<!---->
	        <a class="product-image-link" data-ng-attr-href="{{::productTileVM.pdpHref}}" data-ng-click="productTileVM.openProduct($event)" href="/a/richmond-south/product/hong-kong-dim-sim-kitchen-pork-chive-dumpling">
	            <div class="product-image">
					<span role="text">
						<img alt="Hong Kong Dim Sim Kitchen Frozen Pork &amp; Chive Dumplings 10 Pieces 200g on special" data-ng-src="/wcsstore/Coles-CAS/images/2/3/5/2356724-th.jpg" data-colrs-def-product-image="" aria-hidden="true" role="presentation" src="/wcsstore/Coles-CAS/images/2/3/5/2356724-th.jpg">
						<span class="accessibility-inline">Hong Kong Dim Sim Kitchen Frozen Pork &amp; Chive Dumplings 10 Pieces 200g on special</span>
					</span>
	            </div>
	        </a>
	    </div><!---->
	    <div class="product-main-info">
		    <!----><div data-ng-if="productTileVM.context !== 'MODAL'" class="accessibility-inline" data-colrs-page-focus-point="next_product16" colrs-product-option-temp-message=""></div><!---->
	    	<h3 class="product-title" data-ng-class="::{'product-no-desc': !product.showOnlineSizeDesc, 'short-width-title': product.hasRoundelPromo &amp;&amp; productTileVM.context !== 'MODAL'}" data-ng-attr-data-partnumber="{{::product.partNumber}}" data-ng-attr-data-itemid="{{::product.singleSKUCatalogEntryID}}" data-partnumber="2356724P" data-itemid="474101">
				<a data-ng-attr-href="{{::productTileVM.pdpHref}}" data-ng-click="productTileVM.openProduct($event)" href="/a/richmond-south/product/hong-kong-dim-sim-kitchen-pork-chive-dumpling">
					<span role="text">
						<!---->
						<span class="product-brand" data-ng-bind="::product.displayBrandText">Hong Kong Dim Sim Kitchen</span>
						<span class="product-name" data-ng-bind="::product.displayNameText">Frozen Pork &amp; Chive Dumplings 10 Pieces</span>
						<span class="package-size accessibility-inline" data-ng-bind="::product.prodA11yHeadingSuffix">200g on special</span>
						<!---->
						<!---->
						<!---->
					</span>
				</a>
			</h3>
			<!---->
			<!----><span class="product-pricing-info" role="text" data-ng-if="::!product.price.isNaN">
	            <span class="price-container">
	            	<!---->
	            	<!--To reduce the space between $ and Hero price for Accessibility, combined span tags in same line-->
	            	<span class="currency-sign">$</span><span class="dollar-value" data-ng-bind="::product.price.dollarValue">2</span><span class="cent-value">.50</span>
	                <!---->
	            </span>
	            
               <!----><span class="saving-container" data-colrs-if="((productTileVM.defaultOption.hasDiscount()  &amp;&amp; !product.isMultiBuyPromo &amp;&amp; !product.tickettypeObject.isRedRing) || productTileVM.product.hasDownDown)">
                    <!----><span class="product-saving" data-colrs-if="!productTileVM.product.hasDownDown &amp;&amp; productTileVM.product.tickettype != 'X'">
                        <span class="product-save-prefix">
                            save
                        </span>
                        <span class="product-save-value">
                            <strong>$2.50</strong>
                        </span>
                    </span><!-- end colrsIf: !productTileVM.product.hasDownDown && productTileVM.product.tickettype != 'X' -->
                    <!----><strong>
                </strong></span><!-- end colrsIf: ((productTileVM.defaultOption.hasDiscount()  && !product.isMultiBuyPromo && !product.tickettypeObject.isRedRing) || productTileVM.product.hasDownDown) --><strong>
               
	        </strong></span><!----><strong>
	        <!---->
		</strong></div><strong>
        <div class="product-info">
			<p tabindex="-1">
				<!----><span class="package-size" aria-hidden="true" data-ng-if="::product.showOnlineSizeDesc" data-ng-bind="::product.sizeDescription">200g</span><!---->
				<!----><span class="delimeter" role="presentation" aria-hidden="true" data-ng-if="::(product.showOnlineSizeDesc &amp;&amp; product.unitPrice)"></span><!---->
				<span role="text">
					<span class="package-price" data-ng-bind="::product.unitPrice">$1.25 per 100G</span>
					<span class="accessibility-inline" data-ng-bind="::product.unitPriceA11y">Unit Price</span>
				</span>
			</p>
			<!---->
			<!---->
		</div>
		<!---->
	    <div class="product-price-estimate" data-colrs-product-price-estimate="" data-product="product">
	
<button class="action-alert-active ng-hide" role="text" data-ng-show="::colrsProductPriceEstimateVM.product.isWeightedItem" data-colrs-click="colrsProductPriceEstimateVM.showPriceAlertMessage()" aria-hidden="true">
    <svg focusable="false" class="icon icon-info-circle" aria-hidden="true" role="presentation">
        <use xlink:href="#icon-info-circle"></use>
    </svg>
    <span class="product-price-estimate-text">
	    Price is an estimate
		<span class="accessibility-inline">
			<!----> 
			<!---->
		</span>
	</span>
</button>
<div class="alert" aria-hidden="true" role="alert" data-ng-blur="colrsProductPriceEstimateVM.closePriceAlertMessageOnBodyClick($event)" data-ng-keydown="colrsProductPriceEstimateVM.alertKeyHandler($event)">
	<div class="alert-wrapper alert-information" data-colrs-click-ignore=""> 
		<span class="arrow"></span>
         <div class="close is-dark">
             <a data-ng-href="" class="popup-close" title="pop up" data-ng-click="colrsProductPriceEstimateVM.hidePriceAlertMessage()">
                 <svg role="presentation" focusable="false" class="icon icon-cross" aria-hidden="true">
                     <use xmlns:xlink="http://www.w3.org/1999/xlink" xlink:href="#icon-cross"></use>
                 </svg>
             </a>
         </div>
		<div class="alert-content">
			<!----> 
			<!---->
		</div>
	</div>
</div>

</div>
	    <!---->
	</strong></header><strong>
	<!---->
	<!----><div class="product-assoc-link" data-ng-class="{'isVisible': product.assocIsVisible}" data-colrs-product-assoc-link="" data-product="product" data-ng-if="productTileVM.context !== 'MODAL' &amp;&amp; !product.showAsUnavailable">
	
<button class="assoc-link-btn" data-ng-click="productAssocLinkVM.openSizesAndVarietiesModal($event, productAssocLinkVM.product)">
	<span role="text">
		<span data-ng-bind-html="productAssocLinkVM.assocLinkTxt"></span>
		<svg focusable="false" class="icon icon-arrow" role="presentation" aria-hidden="true">
		    <use xmlns:xlink="http://www.w3.org/1999/xlink" xlink:href="#icon-arrow"></use>
		</svg>
	</span>
</button>


</div><!---->
	<!-- Fat controller and lists container -->
	<div class="product-actions-container">
		<!----><div class="product-options-container" data-ng-if="productTileVM.context !== 'MODAL'" data-colrs-product-options="">
	
<!---->

</div><!---->
		<!---->
		<div class="fat-controller is-full-width" data-ng-class="{'is-full-width':!productTileVM.isRegistered}" data-container="tile" data-product="product" data-context="" data-show-savings="false" data-colrs-fat-controller="">
	
<ng-transclude></ng-transclude>
<!----><div class="fc-button" data-colrs-fat-controller-container="" data-colrs-if="fatControllerVM.showFatController" data-ng-class="{'is-expanded': fatControllerVM.isExpanded}">
	<div class="button-main-container clear" data-colrs-fat-controller-responsive="">
		<!---->
		<!---->
		<!----><button type="submit" id="_btn_2356724P" class="button button-main" data-colrs-if="(fatControllerVM.defaultType === 'STANDARD')" data-colrs-fat-controller-button="" data-colrs-fat-controller-button-main="" data-colrs-click="fatControllerVM.toggleItem()">
	
<!---->
<!----><span class="button-main-inner" data-colrs-if="!fatControllerVM.isInTrolley()" ng-transclude="">
			
			<span class="product-cta" aria-hidden="true" data-colrs-fat-controller-responsive-component="Add">
				Add
			</span>
			<span class="accessibility">Add</span>
			<span class="product-qty">1</span>
			<span class="accessibility" data-ng-bind="::fatControllerVM.product.prodA11yHeading">Hong Kong Dim Sim Kitchen Frozen Pork &amp; Chive Dumplings 10 Pieces 200g on special</span>
			<span class="product-text">for</span>
			<strong class="product-price">$2.50</strong>
			<span class="accessibility">to the trolley.</span>
			
			<!-- 
			<span class="product-saving" aria-hidden="true" data-colrs-if="fatControllerVM.defaultOption.hasDiscount()"
					data-colrs-fat-controller-responsive-component="Save">
				save 
				<strong>{{fatControllerVM.defaultOption.formattedDiscount}}</strong>
			</span>
			
			<span class="accessibility" data-colrs-if="fatControllerVM.defaultOption.hasDiscount()">
				save 
				{{fatControllerVM.defaultOption.formattedDiscount}}
			</span>
			-->
		</span><!-- end colrsIf: !fatControllerVM.isInTrolley() -->

</button><!-- end colrsIf: (fatControllerVM.defaultType === 'STANDARD') -->
	</div>
	<button id="_down_2356724P" class="button button-down" aria-expanded="false" data-colrs-fat-controller-button="" data-colrs-click="fatControllerVM.toggleSelect()" data-ng-blur="fatControllerVM.resetAnnounceElements(fatControllerVM.product.partNumber)">
		<svg focusable="false" class="icon icon-dropdown-small" role="presentation" aria-hidden="true">
			<use xlink:href="#icon-dropdown-small"></use>
		</svg>
		<span class="accessibility" id="_announce_2356724P"></span>
		<span class="accessibility"><br>choose a different quantity for</span>
		<span class="accessibility" data-ng-bind="::fatControllerVM.product.prodA11yHeading">Hong Kong Dim Sim Kitchen Frozen Pork &amp; Chive Dumplings 10 Pieces 200g on special</span>
	</button>
	<div class="button-confirmation">
		<div class="button-confirmation-container clear">
			<div class="button-confirmation-label">
				<span data-colrs-fat-controller-animation-message=""></span>
			</div>
		</div>
		<div class="button-confirmation-icon">
			<span class="icon-loading"></span>
		</div>
	</div>
	<!---->
	<p role="text" id="_proc_2356724P" class="accessibility" tabindex="-1"></p>
</div><!-- end colrsIf: fatControllerVM.showFatController -->

<!---->

</div>
	</div>
</strong></div><strong>

</strong></div><!---->
	<!---->
	<!---->
	<!---->
	<!---->
	<!---->
	<!---->
	<!---->
	<!---->
</div>

</div><!----><div class="colrs-animate tile-animate" data-ng-class="::{'tile-stagger': (productListVM.widget.searchInfo.currentPage > 1)}" data-ng-repeat="tile in productListVM.widget.tiles" data-colrs-tile="">
	
<div id="tile_colrsCatalogEntryListWidget_Data_2_3074457345618260154_3074457345618264559_21" data-tile-seq-no="17" data-ng-switch="::tile.type">
	<!----><div data-ng-switch-when="product" tile="tile" data-colrs-product-tile="">
	
<div class="product product-specials" data-colrs-product-style="::tile.data" data-ng-class="::{'has-merch-assoc':(productTileVM.context !== 'MODAL' &amp;&amp; product.productAssociation.isVisible &amp;&amp; product.productAssociation.isFromAssociation) || (tile.isTPB &amp;&amp; tile.hasTPBMerchAssociation), 'product-specials': tile.isTPB, 'has-flag': product.showAsUnavailable}" data-ng-hide="productTileVM.context === 'MODAL' &amp;&amp; product.showAsUnavailable &amp;&amp; !(product.isSizesVarieties)" aria-hidden="false">
	
	<!---->
 	<!---->
	<!---->
    
    <!---->
	<!---->
	<header role="presentation" class="product-header" data-colrs-product-header="">
		<!----><div class="product-icons" data-ng-if="::(product.badges.length &amp;&amp; ((productTileVM.context !== 'MODAL') || (productTileVM.hasProductTicketType &amp;&amp; productTileVM.context === 'MODAL')))">
			
			<!----><svg focusable="false" class="icon icon-specials-badge" role="presentation" aria-hidden="true"><use xmlns:xlink="http://www.w3.org/1999/xlink" xlink:href="#icon-specials-badge"></use></svg><!---->
		</div><!---->
		<!----><div class="product-image-container" data-ng-if="::productTileVM.context !== 'MODAL'">
			<!---->
	        <a class="product-image-link" data-ng-attr-href="{{::productTileVM.pdpHref}}" data-ng-click="productTileVM.openProduct($event)" href="/a/richmond-south/product/steggles-chicken-tenders-sweet-chilli">
	            <div class="product-image">
					<span role="text">
						<img alt="Steggles Frozen Sweet Chilli Chicken Breast Tenders 400g on special" data-ng-src="/wcsstore/Coles-CAS/images/2/7/1/2719952-th.jpg" data-colrs-def-product-image="" aria-hidden="true" role="presentation" src="/wcsstore/Coles-CAS/images/2/7/1/2719952-th.jpg">
						<span class="accessibility-inline">Steggles Frozen Sweet Chilli Chicken Breast Tenders 400g on special</span>
					</span>
	            </div>
	        </a>
	    </div><!---->
	    <div class="product-main-info">
		    <!----><div data-ng-if="productTileVM.context !== 'MODAL'" class="accessibility-inline" data-colrs-page-focus-point="next_product17" colrs-product-option-temp-message=""></div><!---->
	    	<h3 class="product-title" data-ng-class="::{'product-no-desc': !product.showOnlineSizeDesc, 'short-width-title': product.hasRoundelPromo &amp;&amp; productTileVM.context !== 'MODAL'}" data-ng-attr-data-partnumber="{{::product.partNumber}}" data-ng-attr-data-itemid="{{::product.singleSKUCatalogEntryID}}" data-partnumber="2719952P" data-itemid="588035">
				<a data-ng-attr-href="{{::productTileVM.pdpHref}}" data-ng-click="productTileVM.openProduct($event)" href="/a/richmond-south/product/steggles-chicken-tenders-sweet-chilli">
					<span role="text">
						<!---->
						<span class="product-brand" data-ng-bind="::product.displayBrandText">Steggles</span>
						<span class="product-name" data-ng-bind="::product.displayNameText">Frozen Sweet Chilli Chicken Breast Tenders</span>
						<span class="package-size accessibility-inline" data-ng-bind="::product.prodA11yHeadingSuffix">400g on special</span>
						<!---->
						<!---->
						<!---->
					</span>
				</a>
			</h3>
			<!---->
			<!----><span class="product-pricing-info" role="text" data-ng-if="::!product.price.isNaN">
	            <span class="price-container">
	            	<!---->
	            	<!--To reduce the space between $ and Hero price for Accessibility, combined span tags in same line-->
	            	<span class="currency-sign">$</span><span class="dollar-value" data-ng-bind="::product.price.dollarValue">3</span><span class="cent-value">.97</span>
	                <!---->
	            </span>
	            
               <!----><span class="saving-container" data-colrs-if="((productTileVM.defaultOption.hasDiscount()  &amp;&amp; !product.isMultiBuyPromo &amp;&amp; !product.tickettypeObject.isRedRing) || productTileVM.product.hasDownDown)">
                    <!----><span class="product-saving" data-colrs-if="!productTileVM.product.hasDownDown &amp;&amp; productTileVM.product.tickettype != 'X'">
                        <span class="product-save-prefix">
                            save
                        </span>
                        <span class="product-save-value">
                            <strong>$3.98</strong>
                        </span>
                    </span><!-- end colrsIf: !productTileVM.product.hasDownDown && productTileVM.product.tickettype != 'X' -->
                    <!----><strong>
                </strong></span><!-- end colrsIf: ((productTileVM.defaultOption.hasDiscount()  && !product.isMultiBuyPromo && !product.tickettypeObject.isRedRing) || productTileVM.product.hasDownDown) --><strong>
               
	        </strong></span><!----><strong>
	        <!---->
		</strong></div><strong>
        <div class="product-info">
			<p tabindex="-1">
				<!----><span class="package-size" aria-hidden="true" data-ng-if="::product.showOnlineSizeDesc" data-ng-bind="::product.sizeDescription">400g</span><!---->
				<!----><span class="delimeter" role="presentation" aria-hidden="true" data-ng-if="::(product.showOnlineSizeDesc &amp;&amp; product.unitPrice)"></span><!---->
				<span role="text">
					<span class="package-price" data-ng-bind="::product.unitPrice">$9.93 per 1Kg</span>
					<span class="accessibility-inline" data-ng-bind="::product.unitPriceA11y">Unit Price</span>
				</span>
			</p>
			<!---->
			<!---->
		</div>
		<!---->
	    <div class="product-price-estimate" data-colrs-product-price-estimate="" data-product="product">
	
<button class="action-alert-active ng-hide" role="text" data-ng-show="::colrsProductPriceEstimateVM.product.isWeightedItem" data-colrs-click="colrsProductPriceEstimateVM.showPriceAlertMessage()" aria-hidden="true">
    <svg focusable="false" class="icon icon-info-circle" aria-hidden="true" role="presentation">
        <use xlink:href="#icon-info-circle"></use>
    </svg>
    <span class="product-price-estimate-text">
	    Price is an estimate
		<span class="accessibility-inline">
			<!----> 
			<!---->
		</span>
	</span>
</button>
<div class="alert" aria-hidden="true" role="alert" data-ng-blur="colrsProductPriceEstimateVM.closePriceAlertMessageOnBodyClick($event)" data-ng-keydown="colrsProductPriceEstimateVM.alertKeyHandler($event)">
	<div class="alert-wrapper alert-information" data-colrs-click-ignore=""> 
		<span class="arrow"></span>
         <div class="close is-dark">
             <a data-ng-href="" class="popup-close" title="pop up" data-ng-click="colrsProductPriceEstimateVM.hidePriceAlertMessage()">
                 <svg role="presentation" focusable="false" class="icon icon-cross" aria-hidden="true">
                     <use xmlns:xlink="http://www.w3.org/1999/xlink" xlink:href="#icon-cross"></use>
                 </svg>
             </a>
         </div>
		<div class="alert-content">
			<!----> 
			<!---->
		</div>
	</div>
</div>

</div>
	    <!---->
	</strong></header><strong>
	<!---->
	<!----><div class="product-assoc-link" data-ng-class="{'isVisible': product.assocIsVisible}" data-colrs-product-assoc-link="" data-product="product" data-ng-if="productTileVM.context !== 'MODAL' &amp;&amp; !product.showAsUnavailable">
	
<button class="assoc-link-btn" data-ng-click="productAssocLinkVM.openSizesAndVarietiesModal($event, productAssocLinkVM.product)">
	<span role="text">
		<span data-ng-bind-html="productAssocLinkVM.assocLinkTxt"></span>
		<svg focusable="false" class="icon icon-arrow" role="presentation" aria-hidden="true">
		    <use xmlns:xlink="http://www.w3.org/1999/xlink" xlink:href="#icon-arrow"></use>
		</svg>
	</span>
</button>


</div><!---->
	<!-- Fat controller and lists container -->
	<div class="product-actions-container">
		<!----><div class="product-options-container" data-ng-if="productTileVM.context !== 'MODAL'" data-colrs-product-options="">
	
<!---->

</div><!---->
		<!---->
		<div class="fat-controller is-full-width" data-ng-class="{'is-full-width':!productTileVM.isRegistered}" data-container="tile" data-product="product" data-context="" data-show-savings="false" data-colrs-fat-controller="">
	
<ng-transclude></ng-transclude>
<!----><div class="fc-button" data-colrs-fat-controller-container="" data-colrs-if="fatControllerVM.showFatController" data-ng-class="{'is-expanded': fatControllerVM.isExpanded}">
	<div class="button-main-container clear" data-colrs-fat-controller-responsive="">
		<!---->
		<!---->
		<!----><button type="submit" id="_btn_2719952P" class="button button-main" data-colrs-if="(fatControllerVM.defaultType === 'STANDARD')" data-colrs-fat-controller-button="" data-colrs-fat-controller-button-main="" data-colrs-click="fatControllerVM.toggleItem()">
	
<!---->
<!----><span class="button-main-inner" data-colrs-if="!fatControllerVM.isInTrolley()" ng-transclude="">
			
			<span class="product-cta" aria-hidden="true" data-colrs-fat-controller-responsive-component="Add">
				Add
			</span>
			<span class="accessibility">Add</span>
			<span class="product-qty">1</span>
			<span class="accessibility" data-ng-bind="::fatControllerVM.product.prodA11yHeading">Steggles Frozen Sweet Chilli Chicken Breast Tenders 400g on special</span>
			<span class="product-text">for</span>
			<strong class="product-price">$3.97</strong>
			<span class="accessibility">to the trolley.</span>
			
			<!-- 
			<span class="product-saving" aria-hidden="true" data-colrs-if="fatControllerVM.defaultOption.hasDiscount()"
					data-colrs-fat-controller-responsive-component="Save">
				save 
				<strong>{{fatControllerVM.defaultOption.formattedDiscount}}</strong>
			</span>
			
			<span class="accessibility" data-colrs-if="fatControllerVM.defaultOption.hasDiscount()">
				save 
				{{fatControllerVM.defaultOption.formattedDiscount}}
			</span>
			-->
		</span><!-- end colrsIf: !fatControllerVM.isInTrolley() -->

</button><!-- end colrsIf: (fatControllerVM.defaultType === 'STANDARD') -->
	</div>
	<button id="_down_2719952P" class="button button-down" aria-expanded="false" data-colrs-fat-controller-button="" data-colrs-click="fatControllerVM.toggleSelect()" data-ng-blur="fatControllerVM.resetAnnounceElements(fatControllerVM.product.partNumber)">
		<svg focusable="false" class="icon icon-dropdown-small" role="presentation" aria-hidden="true">
			<use xlink:href="#icon-dropdown-small"></use>
		</svg>
		<span class="accessibility" id="_announce_2719952P"></span>
		<span class="accessibility"><br>choose a different quantity for</span>
		<span class="accessibility" data-ng-bind="::fatControllerVM.product.prodA11yHeading">Steggles Frozen Sweet Chilli Chicken Breast Tenders 400g on special</span>
	</button>
	<div class="button-confirmation">
		<div class="button-confirmation-container clear">
			<div class="button-confirmation-label">
				<span data-colrs-fat-controller-animation-message=""></span>
			</div>
		</div>
		<div class="button-confirmation-icon">
			<span class="icon-loading"></span>
		</div>
	</div>
	<!---->
	<p role="text" id="_proc_2719952P" class="accessibility" tabindex="-1"></p>
</div><!-- end colrsIf: fatControllerVM.showFatController -->

<!---->

</div>
	</div>
</strong></div><strong>

</strong></div><!---->
	<!---->
	<!---->
	<!---->
	<!---->
	<!---->
	<!---->
	<!---->
	<!---->
</div>

</div><!----><div class="colrs-animate tile-animate" data-ng-class="::{'tile-stagger': (productListVM.widget.searchInfo.currentPage > 1)}" data-ng-repeat="tile in productListVM.widget.tiles" data-colrs-tile="">
	
<div id="tile_colrsCatalogEntryListWidget_Data_2_3074457345618260154_3074457345618264559_22" data-tile-seq-no="18" data-ng-switch="::tile.type">
	<!----><div data-ng-switch-when="product" tile="tile" data-colrs-product-tile="">
	
<div class="product product-specials" data-colrs-product-style="::tile.data" data-ng-class="::{'has-merch-assoc':(productTileVM.context !== 'MODAL' &amp;&amp; product.productAssociation.isVisible &amp;&amp; product.productAssociation.isFromAssociation) || (tile.isTPB &amp;&amp; tile.hasTPBMerchAssociation), 'product-specials': tile.isTPB, 'has-flag': product.showAsUnavailable}" data-ng-hide="productTileVM.context === 'MODAL' &amp;&amp; product.showAsUnavailable &amp;&amp; !(product.isSizesVarieties)" aria-hidden="false">
	
	<!---->
 	<!---->
	<!---->
    
    <!---->
	<!---->
	<header role="presentation" class="product-header" data-colrs-product-header="">
		<!----><div class="product-icons" data-ng-if="::(product.badges.length &amp;&amp; ((productTileVM.context !== 'MODAL') || (productTileVM.hasProductTicketType &amp;&amp; productTileVM.context === 'MODAL')))">
			
			<!----><svg focusable="false" class="icon icon-specials-badge" role="presentation" aria-hidden="true"><use xmlns:xlink="http://www.w3.org/1999/xlink" xlink:href="#icon-specials-badge"></use></svg><!---->
		</div><!---->
		<!----><div class="product-image-container" data-ng-if="::productTileVM.context !== 'MODAL'">
			<!---->
	        <a class="product-image-link" data-ng-attr-href="{{::productTileVM.pdpHref}}" data-ng-click="productTileVM.openProduct($event)" href="/a/richmond-south/product/steggles-chicken-tenders-southern-style">
	            <div class="product-image">
					<span role="text">
						<img alt="Steggles Frozen Southern Style Chicken Breast Tenders 400g on special" data-ng-src="/wcsstore/Coles-CAS/images/2/7/1/2719963-th.jpg" data-colrs-def-product-image="" aria-hidden="true" role="presentation" src="/wcsstore/Coles-CAS/images/2/7/1/2719963-th.jpg">
						<span class="accessibility-inline">Steggles Frozen Southern Style Chicken Breast Tenders 400g on special</span>
					</span>
	            </div>
	        </a>
	    </div><!---->
	    <div class="product-main-info">
		    <!----><div data-ng-if="productTileVM.context !== 'MODAL'" class="accessibility-inline" data-colrs-page-focus-point="next_product18" colrs-product-option-temp-message=""></div><!---->
	    	<h3 class="product-title" data-ng-class="::{'product-no-desc': !product.showOnlineSizeDesc, 'short-width-title': product.hasRoundelPromo &amp;&amp; productTileVM.context !== 'MODAL'}" data-ng-attr-data-partnumber="{{::product.partNumber}}" data-ng-attr-data-itemid="{{::product.singleSKUCatalogEntryID}}" data-partnumber="2719963P" data-itemid="594247">
				<a data-ng-attr-href="{{::productTileVM.pdpHref}}" data-ng-click="productTileVM.openProduct($event)" href="/a/richmond-south/product/steggles-chicken-tenders-southern-style">
					<span role="text">
						<!---->
						<span class="product-brand" data-ng-bind="::product.displayBrandText">Steggles</span>
						<span class="product-name" data-ng-bind="::product.displayNameText">Frozen Southern Style Chicken Breast Tenders</span>
						<span class="package-size accessibility-inline" data-ng-bind="::product.prodA11yHeadingSuffix">400g on special</span>
						<!---->
						<!---->
						<!---->
					</span>
				</a>
			</h3>
			<!---->
			<!----><span class="product-pricing-info" role="text" data-ng-if="::!product.price.isNaN">
	            <span class="price-container">
	            	<!---->
	            	<!--To reduce the space between $ and Hero price for Accessibility, combined span tags in same line-->
	            	<span class="currency-sign">$</span><span class="dollar-value" data-ng-bind="::product.price.dollarValue">3</span><span class="cent-value">.97</span>
	                <!---->
	            </span>
	            
               <!----><span class="saving-container" data-colrs-if="((productTileVM.defaultOption.hasDiscount()  &amp;&amp; !product.isMultiBuyPromo &amp;&amp; !product.tickettypeObject.isRedRing) || productTileVM.product.hasDownDown)">
                    <!----><span class="product-saving" data-colrs-if="!productTileVM.product.hasDownDown &amp;&amp; productTileVM.product.tickettype != 'X'">
                        <span class="product-save-prefix">
                            save
                        </span>
                        <span class="product-save-value">
                            <strong>$3.98</strong>
                        </span>
                    </span><!-- end colrsIf: !productTileVM.product.hasDownDown && productTileVM.product.tickettype != 'X' -->
                    <!----><strong>
                </strong></span><!-- end colrsIf: ((productTileVM.defaultOption.hasDiscount()  && !product.isMultiBuyPromo && !product.tickettypeObject.isRedRing) || productTileVM.product.hasDownDown) --><strong>
               
	        </strong></span><!----><strong>
	        <!---->
		</strong></div><strong>
        <div class="product-info">
			<p tabindex="-1">
				<!----><span class="package-size" aria-hidden="true" data-ng-if="::product.showOnlineSizeDesc" data-ng-bind="::product.sizeDescription">400g</span><!---->
				<!----><span class="delimeter" role="presentation" aria-hidden="true" data-ng-if="::(product.showOnlineSizeDesc &amp;&amp; product.unitPrice)"></span><!---->
				<span role="text">
					<span class="package-price" data-ng-bind="::product.unitPrice">$9.93 per 1Kg</span>
					<span class="accessibility-inline" data-ng-bind="::product.unitPriceA11y">Unit Price</span>
				</span>
			</p>
			<!---->
			<!---->
		</div>
		<!---->
	    <div class="product-price-estimate" data-colrs-product-price-estimate="" data-product="product">
	
<button class="action-alert-active ng-hide" role="text" data-ng-show="::colrsProductPriceEstimateVM.product.isWeightedItem" data-colrs-click="colrsProductPriceEstimateVM.showPriceAlertMessage()" aria-hidden="true">
    <svg focusable="false" class="icon icon-info-circle" aria-hidden="true" role="presentation">
        <use xlink:href="#icon-info-circle"></use>
    </svg>
    <span class="product-price-estimate-text">
	    Price is an estimate
		<span class="accessibility-inline">
			<!----> 
			<!---->
		</span>
	</span>
</button>
<div class="alert" aria-hidden="true" role="alert" data-ng-blur="colrsProductPriceEstimateVM.closePriceAlertMessageOnBodyClick($event)" data-ng-keydown="colrsProductPriceEstimateVM.alertKeyHandler($event)">
	<div class="alert-wrapper alert-information" data-colrs-click-ignore=""> 
		<span class="arrow"></span>
         <div class="close is-dark">
             <a data-ng-href="" class="popup-close" title="pop up" data-ng-click="colrsProductPriceEstimateVM.hidePriceAlertMessage()">
                 <svg role="presentation" focusable="false" class="icon icon-cross" aria-hidden="true">
                     <use xmlns:xlink="http://www.w3.org/1999/xlink" xlink:href="#icon-cross"></use>
                 </svg>
             </a>
         </div>
		<div class="alert-content">
			<!----> 
			<!---->
		</div>
	</div>
</div>

</div>
	    <!---->
	</strong></header><strong>
	<!---->
	<!----><div class="product-assoc-link" data-ng-class="{'isVisible': product.assocIsVisible}" data-colrs-product-assoc-link="" data-product="product" data-ng-if="productTileVM.context !== 'MODAL' &amp;&amp; !product.showAsUnavailable">
	
<button class="assoc-link-btn" data-ng-click="productAssocLinkVM.openSizesAndVarietiesModal($event, productAssocLinkVM.product)">
	<span role="text">
		<span data-ng-bind-html="productAssocLinkVM.assocLinkTxt"></span>
		<svg focusable="false" class="icon icon-arrow" role="presentation" aria-hidden="true">
		    <use xmlns:xlink="http://www.w3.org/1999/xlink" xlink:href="#icon-arrow"></use>
		</svg>
	</span>
</button>


</div><!---->
	<!-- Fat controller and lists container -->
	<div class="product-actions-container">
		<!----><div class="product-options-container" data-ng-if="productTileVM.context !== 'MODAL'" data-colrs-product-options="">
	
<!---->

</div><!---->
		<!---->
		<div class="fat-controller is-full-width" data-ng-class="{'is-full-width':!productTileVM.isRegistered}" data-container="tile" data-product="product" data-context="" data-show-savings="false" data-colrs-fat-controller="">
	
<ng-transclude></ng-transclude>
<!----><div class="fc-button" data-colrs-fat-controller-container="" data-colrs-if="fatControllerVM.showFatController" data-ng-class="{'is-expanded': fatControllerVM.isExpanded}">
	<div class="button-main-container clear" data-colrs-fat-controller-responsive="">
		<!---->
		<!---->
		<!----><button type="submit" id="_btn_2719963P" class="button button-main" data-colrs-if="(fatControllerVM.defaultType === 'STANDARD')" data-colrs-fat-controller-button="" data-colrs-fat-controller-button-main="" data-colrs-click="fatControllerVM.toggleItem()">
	
<!---->
<!----><span class="button-main-inner" data-colrs-if="!fatControllerVM.isInTrolley()" ng-transclude="">
			
			<span class="product-cta" aria-hidden="true" data-colrs-fat-controller-responsive-component="Add">
				Add
			</span>
			<span class="accessibility">Add</span>
			<span class="product-qty">1</span>
			<span class="accessibility" data-ng-bind="::fatControllerVM.product.prodA11yHeading">Steggles Frozen Southern Style Chicken Breast Tenders 400g on special</span>
			<span class="product-text">for</span>
			<strong class="product-price">$3.97</strong>
			<span class="accessibility">to the trolley.</span>
			
			<!-- 
			<span class="product-saving" aria-hidden="true" data-colrs-if="fatControllerVM.defaultOption.hasDiscount()"
					data-colrs-fat-controller-responsive-component="Save">
				save 
				<strong>{{fatControllerVM.defaultOption.formattedDiscount}}</strong>
			</span>
			
			<span class="accessibility" data-colrs-if="fatControllerVM.defaultOption.hasDiscount()">
				save 
				{{fatControllerVM.defaultOption.formattedDiscount}}
			</span>
			-->
		</span><!-- end colrsIf: !fatControllerVM.isInTrolley() -->

</button><!-- end colrsIf: (fatControllerVM.defaultType === 'STANDARD') -->
	</div>
	<button id="_down_2719963P" class="button button-down" aria-expanded="false" data-colrs-fat-controller-button="" data-colrs-click="fatControllerVM.toggleSelect()" data-ng-blur="fatControllerVM.resetAnnounceElements(fatControllerVM.product.partNumber)">
		<svg focusable="false" class="icon icon-dropdown-small" role="presentation" aria-hidden="true">
			<use xlink:href="#icon-dropdown-small"></use>
		</svg>
		<span class="accessibility" id="_announce_2719963P"></span>
		<span class="accessibility"><br>choose a different quantity for</span>
		<span class="accessibility" data-ng-bind="::fatControllerVM.product.prodA11yHeading">Steggles Frozen Southern Style Chicken Breast Tenders 400g on special</span>
	</button>
	<div class="button-confirmation">
		<div class="button-confirmation-container clear">
			<div class="button-confirmation-label">
				<span data-colrs-fat-controller-animation-message=""></span>
			</div>
		</div>
		<div class="button-confirmation-icon">
			<span class="icon-loading"></span>
		</div>
	</div>
	<!---->
	<p role="text" id="_proc_2719963P" class="accessibility" tabindex="-1"></p>
</div><!-- end colrsIf: fatControllerVM.showFatController -->

<!---->

</div>
	</div>
</strong></div><strong>

</strong></div><!---->
	<!---->
	<!---->
	<!---->
	<!---->
	<!---->
	<!---->
	<!---->
	<!---->
</div>

</div><!----><div class="colrs-animate tile-animate" data-ng-class="::{'tile-stagger': (productListVM.widget.searchInfo.currentPage > 1)}" data-ng-repeat="tile in productListVM.widget.tiles" data-colrs-tile="">
	
<div id="tile_colrsCatalogEntryListWidget_Data_2_3074457345618260154_3074457345618264559_23" data-tile-seq-no="19" data-ng-switch="::tile.type">
	<!----><div data-ng-switch-when="product" tile="tile" data-colrs-product-tile="">
	
<div class="product product-specials" data-colrs-product-style="::tile.data" data-ng-class="::{'has-merch-assoc':(productTileVM.context !== 'MODAL' &amp;&amp; product.productAssociation.isVisible &amp;&amp; product.productAssociation.isFromAssociation) || (tile.isTPB &amp;&amp; tile.hasTPBMerchAssociation), 'product-specials': tile.isTPB, 'has-flag': product.showAsUnavailable}" data-ng-hide="productTileVM.context === 'MODAL' &amp;&amp; product.showAsUnavailable &amp;&amp; !(product.isSizesVarieties)" aria-hidden="false">
	
	<!---->
 	<!---->
	<!---->
    
    <!---->
	<!---->
	<header role="presentation" class="product-header" data-colrs-product-header="">
		<!----><div class="product-icons" data-ng-if="::(product.badges.length &amp;&amp; ((productTileVM.context !== 'MODAL') || (productTileVM.hasProductTicketType &amp;&amp; productTileVM.context === 'MODAL')))">
			
			<!----><svg focusable="false" class="icon icon-specials-badge" role="presentation" aria-hidden="true"><use xmlns:xlink="http://www.w3.org/1999/xlink" xlink:href="#icon-specials-badge"></use></svg><!---->
		</div><!---->
		<!----><div class="product-image-container" data-ng-if="::productTileVM.context !== 'MODAL'">
			<!---->
	        <a class="product-image-link" data-ng-attr-href="{{::productTileVM.pdpHref}}" data-ng-click="productTileVM.openProduct($event)" href="/a/richmond-south/product/cca-coca-cola-soft-drink-coke-no-sugar-2993706p">
	            <div class="product-image">
					<span role="text">
						<img alt="Coca Cola No Sugar Soft Drink Coke 1.25L on special" data-ng-src="/wcsstore/Coles-CAS/images/2/9/9/2993706-th.jpg" data-colrs-def-product-image="" aria-hidden="true" role="presentation" src="/wcsstore/Coles-CAS/images/2/9/9/2993706-th.jpg">
						<span class="accessibility-inline">Coca Cola No Sugar Soft Drink Coke 1.25L on special</span>
					</span>
	            </div>
	        </a>
	    </div><!---->
	    <div class="product-main-info">
		    <!----><div data-ng-if="productTileVM.context !== 'MODAL'" class="accessibility-inline" data-colrs-page-focus-point="next_product19" colrs-product-option-temp-message=""></div><!---->
	    	<h3 class="product-title" data-ng-class="::{'product-no-desc': !product.showOnlineSizeDesc, 'short-width-title': product.hasRoundelPromo &amp;&amp; productTileVM.context !== 'MODAL'}" data-ng-attr-data-partnumber="{{::product.partNumber}}" data-ng-attr-data-itemid="{{::product.singleSKUCatalogEntryID}}" data-partnumber="2993706P" data-itemid="692539">
				<a data-ng-attr-href="{{::productTileVM.pdpHref}}" data-ng-click="productTileVM.openProduct($event)" href="/a/richmond-south/product/cca-coca-cola-soft-drink-coke-no-sugar-2993706p">
					<span role="text">
						<!---->
						<span class="product-brand" data-ng-bind="::product.displayBrandText">Coca Cola</span>
						<span class="product-name" data-ng-bind="::product.displayNameText">No Sugar Soft Drink Coke</span>
						<span class="package-size accessibility-inline" data-ng-bind="::product.prodA11yHeadingSuffix">1.25L on special</span>
						<!---->
						<!---->
						<!---->
					</span>
				</a>
			</h3>
			<!---->
			<!----><span class="product-pricing-info" role="text" data-ng-if="::!product.price.isNaN">
	            <span class="price-container">
	            	<!---->
	            	<!--To reduce the space between $ and Hero price for Accessibility, combined span tags in same line-->
	            	<span class="currency-sign">$</span><span class="dollar-value" data-ng-bind="::product.price.dollarValue">1</span><span class="cent-value">.50</span>
	                <!---->
	            </span>
	            
               <!----><span class="saving-container" data-colrs-if="((productTileVM.defaultOption.hasDiscount()  &amp;&amp; !product.isMultiBuyPromo &amp;&amp; !product.tickettypeObject.isRedRing) || productTileVM.product.hasDownDown)">
                    <!----><span class="product-saving" data-colrs-if="!productTileVM.product.hasDownDown &amp;&amp; productTileVM.product.tickettype != 'X'">
                        <span class="product-save-prefix">
                            save
                        </span>
                        <span class="product-save-value">
                            <strong>$1.50</strong>
                        </span>
                    </span><!-- end colrsIf: !productTileVM.product.hasDownDown && productTileVM.product.tickettype != 'X' -->
                    <!----><strong>
                </strong></span><!-- end colrsIf: ((productTileVM.defaultOption.hasDiscount()  && !product.isMultiBuyPromo && !product.tickettypeObject.isRedRing) || productTileVM.product.hasDownDown) --><strong>
               
	        </strong></span><!----><strong>
	        <!---->
		</strong></div><strong>
        <div class="product-info">
			<p tabindex="-1">
				<!----><span class="package-size" aria-hidden="true" data-ng-if="::product.showOnlineSizeDesc" data-ng-bind="::product.sizeDescription">1.25L</span><!---->
				<!----><span class="delimeter" role="presentation" aria-hidden="true" data-ng-if="::(product.showOnlineSizeDesc &amp;&amp; product.unitPrice)"></span><!---->
				<span role="text">
					<span class="package-price" data-ng-bind="::product.unitPrice">$1.20 per 1L</span>
					<span class="accessibility-inline" data-ng-bind="::product.unitPriceA11y">Unit Price</span>
				</span>
			</p>
			<!---->
			<!---->
		</div>
		<!---->
	    <div class="product-price-estimate" data-colrs-product-price-estimate="" data-product="product">
	
<button class="action-alert-active ng-hide" role="text" data-ng-show="::colrsProductPriceEstimateVM.product.isWeightedItem" data-colrs-click="colrsProductPriceEstimateVM.showPriceAlertMessage()" aria-hidden="true">
    <svg focusable="false" class="icon icon-info-circle" aria-hidden="true" role="presentation">
        <use xlink:href="#icon-info-circle"></use>
    </svg>
    <span class="product-price-estimate-text">
	    Price is an estimate
		<span class="accessibility-inline">
			<!----> 
			<!---->
		</span>
	</span>
</button>
<div class="alert" aria-hidden="true" role="alert" data-ng-blur="colrsProductPriceEstimateVM.closePriceAlertMessageOnBodyClick($event)" data-ng-keydown="colrsProductPriceEstimateVM.alertKeyHandler($event)">
	<div class="alert-wrapper alert-information" data-colrs-click-ignore=""> 
		<span class="arrow"></span>
         <div class="close is-dark">
             <a data-ng-href="" class="popup-close" title="pop up" data-ng-click="colrsProductPriceEstimateVM.hidePriceAlertMessage()">
                 <svg role="presentation" focusable="false" class="icon icon-cross" aria-hidden="true">
                     <use xmlns:xlink="http://www.w3.org/1999/xlink" xlink:href="#icon-cross"></use>
                 </svg>
             </a>
         </div>
		<div class="alert-content">
			<!----> 
			<!---->
		</div>
	</div>
</div>

</div>
	    <!---->
	</strong></header><strong>
	<!---->
	<!----><div class="product-assoc-link" data-ng-class="{'isVisible': product.assocIsVisible}" data-colrs-product-assoc-link="" data-product="product" data-ng-if="productTileVM.context !== 'MODAL' &amp;&amp; !product.showAsUnavailable">
	
<button class="assoc-link-btn" data-ng-click="productAssocLinkVM.openSizesAndVarietiesModal($event, productAssocLinkVM.product)">
	<span role="text">
		<span data-ng-bind-html="productAssocLinkVM.assocLinkTxt"></span>
		<svg focusable="false" class="icon icon-arrow" role="presentation" aria-hidden="true">
		    <use xmlns:xlink="http://www.w3.org/1999/xlink" xlink:href="#icon-arrow"></use>
		</svg>
	</span>
</button>


</div><!---->
	<!-- Fat controller and lists container -->
	<div class="product-actions-container">
		<!----><div class="product-options-container" data-ng-if="productTileVM.context !== 'MODAL'" data-colrs-product-options="">
	
<!---->

</div><!---->
		<!---->
		<div class="fat-controller is-full-width" data-ng-class="{'is-full-width':!productTileVM.isRegistered}" data-container="tile" data-product="product" data-context="" data-show-savings="false" data-colrs-fat-controller="">
	
<ng-transclude></ng-transclude>
<!----><div class="fc-button" data-colrs-fat-controller-container="" data-colrs-if="fatControllerVM.showFatController" data-ng-class="{'is-expanded': fatControllerVM.isExpanded}">
	<div class="button-main-container clear" data-colrs-fat-controller-responsive="">
		<!---->
		<!---->
		<!----><button type="submit" id="_btn_2993706P" class="button button-main" data-colrs-if="(fatControllerVM.defaultType === 'STANDARD')" data-colrs-fat-controller-button="" data-colrs-fat-controller-button-main="" data-colrs-click="fatControllerVM.toggleItem()">
	
<!---->
<!----><span class="button-main-inner" data-colrs-if="!fatControllerVM.isInTrolley()" ng-transclude="">
			
			<span class="product-cta" aria-hidden="true" data-colrs-fat-controller-responsive-component="Add">
				Add
			</span>
			<span class="accessibility">Add</span>
			<span class="product-qty">1</span>
			<span class="accessibility" data-ng-bind="::fatControllerVM.product.prodA11yHeading">Coca Cola No Sugar Soft Drink Coke 1.25L on special</span>
			<span class="product-text">for</span>
			<strong class="product-price">$1.50</strong>
			<span class="accessibility">to the trolley.</span>
			
			<!-- 
			<span class="product-saving" aria-hidden="true" data-colrs-if="fatControllerVM.defaultOption.hasDiscount()"
					data-colrs-fat-controller-responsive-component="Save">
				save 
				<strong>{{fatControllerVM.defaultOption.formattedDiscount}}</strong>
			</span>
			
			<span class="accessibility" data-colrs-if="fatControllerVM.defaultOption.hasDiscount()">
				save 
				{{fatControllerVM.defaultOption.formattedDiscount}}
			</span>
			-->
		</span><!-- end colrsIf: !fatControllerVM.isInTrolley() -->

</button><!-- end colrsIf: (fatControllerVM.defaultType === 'STANDARD') -->
	</div>
	<button id="_down_2993706P" class="button button-down" aria-expanded="false" data-colrs-fat-controller-button="" data-colrs-click="fatControllerVM.toggleSelect()" data-ng-blur="fatControllerVM.resetAnnounceElements(fatControllerVM.product.partNumber)">
		<svg focusable="false" class="icon icon-dropdown-small" role="presentation" aria-hidden="true">
			<use xlink:href="#icon-dropdown-small"></use>
		</svg>
		<span class="accessibility" id="_announce_2993706P"></span>
		<span class="accessibility"><br>choose a different quantity for</span>
		<span class="accessibility" data-ng-bind="::fatControllerVM.product.prodA11yHeading">Coca Cola No Sugar Soft Drink Coke 1.25L on special</span>
	</button>
	<div class="button-confirmation">
		<div class="button-confirmation-container clear">
			<div class="button-confirmation-label">
				<span data-colrs-fat-controller-animation-message=""></span>
			</div>
		</div>
		<div class="button-confirmation-icon">
			<span class="icon-loading"></span>
		</div>
	</div>
	<!---->
	<p role="text" id="_proc_2993706P" class="accessibility" tabindex="-1"></p>
</div><!-- end colrsIf: fatControllerVM.showFatController -->

<!---->

</div>
	</div>
</strong></div><strong>

</strong></div><!---->
	<!---->
	<!---->
	<!---->
	<!---->
	<!---->
	<!---->
	<!---->
	<!---->
</div>

</div><!----><div class="colrs-animate tile-animate" data-ng-class="::{'tile-stagger': (productListVM.widget.searchInfo.currentPage > 1)}" data-ng-repeat="tile in productListVM.widget.tiles" data-colrs-tile="">
	
<div id="tile_colrsCatalogEntryListWidget_Data_2_3074457345618260154_3074457345618264559_24" data-tile-seq-no="20" data-ng-switch="::tile.type">
	<!----><div data-ng-switch-when="product" tile="tile" data-colrs-product-tile="">
	
<div class="product product-specials" data-colrs-product-style="::tile.data" data-ng-class="::{'has-merch-assoc':(productTileVM.context !== 'MODAL' &amp;&amp; product.productAssociation.isVisible &amp;&amp; product.productAssociation.isFromAssociation) || (tile.isTPB &amp;&amp; tile.hasTPBMerchAssociation), 'product-specials': tile.isTPB, 'has-flag': product.showAsUnavailable}" data-ng-hide="productTileVM.context === 'MODAL' &amp;&amp; product.showAsUnavailable &amp;&amp; !(product.isSizesVarieties)" aria-hidden="false">
	
	<!---->
 	<!---->
	<!---->
    
    <!---->
	<!---->
	<header role="presentation" class="product-header" data-colrs-product-header="">
		<!----><div class="product-icons" data-ng-if="::(product.badges.length &amp;&amp; ((productTileVM.context !== 'MODAL') || (productTileVM.hasProductTicketType &amp;&amp; productTileVM.context === 'MODAL')))">
			
			<!----><svg focusable="false" class="icon icon-specials-badge" role="presentation" aria-hidden="true"><use xmlns:xlink="http://www.w3.org/1999/xlink" xlink:href="#icon-specials-badge"></use></svg><!---->
		</div><!---->
		<!----><div class="product-image-container" data-ng-if="::productTileVM.context !== 'MODAL'">
			<!---->
	        <a class="product-image-link" data-ng-attr-href="{{::productTileVM.pdpHref}}" data-ng-click="productTileVM.openProduct($event)" href="/a/richmond-south/product/herbal-essences-bio-renew-morocco-argan-oil-shampoo">
	            <div class="product-image">
					<span role="text">
						<img alt="Herbal Essences Bio Renew Morocco Argan Oil Shampoo 400mL on special" data-ng-src="/wcsstore/Coles-CAS/images/3/0/0/3004879-th.jpg" data-colrs-def-product-image="" aria-hidden="true" role="presentation" src="/wcsstore/Coles-CAS/images/3/0/0/3004879-th.jpg">
						<span class="accessibility-inline">Herbal Essences Bio Renew Morocco Argan Oil Shampoo 400mL on special</span>
					</span>
	            </div>
	        </a>
	    </div><!---->
	    <div class="product-main-info">
		    <!----><div data-ng-if="productTileVM.context !== 'MODAL'" class="accessibility-inline" data-colrs-page-focus-point="next_product20" colrs-product-option-temp-message=""></div><!---->
	    	<h3 class="product-title" data-ng-class="::{'product-no-desc': !product.showOnlineSizeDesc, 'short-width-title': product.hasRoundelPromo &amp;&amp; productTileVM.context !== 'MODAL'}" data-ng-attr-data-partnumber="{{::product.partNumber}}" data-ng-attr-data-itemid="{{::product.singleSKUCatalogEntryID}}" data-partnumber="3004879P" data-itemid="715626">
				<a data-ng-attr-href="{{::productTileVM.pdpHref}}" data-ng-click="productTileVM.openProduct($event)" href="/a/richmond-south/product/herbal-essences-bio-renew-morocco-argan-oil-shampoo">
					<span role="text">
						<!---->
						<span class="product-brand" data-ng-bind="::product.displayBrandText">Herbal Essences</span>
						<span class="product-name" data-ng-bind="::product.displayNameText">Bio Renew Morocco Argan Oil Shampoo</span>
						<span class="package-size accessibility-inline" data-ng-bind="::product.prodA11yHeadingSuffix">400mL on special</span>
						<!---->
						<!---->
						<!---->
					</span>
				</a>
			</h3>
			<!---->
			<!----><span class="product-pricing-info" role="text" data-ng-if="::!product.price.isNaN">
	            <span class="price-container">
	            	<!---->
	            	<!--To reduce the space between $ and Hero price for Accessibility, combined span tags in same line-->
	            	<span class="currency-sign">$</span><span class="dollar-value" data-ng-bind="::product.price.dollarValue">5</span><span class="cent-value">.50</span>
	                <!---->
	            </span>
	            
               <!----><span class="saving-container" data-colrs-if="((productTileVM.defaultOption.hasDiscount()  &amp;&amp; !product.isMultiBuyPromo &amp;&amp; !product.tickettypeObject.isRedRing) || productTileVM.product.hasDownDown)">
                    <!----><span class="product-saving" data-colrs-if="!productTileVM.product.hasDownDown &amp;&amp; productTileVM.product.tickettype != 'X'">
                        <span class="product-save-prefix">
                            save
                        </span>
                        <span class="product-save-value">
                            <strong>$5.50</strong>
                        </span>
                    </span><!-- end colrsIf: !productTileVM.product.hasDownDown && productTileVM.product.tickettype != 'X' -->
                    <!----><strong>
                </strong></span><!-- end colrsIf: ((productTileVM.defaultOption.hasDiscount()  && !product.isMultiBuyPromo && !product.tickettypeObject.isRedRing) || productTileVM.product.hasDownDown) --><strong>
               
	        </strong></span><!----><strong>
	        <!---->
		</strong></div><strong>
        <div class="product-info">
			<p tabindex="-1">
				<!----><span class="package-size" aria-hidden="true" data-ng-if="::product.showOnlineSizeDesc" data-ng-bind="::product.sizeDescription">400mL</span><!---->
				<!----><span class="delimeter" role="presentation" aria-hidden="true" data-ng-if="::(product.showOnlineSizeDesc &amp;&amp; product.unitPrice)"></span><!---->
				<span role="text">
					<span class="package-price" data-ng-bind="::product.unitPrice">$1.38 per 100mL</span>
					<span class="accessibility-inline" data-ng-bind="::product.unitPriceA11y">Unit Price</span>
				</span>
			</p>
			<!---->
			<!---->
		</div>
		<!---->
	    <div class="product-price-estimate" data-colrs-product-price-estimate="" data-product="product">
	
<button class="action-alert-active ng-hide" role="text" data-ng-show="::colrsProductPriceEstimateVM.product.isWeightedItem" data-colrs-click="colrsProductPriceEstimateVM.showPriceAlertMessage()" aria-hidden="true">
    <svg focusable="false" class="icon icon-info-circle" aria-hidden="true" role="presentation">
        <use xlink:href="#icon-info-circle"></use>
    </svg>
    <span class="product-price-estimate-text">
	    Price is an estimate
		<span class="accessibility-inline">
			<!----> 
			<!---->
		</span>
	</span>
</button>
<div class="alert" aria-hidden="true" role="alert" data-ng-blur="colrsProductPriceEstimateVM.closePriceAlertMessageOnBodyClick($event)" data-ng-keydown="colrsProductPriceEstimateVM.alertKeyHandler($event)">
	<div class="alert-wrapper alert-information" data-colrs-click-ignore=""> 
		<span class="arrow"></span>
         <div class="close is-dark">
             <a data-ng-href="" class="popup-close" title="pop up" data-ng-click="colrsProductPriceEstimateVM.hidePriceAlertMessage()">
                 <svg role="presentation" focusable="false" class="icon icon-cross" aria-hidden="true">
                     <use xmlns:xlink="http://www.w3.org/1999/xlink" xlink:href="#icon-cross"></use>
                 </svg>
             </a>
         </div>
		<div class="alert-content">
			<!----> 
			<!---->
		</div>
	</div>
</div>

</div>
	    <!---->
	</strong></header><strong>
	<!---->
	<!----><div class="product-assoc-link" data-ng-class="{'isVisible': product.assocIsVisible}" data-colrs-product-assoc-link="" data-product="product" data-ng-if="productTileVM.context !== 'MODAL' &amp;&amp; !product.showAsUnavailable">
	
<button class="assoc-link-btn" data-ng-click="productAssocLinkVM.openSizesAndVarietiesModal($event, productAssocLinkVM.product)">
	<span role="text">
		<span data-ng-bind-html="productAssocLinkVM.assocLinkTxt"></span>
		<svg focusable="false" class="icon icon-arrow" role="presentation" aria-hidden="true">
		    <use xmlns:xlink="http://www.w3.org/1999/xlink" xlink:href="#icon-arrow"></use>
		</svg>
	</span>
</button>


</div><!---->
	<!-- Fat controller and lists container -->
	<div class="product-actions-container">
		<!----><div class="product-options-container" data-ng-if="productTileVM.context !== 'MODAL'" data-colrs-product-options="">
	
<!---->

</div><!---->
		<!---->
		<div class="fat-controller is-full-width" data-ng-class="{'is-full-width':!productTileVM.isRegistered}" data-container="tile" data-product="product" data-context="" data-show-savings="false" data-colrs-fat-controller="">
	
<ng-transclude></ng-transclude>
<!----><div class="fc-button" data-colrs-fat-controller-container="" data-colrs-if="fatControllerVM.showFatController" data-ng-class="{'is-expanded': fatControllerVM.isExpanded}">
	<div class="button-main-container clear" data-colrs-fat-controller-responsive="">
		<!---->
		<!---->
		<!----><button type="submit" id="_btn_3004879P" class="button button-main" data-colrs-if="(fatControllerVM.defaultType === 'STANDARD')" data-colrs-fat-controller-button="" data-colrs-fat-controller-button-main="" data-colrs-click="fatControllerVM.toggleItem()">
	
<!---->
<!----><span class="button-main-inner" data-colrs-if="!fatControllerVM.isInTrolley()" ng-transclude="">
			
			<span class="product-cta" aria-hidden="true" data-colrs-fat-controller-responsive-component="Add">
				Add
			</span>
			<span class="accessibility">Add</span>
			<span class="product-qty">1</span>
			<span class="accessibility" data-ng-bind="::fatControllerVM.product.prodA11yHeading">Herbal Essences Bio Renew Morocco Argan Oil Shampoo 400mL on special</span>
			<span class="product-text">for</span>
			<strong class="product-price">$5.50</strong>
			<span class="accessibility">to the trolley.</span>
			
			<!-- 
			<span class="product-saving" aria-hidden="true" data-colrs-if="fatControllerVM.defaultOption.hasDiscount()"
					data-colrs-fat-controller-responsive-component="Save">
				save 
				<strong>{{fatControllerVM.defaultOption.formattedDiscount}}</strong>
			</span>
			
			<span class="accessibility" data-colrs-if="fatControllerVM.defaultOption.hasDiscount()">
				save 
				{{fatControllerVM.defaultOption.formattedDiscount}}
			</span>
			-->
		</span><!-- end colrsIf: !fatControllerVM.isInTrolley() -->

</button><!-- end colrsIf: (fatControllerVM.defaultType === 'STANDARD') -->
	</div>
	<button id="_down_3004879P" class="button button-down" aria-expanded="false" data-colrs-fat-controller-button="" data-colrs-click="fatControllerVM.toggleSelect()" data-ng-blur="fatControllerVM.resetAnnounceElements(fatControllerVM.product.partNumber)">
		<svg focusable="false" class="icon icon-dropdown-small" role="presentation" aria-hidden="true">
			<use xlink:href="#icon-dropdown-small"></use>
		</svg>
		<span class="accessibility" id="_announce_3004879P"></span>
		<span class="accessibility"><br>choose a different quantity for</span>
		<span class="accessibility" data-ng-bind="::fatControllerVM.product.prodA11yHeading">Herbal Essences Bio Renew Morocco Argan Oil Shampoo 400mL on special</span>
	</button>
	<div class="button-confirmation">
		<div class="button-confirmation-container clear">
			<div class="button-confirmation-label">
				<span data-colrs-fat-controller-animation-message=""></span>
			</div>
		</div>
		<div class="button-confirmation-icon">
			<span class="icon-loading"></span>
		</div>
	</div>
	<!---->
	<p role="text" id="_proc_3004879P" class="accessibility" tabindex="-1"></p>
</div><!-- end colrsIf: fatControllerVM.showFatController -->

<!---->

</div>
	</div>
</strong></div><strong>

</strong></div><!---->
	<!---->
	<!---->
	<!---->
	<!---->
	<!---->
	<!---->
	<!---->
	<!---->
</div>

</div><!----><div class="colrs-animate tile-animate" data-ng-class="::{'tile-stagger': (productListVM.widget.searchInfo.currentPage > 1)}" data-ng-repeat="tile in productListVM.widget.tiles" data-colrs-tile="">
	
<div id="tile_colrsCatalogEntryListWidget_Data_2_3074457345618260154_3074457345618264559_25" data-tile-seq-no="21" data-ng-switch="::tile.type">
	<!----><div data-ng-switch-when="product" tile="tile" data-colrs-product-tile="">
	
<div class="product product-specials" data-colrs-product-style="::tile.data" data-ng-class="::{'has-merch-assoc':(productTileVM.context !== 'MODAL' &amp;&amp; product.productAssociation.isVisible &amp;&amp; product.productAssociation.isFromAssociation) || (tile.isTPB &amp;&amp; tile.hasTPBMerchAssociation), 'product-specials': tile.isTPB, 'has-flag': product.showAsUnavailable}" data-ng-hide="productTileVM.context === 'MODAL' &amp;&amp; product.showAsUnavailable &amp;&amp; !(product.isSizesVarieties)" aria-hidden="false">
	
	<!---->
 	<!---->
	<!---->
    
    <!---->
	<!---->
	<header role="presentation" class="product-header" data-colrs-product-header="">
		<!----><div class="product-icons" data-ng-if="::(product.badges.length &amp;&amp; ((productTileVM.context !== 'MODAL') || (productTileVM.hasProductTicketType &amp;&amp; productTileVM.context === 'MODAL')))">
			
			<!----><svg focusable="false" class="icon icon-specials-badge" role="presentation" aria-hidden="true"><use xmlns:xlink="http://www.w3.org/1999/xlink" xlink:href="#icon-specials-badge"></use></svg><!---->
		</div><!---->
		<!----><div class="product-image-container" data-ng-if="::productTileVM.context !== 'MODAL'">
			<!---->
	        <a class="product-image-link" data-ng-attr-href="{{::productTileVM.pdpHref}}" data-ng-click="productTileVM.openProduct($event)" href="/a/richmond-south/product/creative-gourmet-frozen-banana">
	            <div class="product-image">
					<span role="text">
						<img alt="Creative Gourmet Frozen Banana Chunks 500g on special" data-ng-src="/wcsstore/Coles-CAS/images/3/0/5/3059972-th.jpg" data-colrs-def-product-image="" aria-hidden="true" role="presentation" src="/wcsstore/Coles-CAS/images/3/0/5/3059972-th.jpg">
						<span class="accessibility-inline">Creative Gourmet Frozen Banana Chunks 500g on special</span>
					</span>
	            </div>
	        </a>
	    </div><!---->
	    <div class="product-main-info">
		    <!----><div data-ng-if="productTileVM.context !== 'MODAL'" class="accessibility-inline" data-colrs-page-focus-point="next_product21" colrs-product-option-temp-message=""></div><!---->
	    	<h3 class="product-title" data-ng-class="::{'product-no-desc': !product.showOnlineSizeDesc, 'short-width-title': product.hasRoundelPromo &amp;&amp; productTileVM.context !== 'MODAL'}" data-ng-attr-data-partnumber="{{::product.partNumber}}" data-ng-attr-data-itemid="{{::product.singleSKUCatalogEntryID}}" data-partnumber="3059972P" data-itemid="726672">
				<a data-ng-attr-href="{{::productTileVM.pdpHref}}" data-ng-click="productTileVM.openProduct($event)" href="/a/richmond-south/product/creative-gourmet-frozen-banana">
					<span role="text">
						<!---->
						<span class="product-brand" data-ng-bind="::product.displayBrandText">Creative Gourmet</span>
						<span class="product-name" data-ng-bind="::product.displayNameText">Frozen Banana Chunks</span>
						<span class="package-size accessibility-inline" data-ng-bind="::product.prodA11yHeadingSuffix">500g on special</span>
						<!---->
						<!---->
						<!---->
					</span>
				</a>
			</h3>
			<!---->
			<!----><span class="product-pricing-info" role="text" data-ng-if="::!product.price.isNaN">
	            <span class="price-container">
	            	<!---->
	            	<!--To reduce the space between $ and Hero price for Accessibility, combined span tags in same line-->
	            	<span class="currency-sign">$</span><span class="dollar-value" data-ng-bind="::product.price.dollarValue">2</span><span class="cent-value">.50</span>
	                <!---->
	            </span>
	            
               <!----><span class="saving-container" data-colrs-if="((productTileVM.defaultOption.hasDiscount()  &amp;&amp; !product.isMultiBuyPromo &amp;&amp; !product.tickettypeObject.isRedRing) || productTileVM.product.hasDownDown)">
                    <!----><span class="product-saving" data-colrs-if="!productTileVM.product.hasDownDown &amp;&amp; productTileVM.product.tickettype != 'X'">
                        <span class="product-save-prefix">
                            save
                        </span>
                        <span class="product-save-value">
                            <strong>$2.50</strong>
                        </span>
                    </span><!-- end colrsIf: !productTileVM.product.hasDownDown && productTileVM.product.tickettype != 'X' -->
                    <!----><strong>
                </strong></span><!-- end colrsIf: ((productTileVM.defaultOption.hasDiscount()  && !product.isMultiBuyPromo && !product.tickettypeObject.isRedRing) || productTileVM.product.hasDownDown) --><strong>
               
	        </strong></span><!----><strong>
	        <!---->
		</strong></div><strong>
        <div class="product-info">
			<p tabindex="-1">
				<!----><span class="package-size" aria-hidden="true" data-ng-if="::product.showOnlineSizeDesc" data-ng-bind="::product.sizeDescription">500g</span><!---->
				<!----><span class="delimeter" role="presentation" aria-hidden="true" data-ng-if="::(product.showOnlineSizeDesc &amp;&amp; product.unitPrice)"></span><!---->
				<span role="text">
					<span class="package-price" data-ng-bind="::product.unitPrice">$5.00 per 1Kg</span>
					<span class="accessibility-inline" data-ng-bind="::product.unitPriceA11y">Unit Price</span>
				</span>
			</p>
			<!---->
			<!---->
		</div>
		<!---->
	    <div class="product-price-estimate" data-colrs-product-price-estimate="" data-product="product">
	
<button class="action-alert-active ng-hide" role="text" data-ng-show="::colrsProductPriceEstimateVM.product.isWeightedItem" data-colrs-click="colrsProductPriceEstimateVM.showPriceAlertMessage()" aria-hidden="true">
    <svg focusable="false" class="icon icon-info-circle" aria-hidden="true" role="presentation">
        <use xlink:href="#icon-info-circle"></use>
    </svg>
    <span class="product-price-estimate-text">
	    Price is an estimate
		<span class="accessibility-inline">
			<!----> 
			<!---->
		</span>
	</span>
</button>
<div class="alert" aria-hidden="true" role="alert" data-ng-blur="colrsProductPriceEstimateVM.closePriceAlertMessageOnBodyClick($event)" data-ng-keydown="colrsProductPriceEstimateVM.alertKeyHandler($event)">
	<div class="alert-wrapper alert-information" data-colrs-click-ignore=""> 
		<span class="arrow"></span>
         <div class="close is-dark">
             <a data-ng-href="" class="popup-close" title="pop up" data-ng-click="colrsProductPriceEstimateVM.hidePriceAlertMessage()">
                 <svg role="presentation" focusable="false" class="icon icon-cross" aria-hidden="true">
                     <use xmlns:xlink="http://www.w3.org/1999/xlink" xlink:href="#icon-cross"></use>
                 </svg>
             </a>
         </div>
		<div class="alert-content">
			<!----> 
			<!---->
		</div>
	</div>
</div>

</div>
	    <!---->
	</strong></header><strong>
	<!---->
	<!----><div class="product-assoc-link" data-ng-class="{'isVisible': product.assocIsVisible}" data-colrs-product-assoc-link="" data-product="product" data-ng-if="productTileVM.context !== 'MODAL' &amp;&amp; !product.showAsUnavailable">
	
<button class="assoc-link-btn" data-ng-click="productAssocLinkVM.openSizesAndVarietiesModal($event, productAssocLinkVM.product)">
	<span role="text">
		<span data-ng-bind-html="productAssocLinkVM.assocLinkTxt"></span>
		<svg focusable="false" class="icon icon-arrow" role="presentation" aria-hidden="true">
		    <use xmlns:xlink="http://www.w3.org/1999/xlink" xlink:href="#icon-arrow"></use>
		</svg>
	</span>
</button>


</div><!---->
	<!-- Fat controller and lists container -->
	<div class="product-actions-container">
		<!----><div class="product-options-container" data-ng-if="productTileVM.context !== 'MODAL'" data-colrs-product-options="">
	
<!---->

</div><!---->
		<!---->
		<div class="fat-controller is-full-width" data-ng-class="{'is-full-width':!productTileVM.isRegistered}" data-container="tile" data-product="product" data-context="" data-show-savings="false" data-colrs-fat-controller="">
	
<ng-transclude></ng-transclude>
<!----><div class="fc-button" data-colrs-fat-controller-container="" data-colrs-if="fatControllerVM.showFatController" data-ng-class="{'is-expanded': fatControllerVM.isExpanded}">
	<div class="button-main-container clear" data-colrs-fat-controller-responsive="">
		<!---->
		<!---->
		<!----><button type="submit" id="_btn_3059972P" class="button button-main" data-colrs-if="(fatControllerVM.defaultType === 'STANDARD')" data-colrs-fat-controller-button="" data-colrs-fat-controller-button-main="" data-colrs-click="fatControllerVM.toggleItem()">
	
<!---->
<!----><span class="button-main-inner" data-colrs-if="!fatControllerVM.isInTrolley()" ng-transclude="">
			
			<span class="product-cta" aria-hidden="true" data-colrs-fat-controller-responsive-component="Add">
				Add
			</span>
			<span class="accessibility">Add</span>
			<span class="product-qty">1</span>
			<span class="accessibility" data-ng-bind="::fatControllerVM.product.prodA11yHeading">Creative Gourmet Frozen Banana Chunks 500g on special</span>
			<span class="product-text">for</span>
			<strong class="product-price">$2.50</strong>
			<span class="accessibility">to the trolley.</span>
			
			<!-- 
			<span class="product-saving" aria-hidden="true" data-colrs-if="fatControllerVM.defaultOption.hasDiscount()"
					data-colrs-fat-controller-responsive-component="Save">
				save 
				<strong>{{fatControllerVM.defaultOption.formattedDiscount}}</strong>
			</span>
			
			<span class="accessibility" data-colrs-if="fatControllerVM.defaultOption.hasDiscount()">
				save 
				{{fatControllerVM.defaultOption.formattedDiscount}}
			</span>
			-->
		</span><!-- end colrsIf: !fatControllerVM.isInTrolley() -->

</button><!-- end colrsIf: (fatControllerVM.defaultType === 'STANDARD') -->
	</div>
	<button id="_down_3059972P" class="button button-down" aria-expanded="false" data-colrs-fat-controller-button="" data-colrs-click="fatControllerVM.toggleSelect()" data-ng-blur="fatControllerVM.resetAnnounceElements(fatControllerVM.product.partNumber)">
		<svg focusable="false" class="icon icon-dropdown-small" role="presentation" aria-hidden="true">
			<use xlink:href="#icon-dropdown-small"></use>
		</svg>
		<span class="accessibility" id="_announce_3059972P"></span>
		<span class="accessibility"><br>choose a different quantity for</span>
		<span class="accessibility" data-ng-bind="::fatControllerVM.product.prodA11yHeading">Creative Gourmet Frozen Banana Chunks 500g on special</span>
	</button>
	<div class="button-confirmation">
		<div class="button-confirmation-container clear">
			<div class="button-confirmation-label">
				<span data-colrs-fat-controller-animation-message=""></span>
			</div>
		</div>
		<div class="button-confirmation-icon">
			<span class="icon-loading"></span>
		</div>
	</div>
	<!---->
	<p role="text" id="_proc_3059972P" class="accessibility" tabindex="-1"></p>
</div><!-- end colrsIf: fatControllerVM.showFatController -->

<!---->

</div>
	</div>
</strong></div><strong>

</strong></div><!---->
	<!---->
	<!---->
	<!---->
	<!---->
	<!---->
	<!---->
	<!---->
	<!---->
</div>

</div><!----><div class="colrs-animate tile-animate" data-ng-class="::{'tile-stagger': (productListVM.widget.searchInfo.currentPage > 1)}" data-ng-repeat="tile in productListVM.widget.tiles" data-colrs-tile="">
	
<div id="tile_colrsCatalogEntryListWidget_Data_2_3074457345618260154_3074457345618264559_61" data-tile-seq-no="22" data-ng-switch="::tile.type">
	<!---->
	<!---->
	<!---->
	<!---->
	<!---->
	<!---->
	<!---->
	<!---->
	<!----><div data-ng-switch-when="product-list-filler" data-colrs-product-list-filler-tile="">
	

<div class="product is-promo" tabindex="-1" data-colrs-enhance-links="">
	
	<div class="accessibility" data-colrs-page-focus-point="next_product22" colrs-product-option-temp-message=""></div>
	<!---->
 	<!---->
			
	
<div style="display:none" aria-hidden="true">[[RS_ProductListFillerTile_Content]]</div>

	<div id="contentRecommendationWidget_RS_ProductListFillerTile_Content" class="contentRecommendationWidget" colrs-espot="" colrs-espot-name="RS_ProductListFillerTile_Content">
		

<div class="left_espot">
	
	<style>
    .product.is-promo .content-container.faq-st-content {
        background-image: url("/wcsstore/ColesResponsiveStorefrontAssetStore/images/2019/05/20190530_FAQ/background-text-blue.jpg");
    }
    .product.is-promo .content-container.faq-st-content .hero-text {
        color: #fff;
    }
    .product.is-promo .content-container.faq-st-content .hero-image-container .tile-image.info-text {
        margin-top: 75px;
        color: #3a61af;
        font-weight: bold;
        font-size: 18px;
    }
</style>
<div class="promo-content-wrapper image-first-layout">
    <div class="content-container faq-st-content topaligned-bg bottomaligned-second-bg">
        <h3 class="accessibility-inline">frequently asked questions</h3>
        <div class="hero-image-container">
            <div class="hero-image">
                <img src="/wcsstore/ColesResponsiveStorefrontAssetStore/images/2019/05/20190530_FAQ/faq.svg" alt="" aria-hidden="true" class="tile-image">
                <span class="tile-image info-text">FAQs</span>
            </div>
        </div>
        <div class="tile-content">
            <div class="hero-text-container">
                <span class="hero-text">
                    <span role="text">
                        <strong>
                            Get answers to the most frequently asked questions
                        </strong>
                    </span>
                </span>
            </div>
            <div class="cta-container">
                <a href="/a/a-national/content/faqs?pid=pr_20190603_FAQS_SingleTile" class="button" target="_self">View FAQs</a>
            </div>
        </div>
    </div>
</div>
	
</div>


	</div>

</div>


</div><!---->
</div>

</div><!----><div class="colrs-animate tile-animate" data-ng-class="::{'tile-stagger': (productListVM.widget.searchInfo.currentPage > 1)}" data-ng-repeat="tile in productListVM.widget.tiles" data-colrs-tile="">
	
<div id="tile_colrsCatalogEntryListWidget_Data_2_3074457345618260154_3074457345618264559_60" data-tile-seq-no="23" data-ng-switch="::tile.type">
	<!----><div data-ng-switch-when="product" tile="tile" data-colrs-product-tile="">
	
<div class="product has-merch-assoc product-specials" data-colrs-product-style="::tile.data" data-ng-class="::{'has-merch-assoc':(productTileVM.context !== 'MODAL' &amp;&amp; product.productAssociation.isVisible &amp;&amp; product.productAssociation.isFromAssociation) || (tile.isTPB &amp;&amp; tile.hasTPBMerchAssociation), 'product-specials': tile.isTPB, 'has-flag': product.showAsUnavailable}" data-ng-hide="productTileVM.context === 'MODAL' &amp;&amp; product.showAsUnavailable &amp;&amp; !(product.isSizesVarieties)" aria-hidden="false">
	
	<!---->
 	<!---->
	<!---->
    
    <!----><div role="text" class="merch-assoc-container" data-ng-if="::((productTileVM.context !== 'MODAL' &amp;&amp; product.productAssociation.isVisible &amp;&amp; product.productAssociation.isFromAssociation) || (productTileVM.context !== 'MODAL' &amp;&amp; product.associatedEspot &amp;&amp; product.showAssocEspot))">
		<div class="merch-assoc">
			<!---->
			<svg focusable="false" class="icon icon-crosssell" role="presentation" aria-hidden="true">
			    <use xmlns:xlink="http://www.w3.org/1999/xlink" xlink:href="#icon-crosssell"></use>
			</svg>
			<span class="text" aria-hidden="true" data-ng-bind-html="::product.productAssociation.text"></span>
			<!----><span class="accessibility-inline" data-ng-if="::(productTileVM.context !== 'MODAL' &amp;&amp; product.associatedEspot &amp;&amp; product.showAssocEspot)">
				This product is related to the next item in the product list
			</span><!---->
		</div>
	</div><!---->
	<!---->
	<header role="presentation" class="product-header" data-colrs-product-header="">
		<!----><div class="product-icons" data-ng-if="::(product.badges.length &amp;&amp; ((productTileVM.context !== 'MODAL') || (productTileVM.hasProductTicketType &amp;&amp; productTileVM.context === 'MODAL')))">
			
			<!----><svg focusable="false" class="icon icon-specials-badge" role="presentation" aria-hidden="true"><use xmlns:xlink="http://www.w3.org/1999/xlink" xlink:href="#icon-specials-badge"></use></svg><!---->
		</div><!---->
		<!----><div class="product-image-container" data-ng-if="::productTileVM.context !== 'MODAL'">
			<!---->
	        <a class="product-image-link" data-ng-attr-href="{{::productTileVM.pdpHref}}" data-ng-click="productTileVM.openProduct($event)" href="/a/richmond-south/product/fairy-platinum-plus-dishwashing-tablets">
	            <div class="product-image">
					<span role="text">
						<img alt="Fairy Platinum Plus Lemon Dishwashing Tablets 45 pack on special" data-ng-src="/wcsstore/Coles-CAS/images/3/5/1/3514740-th.jpg" data-colrs-def-product-image="" aria-hidden="true" role="presentation" src="/wcsstore/Coles-CAS/images/3/5/1/3514740-th.jpg">
						<span class="accessibility-inline">Fairy Platinum Plus Lemon Dishwashing Tablets 45 pack on special</span>
					</span>
	            </div>
	        </a>
	    </div><!---->
	    <div class="product-main-info">
		    <!----><div data-ng-if="productTileVM.context !== 'MODAL'" class="accessibility-inline" data-colrs-page-focus-point="next_product23" colrs-product-option-temp-message=""></div><!---->
	    	<h3 class="product-title" data-ng-class="::{'product-no-desc': !product.showOnlineSizeDesc, 'short-width-title': product.hasRoundelPromo &amp;&amp; productTileVM.context !== 'MODAL'}" data-ng-attr-data-partnumber="{{::product.partNumber}}" data-ng-attr-data-itemid="{{::product.singleSKUCatalogEntryID}}" data-partnumber="3514740P" data-itemid="1084046">
				<a data-ng-attr-href="{{::productTileVM.pdpHref}}" data-ng-click="productTileVM.openProduct($event)" href="/a/richmond-south/product/fairy-platinum-plus-dishwashing-tablets">
					<span role="text">
						<!---->
						<span class="product-brand" data-ng-bind="::product.displayBrandText">Fairy</span>
						<span class="product-name" data-ng-bind="::product.displayNameText">Platinum Plus Lemon Dishwashing Tablets</span>
						<span class="package-size accessibility-inline" data-ng-bind="::product.prodA11yHeadingSuffix">45 pack on special</span>
						<!---->
						<!---->
						<!---->
					</span>
				</a>
			</h3>
			<!---->
			<!----><span class="product-pricing-info" role="text" data-ng-if="::!product.price.isNaN">
	            <span class="price-container">
	            	<!---->
	            	<!--To reduce the space between $ and Hero price for Accessibility, combined span tags in same line-->
	            	<span class="currency-sign">$</span><span class="dollar-value" data-ng-bind="::product.price.dollarValue">17</span><span class="cent-value">.50</span>
	                <!---->
	            </span>
	            
               <!----><span class="saving-container" data-colrs-if="((productTileVM.defaultOption.hasDiscount()  &amp;&amp; !product.isMultiBuyPromo &amp;&amp; !product.tickettypeObject.isRedRing) || productTileVM.product.hasDownDown)">
                    <!----><span class="product-saving" data-colrs-if="!productTileVM.product.hasDownDown &amp;&amp; productTileVM.product.tickettype != 'X'">
                        <span class="product-save-prefix">
                            save
                        </span>
                        <span class="product-save-value">
                            <strong>$17.50</strong>
                        </span>
                    </span><!-- end colrsIf: !productTileVM.product.hasDownDown && productTileVM.product.tickettype != 'X' -->
                    <!----><strong>
                </strong></span><!-- end colrsIf: ((productTileVM.defaultOption.hasDiscount()  && !product.isMultiBuyPromo && !product.tickettypeObject.isRedRing) || productTileVM.product.hasDownDown) --><strong>
               
	        </strong></span><!----><strong>
	        <!---->
		</strong></div><strong>
        <div class="product-info">
			<p tabindex="-1">
				<!----><span class="package-size" aria-hidden="true" data-ng-if="::product.showOnlineSizeDesc" data-ng-bind="::product.sizeDescription">45 pack</span><!---->
				<!----><span class="delimeter" role="presentation" aria-hidden="true" data-ng-if="::(product.showOnlineSizeDesc &amp;&amp; product.unitPrice)"></span><!---->
				<span role="text">
					<span class="package-price" data-ng-bind="::product.unitPrice">$0.39 per 1Ea</span>
					<span class="accessibility-inline" data-ng-bind="::product.unitPriceA11y">Unit Price</span>
				</span>
			</p>
			<!---->
			<!---->
		</div>
		<!---->
	    <div class="product-price-estimate" data-colrs-product-price-estimate="" data-product="product">
	
<button class="action-alert-active ng-hide" role="text" data-ng-show="::colrsProductPriceEstimateVM.product.isWeightedItem" data-colrs-click="colrsProductPriceEstimateVM.showPriceAlertMessage()" aria-hidden="true">
    <svg focusable="false" class="icon icon-info-circle" aria-hidden="true" role="presentation">
        <use xlink:href="#icon-info-circle"></use>
    </svg>
    <span class="product-price-estimate-text">
	    Price is an estimate
		<span class="accessibility-inline">
			<!----> 
			<!---->
		</span>
	</span>
</button>
<div class="alert" aria-hidden="true" role="alert" data-ng-blur="colrsProductPriceEstimateVM.closePriceAlertMessageOnBodyClick($event)" data-ng-keydown="colrsProductPriceEstimateVM.alertKeyHandler($event)">
	<div class="alert-wrapper alert-information" data-colrs-click-ignore=""> 
		<span class="arrow"></span>
         <div class="close is-dark">
             <a data-ng-href="" class="popup-close" title="pop up" data-ng-click="colrsProductPriceEstimateVM.hidePriceAlertMessage()">
                 <svg role="presentation" focusable="false" class="icon icon-cross" aria-hidden="true">
                     <use xmlns:xlink="http://www.w3.org/1999/xlink" xlink:href="#icon-cross"></use>
                 </svg>
             </a>
         </div>
		<div class="alert-content">
			<!----> 
			<!---->
		</div>
	</div>
</div>

</div>
	    <!---->
	</strong></header><strong>
	<!---->
	<!----><div class="product-assoc-link" data-ng-class="{'isVisible': product.assocIsVisible}" data-colrs-product-assoc-link="" data-product="product" data-ng-if="productTileVM.context !== 'MODAL' &amp;&amp; !product.showAsUnavailable">
	
<button class="assoc-link-btn" data-ng-click="productAssocLinkVM.openSizesAndVarietiesModal($event, productAssocLinkVM.product)">
	<span role="text">
		<span data-ng-bind-html="productAssocLinkVM.assocLinkTxt"></span>
		<svg focusable="false" class="icon icon-arrow" role="presentation" aria-hidden="true">
		    <use xmlns:xlink="http://www.w3.org/1999/xlink" xlink:href="#icon-arrow"></use>
		</svg>
	</span>
</button>


</div><!---->
	<!-- Fat controller and lists container -->
	<div class="product-actions-container">
		<!----><div class="product-options-container" data-ng-if="productTileVM.context !== 'MODAL'" data-colrs-product-options="">
	
<!---->

</div><!---->
		<!---->
		<div class="fat-controller is-full-width" data-ng-class="{'is-full-width':!productTileVM.isRegistered}" data-container="tile" data-product="product" data-context="" data-show-savings="false" data-colrs-fat-controller="">
	
<ng-transclude></ng-transclude>
<!----><div class="fc-button" data-colrs-fat-controller-container="" data-colrs-if="fatControllerVM.showFatController" data-ng-class="{'is-expanded': fatControllerVM.isExpanded}">
	<div class="button-main-container clear" data-colrs-fat-controller-responsive="">
		<!---->
		<!---->
		<!----><button type="submit" id="_btn_3514740P" class="button button-main" data-colrs-if="(fatControllerVM.defaultType === 'STANDARD')" data-colrs-fat-controller-button="" data-colrs-fat-controller-button-main="" data-colrs-click="fatControllerVM.toggleItem()">
	
<!---->
<!----><span class="button-main-inner" data-colrs-if="!fatControllerVM.isInTrolley()" ng-transclude="">
			
			<span class="product-cta" aria-hidden="true" data-colrs-fat-controller-responsive-component="Add">
				Add
			</span>
			<span class="accessibility">Add</span>
			<span class="product-qty">1</span>
			<span class="accessibility" data-ng-bind="::fatControllerVM.product.prodA11yHeading">Fairy Platinum Plus Lemon Dishwashing Tablets 45 pack on special</span>
			<span class="product-text">for</span>
			<strong class="product-price">$17.50</strong>
			<span class="accessibility">to the trolley.</span>
			
			<!-- 
			<span class="product-saving" aria-hidden="true" data-colrs-if="fatControllerVM.defaultOption.hasDiscount()"
					data-colrs-fat-controller-responsive-component="Save">
				save 
				<strong>{{fatControllerVM.defaultOption.formattedDiscount}}</strong>
			</span>
			
			<span class="accessibility" data-colrs-if="fatControllerVM.defaultOption.hasDiscount()">
				save 
				{{fatControllerVM.defaultOption.formattedDiscount}}
			</span>
			-->
		</span><!-- end colrsIf: !fatControllerVM.isInTrolley() -->

</button><!-- end colrsIf: (fatControllerVM.defaultType === 'STANDARD') -->
	</div>
	<button id="_down_3514740P" class="button button-down" aria-expanded="false" data-colrs-fat-controller-button="" data-colrs-click="fatControllerVM.toggleSelect()" data-ng-blur="fatControllerVM.resetAnnounceElements(fatControllerVM.product.partNumber)">
		<svg focusable="false" class="icon icon-dropdown-small" role="presentation" aria-hidden="true">
			<use xlink:href="#icon-dropdown-small"></use>
		</svg>
		<span class="accessibility" id="_announce_3514740P"></span>
		<span class="accessibility"><br>choose a different quantity for</span>
		<span class="accessibility" data-ng-bind="::fatControllerVM.product.prodA11yHeading">Fairy Platinum Plus Lemon Dishwashing Tablets 45 pack on special</span>
	</button>
	<div class="button-confirmation">
		<div class="button-confirmation-container clear">
			<div class="button-confirmation-label">
				<span data-colrs-fat-controller-animation-message=""></span>
			</div>
		</div>
		<div class="button-confirmation-icon">
			<span class="icon-loading"></span>
		</div>
	</div>
	<!---->
	<p role="text" id="_proc_3514740P" class="accessibility" tabindex="-1"></p>
</div><!-- end colrsIf: fatControllerVM.showFatController -->

<!---->

</div>
	</div>
</strong></div><strong>

</strong></div><!---->
	<!---->
	<!---->
	<!---->
	<!---->
	<!---->
	<!---->
	<!---->
	<!---->
</div>

</div><!----><div class="colrs-animate tile-animate" data-ng-class="::{'tile-stagger': (productListVM.widget.searchInfo.currentPage > 1)}" data-ng-repeat="tile in productListVM.widget.tiles" data-colrs-tile="">
	
<div id="tile_undefined_59" data-tile-seq-no="24" data-ng-switch="::tile.type">
	<!---->
	<!---->
	<!---->
	<!----><div data-ng-switch-when="content-rec" tile="tile" data-colrs-content-tile="">
	
<div data-ng-switch="::content.format">
	<div class="accessibility" data-colrs-page-focus-point="next_product24" colrs-product-option-temp-message=""></div>
	
	<!---->
	
	<!----><div class="content-text-container" data-ng-switch-when="Text" data-ng-switch="::content.hasURL"> <!--  Check for content url -->
		<!---->
		
		<!----><div data-ng-class="::{'product is-promo': (tile.size &amp;&amp; !tile.isPromoCitrus), 'is-promo-large' : (tile.size == 2), 'product is-promo-citrus' : (tile.isPromoCitrus)}" data-ng-switch-default="" data-colrs-bind-html-compile="::content.text" class="product is-promo"><style>
    .product.is-promo .content-container.campaign-name-st-content {
        background-image: url("/wcsstore/ColesResponsiveStorefrontAssetStore/images/2020/02/20200219_Fairy/Fairy-BG.jpg");
    }   

    .product.is-promo .content-container.campaign-name-st-content .hero-text {
        color: #312b47;
    }
	

</style>

<div class="promo-content-wrapper image-first-layout">
	    <div class="content-container bottomaligned-bg campaign-name-st-content">
        <h3 class="accessibility-inline">Advertisement for Fairy Products</h3>
        <div class="hero-image-container">
		            <div class="hero-image">
                <img src="/wcsstore/ColesResponsiveStorefrontAssetStore/images/2020/02/20200219_Fairy/Fairy-Product.png" alt="" aria-hidden="true" class="tile-image">
            </div>
        </div>
        <div class="tile-content">
            <div class="hero-text-container">
                <span class="hero-text">
                    <span role="text">
                        <strong>
                 Giving time back to all Aussies. Try NEW Fairy Easy Spray
                        </strong>
                    </span>
                </span>
            </div>
            <a href="/a/richmond-south/promo/fairy-dishwashing?pid=BR_PROCTERGAMBLE_CONTENTASSOCIATION_7790" class="button">
                <span role="text">
                    Shop now <span class="accessibility-inline">for Fairy products</span>
                </span>
            </a>
        </div>
    </div>
</div></div><!---->
	</div><!---->
</div>

</div><!---->
	<!---->
	<!---->
	<!---->
	<!---->
	<!---->
</div>

</div><!----><div class="colrs-animate tile-animate" data-ng-class="::{'tile-stagger': (productListVM.widget.searchInfo.currentPage > 1)}" data-ng-repeat="tile in productListVM.widget.tiles" data-colrs-tile="">
	
<div id="tile_colrsCatalogEntryListWidget_Data_2_3074457345618260154_3074457345618264559_28" data-tile-seq-no="25" data-ng-switch="::tile.type">
	<!----><div data-ng-switch-when="product" tile="tile" data-colrs-product-tile="">
	
<div class="product product-specials" data-colrs-product-style="::tile.data" data-ng-class="::{'has-merch-assoc':(productTileVM.context !== 'MODAL' &amp;&amp; product.productAssociation.isVisible &amp;&amp; product.productAssociation.isFromAssociation) || (tile.isTPB &amp;&amp; tile.hasTPBMerchAssociation), 'product-specials': tile.isTPB, 'has-flag': product.showAsUnavailable}" data-ng-hide="productTileVM.context === 'MODAL' &amp;&amp; product.showAsUnavailable &amp;&amp; !(product.isSizesVarieties)" aria-hidden="false">
	
	<!---->
 	<!---->
	<!---->
    
    <!---->
	<!---->
	<header role="presentation" class="product-header" data-colrs-product-header="">
		<!----><div class="product-icons" data-ng-if="::(product.badges.length &amp;&amp; ((productTileVM.context !== 'MODAL') || (productTileVM.hasProductTicketType &amp;&amp; productTileVM.context === 'MODAL')))">
			
			<!----><svg focusable="false" class="icon icon-specials-badge" role="presentation" aria-hidden="true"><use xmlns:xlink="http://www.w3.org/1999/xlink" xlink:href="#icon-specials-badge"></use></svg><!---->
		</div><!---->
		<!----><div class="product-image-container" data-ng-if="::productTileVM.context !== 'MODAL'">
			<!---->
	        <a class="product-image-link" data-ng-attr-href="{{::productTileVM.pdpHref}}" data-ng-click="productTileVM.openProduct($event)" href="/a/richmond-south/product/fairy-platinum-plus-dishwashing-tablets-3514730p">
	            <div class="product-image">
					<span role="text">
						<img alt="Fairy Platinum Plus Lemon Dishwashing Tablets 30 pack on special" data-ng-src="/wcsstore/Coles-CAS/images/3/5/1/3514730-th.jpg" data-colrs-def-product-image="" aria-hidden="true" role="presentation" src="/wcsstore/Coles-CAS/images/3/5/1/3514730-th.jpg">
						<span class="accessibility-inline">Fairy Platinum Plus Lemon Dishwashing Tablets 30 pack on special</span>
					</span>
	            </div>
	        </a>
	    </div><!---->
	    <div class="product-main-info">
		    <!----><div data-ng-if="productTileVM.context !== 'MODAL'" class="accessibility-inline" data-colrs-page-focus-point="next_product25" colrs-product-option-temp-message=""></div><!---->
	    	<h3 class="product-title" data-ng-class="::{'product-no-desc': !product.showOnlineSizeDesc, 'short-width-title': product.hasRoundelPromo &amp;&amp; productTileVM.context !== 'MODAL'}" data-ng-attr-data-partnumber="{{::product.partNumber}}" data-ng-attr-data-itemid="{{::product.singleSKUCatalogEntryID}}" data-partnumber="3514730P" data-itemid="1084047">
				<a data-ng-attr-href="{{::productTileVM.pdpHref}}" data-ng-click="productTileVM.openProduct($event)" href="/a/richmond-south/product/fairy-platinum-plus-dishwashing-tablets-3514730p">
					<span role="text">
						<!---->
						<span class="product-brand" data-ng-bind="::product.displayBrandText">Fairy</span>
						<span class="product-name" data-ng-bind="::product.displayNameText">Platinum Plus Lemon Dishwashing Tablets</span>
						<span class="package-size accessibility-inline" data-ng-bind="::product.prodA11yHeadingSuffix">30 pack on special</span>
						<!---->
						<!---->
						<!---->
					</span>
				</a>
			</h3>
			<!---->
			<!----><span class="product-pricing-info" role="text" data-ng-if="::!product.price.isNaN">
	            <span class="price-container">
	            	<!---->
	            	<!--To reduce the space between $ and Hero price for Accessibility, combined span tags in same line-->
	            	<span class="currency-sign">$</span><span class="dollar-value" data-ng-bind="::product.price.dollarValue">15</span><span class="cent-value">.00</span>
	                <!---->
	            </span>
	            
               <!----><span class="saving-container" data-colrs-if="((productTileVM.defaultOption.hasDiscount()  &amp;&amp; !product.isMultiBuyPromo &amp;&amp; !product.tickettypeObject.isRedRing) || productTileVM.product.hasDownDown)">
                    <!----><span class="product-saving" data-colrs-if="!productTileVM.product.hasDownDown &amp;&amp; productTileVM.product.tickettype != 'X'">
                        <span class="product-save-prefix">
                            save
                        </span>
                        <span class="product-save-value">
                            <strong>$15.00</strong>
                        </span>
                    </span><!-- end colrsIf: !productTileVM.product.hasDownDown && productTileVM.product.tickettype != 'X' -->
                    <!----><strong>
                </strong></span><!-- end colrsIf: ((productTileVM.defaultOption.hasDiscount()  && !product.isMultiBuyPromo && !product.tickettypeObject.isRedRing) || productTileVM.product.hasDownDown) --><strong>
               
	        </strong></span><!----><strong>
	        <!---->
		</strong></div><strong>
        <div class="product-info">
			<p tabindex="-1">
				<!----><span class="package-size" aria-hidden="true" data-ng-if="::product.showOnlineSizeDesc" data-ng-bind="::product.sizeDescription">30 pack</span><!---->
				<!----><span class="delimeter" role="presentation" aria-hidden="true" data-ng-if="::(product.showOnlineSizeDesc &amp;&amp; product.unitPrice)"></span><!---->
				<span role="text">
					<span class="package-price" data-ng-bind="::product.unitPrice">$0.50 per 1Ea</span>
					<span class="accessibility-inline" data-ng-bind="::product.unitPriceA11y">Unit Price</span>
				</span>
			</p>
			<!---->
			<!---->
		</div>
		<!---->
	    <div class="product-price-estimate" data-colrs-product-price-estimate="" data-product="product">
	
<button class="action-alert-active ng-hide" role="text" data-ng-show="::colrsProductPriceEstimateVM.product.isWeightedItem" data-colrs-click="colrsProductPriceEstimateVM.showPriceAlertMessage()" aria-hidden="true">
    <svg focusable="false" class="icon icon-info-circle" aria-hidden="true" role="presentation">
        <use xlink:href="#icon-info-circle"></use>
    </svg>
    <span class="product-price-estimate-text">
	    Price is an estimate
		<span class="accessibility-inline">
			<!----> 
			<!---->
		</span>
	</span>
</button>
<div class="alert" aria-hidden="true" role="alert" data-ng-blur="colrsProductPriceEstimateVM.closePriceAlertMessageOnBodyClick($event)" data-ng-keydown="colrsProductPriceEstimateVM.alertKeyHandler($event)">
	<div class="alert-wrapper alert-information" data-colrs-click-ignore=""> 
		<span class="arrow"></span>
         <div class="close is-dark">
             <a data-ng-href="" class="popup-close" title="pop up" data-ng-click="colrsProductPriceEstimateVM.hidePriceAlertMessage()">
                 <svg role="presentation" focusable="false" class="icon icon-cross" aria-hidden="true">
                     <use xmlns:xlink="http://www.w3.org/1999/xlink" xlink:href="#icon-cross"></use>
                 </svg>
             </a>
         </div>
		<div class="alert-content">
			<!----> 
			<!---->
		</div>
	</div>
</div>

</div>
	    <!---->
	</strong></header><strong>
	<!---->
	<!----><div class="product-assoc-link" data-ng-class="{'isVisible': product.assocIsVisible}" data-colrs-product-assoc-link="" data-product="product" data-ng-if="productTileVM.context !== 'MODAL' &amp;&amp; !product.showAsUnavailable">
	
<button class="assoc-link-btn" data-ng-click="productAssocLinkVM.openSizesAndVarietiesModal($event, productAssocLinkVM.product)">
	<span role="text">
		<span data-ng-bind-html="productAssocLinkVM.assocLinkTxt"></span>
		<svg focusable="false" class="icon icon-arrow" role="presentation" aria-hidden="true">
		    <use xmlns:xlink="http://www.w3.org/1999/xlink" xlink:href="#icon-arrow"></use>
		</svg>
	</span>
</button>


</div><!---->
	<!-- Fat controller and lists container -->
	<div class="product-actions-container">
		<!----><div class="product-options-container" data-ng-if="productTileVM.context !== 'MODAL'" data-colrs-product-options="">
	
<!---->

</div><!---->
		<!---->
		<div class="fat-controller is-full-width" data-ng-class="{'is-full-width':!productTileVM.isRegistered}" data-container="tile" data-product="product" data-context="" data-show-savings="false" data-colrs-fat-controller="">
	
<ng-transclude></ng-transclude>
<!----><div class="fc-button" data-colrs-fat-controller-container="" data-colrs-if="fatControllerVM.showFatController" data-ng-class="{'is-expanded': fatControllerVM.isExpanded}">
	<div class="button-main-container clear" data-colrs-fat-controller-responsive="">
		<!---->
		<!---->
		<!----><button type="submit" id="_btn_3514730P" class="button button-main" data-colrs-if="(fatControllerVM.defaultType === 'STANDARD')" data-colrs-fat-controller-button="" data-colrs-fat-controller-button-main="" data-colrs-click="fatControllerVM.toggleItem()">
	
<!---->
<!----><span class="button-main-inner" data-colrs-if="!fatControllerVM.isInTrolley()" ng-transclude="">
			
			<span class="product-cta" aria-hidden="true" data-colrs-fat-controller-responsive-component="Add">
				Add
			</span>
			<span class="accessibility">Add</span>
			<span class="product-qty">1</span>
			<span class="accessibility" data-ng-bind="::fatControllerVM.product.prodA11yHeading">Fairy Platinum Plus Lemon Dishwashing Tablets 30 pack on special</span>
			<span class="product-text">for</span>
			<strong class="product-price">$15.00</strong>
			<span class="accessibility">to the trolley.</span>
			
			<!-- 
			<span class="product-saving" aria-hidden="true" data-colrs-if="fatControllerVM.defaultOption.hasDiscount()"
					data-colrs-fat-controller-responsive-component="Save">
				save 
				<strong>{{fatControllerVM.defaultOption.formattedDiscount}}</strong>
			</span>
			
			<span class="accessibility" data-colrs-if="fatControllerVM.defaultOption.hasDiscount()">
				save 
				{{fatControllerVM.defaultOption.formattedDiscount}}
			</span>
			-->
		</span><!-- end colrsIf: !fatControllerVM.isInTrolley() -->

</button><!-- end colrsIf: (fatControllerVM.defaultType === 'STANDARD') -->
	</div>
	<button id="_down_3514730P" class="button button-down" aria-expanded="false" data-colrs-fat-controller-button="" data-colrs-click="fatControllerVM.toggleSelect()" data-ng-blur="fatControllerVM.resetAnnounceElements(fatControllerVM.product.partNumber)">
		<svg focusable="false" class="icon icon-dropdown-small" role="presentation" aria-hidden="true">
			<use xlink:href="#icon-dropdown-small"></use>
		</svg>
		<span class="accessibility" id="_announce_3514730P"></span>
		<span class="accessibility"><br>choose a different quantity for</span>
		<span class="accessibility" data-ng-bind="::fatControllerVM.product.prodA11yHeading">Fairy Platinum Plus Lemon Dishwashing Tablets 30 pack on special</span>
	</button>
	<div class="button-confirmation">
		<div class="button-confirmation-container clear">
			<div class="button-confirmation-label">
				<span data-colrs-fat-controller-animation-message=""></span>
			</div>
		</div>
		<div class="button-confirmation-icon">
			<span class="icon-loading"></span>
		</div>
	</div>
	<!---->
	<p role="text" id="_proc_3514730P" class="accessibility" tabindex="-1"></p>
</div><!-- end colrsIf: fatControllerVM.showFatController -->

<!---->

</div>
	</div>
</strong></div><strong>

</strong></div><!---->
	<!---->
	<!---->
	<!---->
	<!---->
	<!---->
	<!---->
	<!---->
	<!---->
</div>

</div><!----><div class="colrs-animate tile-animate" data-ng-class="::{'tile-stagger': (productListVM.widget.searchInfo.currentPage > 1)}" data-ng-repeat="tile in productListVM.widget.tiles" data-colrs-tile="">
	
<div id="tile_colrsCatalogEntryListWidget_Data_2_3074457345618260154_3074457345618264559_29" data-tile-seq-no="26" data-ng-switch="::tile.type">
	<!----><div data-ng-switch-when="product" tile="tile" data-colrs-product-tile="">
	
<div class="product product-specials" data-colrs-product-style="::tile.data" data-ng-class="::{'has-merch-assoc':(productTileVM.context !== 'MODAL' &amp;&amp; product.productAssociation.isVisible &amp;&amp; product.productAssociation.isFromAssociation) || (tile.isTPB &amp;&amp; tile.hasTPBMerchAssociation), 'product-specials': tile.isTPB, 'has-flag': product.showAsUnavailable}" data-ng-hide="productTileVM.context === 'MODAL' &amp;&amp; product.showAsUnavailable &amp;&amp; !(product.isSizesVarieties)" aria-hidden="false">
	
	<!---->
 	<!---->
	<!---->
    
    <!---->
	<!---->
	<header role="presentation" class="product-header" data-colrs-product-header="">
		<!----><div class="product-icons" data-ng-if="::(product.badges.length &amp;&amp; ((productTileVM.context !== 'MODAL') || (productTileVM.hasProductTicketType &amp;&amp; productTileVM.context === 'MODAL')))">
			
			<!----><svg focusable="false" class="icon icon-specials-badge" role="presentation" aria-hidden="true"><use xmlns:xlink="http://www.w3.org/1999/xlink" xlink:href="#icon-specials-badge"></use></svg><!---->
		</div><!---->
		<!----><div class="product-image-container" data-ng-if="::productTileVM.context !== 'MODAL'">
			<!---->
	        <a class="product-image-link" data-ng-attr-href="{{::productTileVM.pdpHref}}" data-ng-click="productTileVM.openProduct($event)" href="/a/richmond-south/product/cadbury-favourites-3571992p">
	            <div class="product-image">
					<span role="text">
						<img alt="Cadbury Favourites 373g on special" data-ng-src="/wcsstore/Coles-CAS/images/3/5/7/3571992-th.jpg" data-colrs-def-product-image="" aria-hidden="true" role="presentation" src="/wcsstore/Coles-CAS/images/3/5/7/3571992-th.jpg">
						<span class="accessibility-inline">Cadbury Favourites 373g on special</span>
					</span>
	            </div>
	        </a>
	    </div><!---->
	    <div class="product-main-info">
		    <!----><div data-ng-if="productTileVM.context !== 'MODAL'" class="accessibility-inline" data-colrs-page-focus-point="next_product26" colrs-product-option-temp-message=""></div><!---->
	    	<h3 class="product-title" data-ng-class="::{'product-no-desc': !product.showOnlineSizeDesc, 'short-width-title': product.hasRoundelPromo &amp;&amp; productTileVM.context !== 'MODAL'}" data-ng-attr-data-partnumber="{{::product.partNumber}}" data-ng-attr-data-itemid="{{::product.singleSKUCatalogEntryID}}" data-partnumber="3571992P" data-itemid="1135061">
				<a data-ng-attr-href="{{::productTileVM.pdpHref}}" data-ng-click="productTileVM.openProduct($event)" href="/a/richmond-south/product/cadbury-favourites-3571992p">
					<span role="text">
						<!---->
						<span class="product-brand" data-ng-bind="::product.displayBrandText">Cadbury</span>
						<span class="product-name" data-ng-bind="::product.displayNameText">Favourites</span>
						<span class="package-size accessibility-inline" data-ng-bind="::product.prodA11yHeadingSuffix">373g on special</span>
						<!---->
						<!---->
						<!---->
					</span>
				</a>
			</h3>
			<!---->
			<!----><span class="product-pricing-info" role="text" data-ng-if="::!product.price.isNaN">
	            <span class="price-container">
	            	<!---->
	            	<!--To reduce the space between $ and Hero price for Accessibility, combined span tags in same line-->
	            	<span class="currency-sign">$</span><span class="dollar-value" data-ng-bind="::product.price.dollarValue">7</span><span class="cent-value">.00</span>
	                <!---->
	            </span>
	            
               <!----><span class="saving-container" data-colrs-if="((productTileVM.defaultOption.hasDiscount()  &amp;&amp; !product.isMultiBuyPromo &amp;&amp; !product.tickettypeObject.isRedRing) || productTileVM.product.hasDownDown)">
                    <!----><span class="product-saving" data-colrs-if="!productTileVM.product.hasDownDown &amp;&amp; productTileVM.product.tickettype != 'X'">
                        <span class="product-save-prefix">
                            save
                        </span>
                        <span class="product-save-value">
                            <strong>$7.00</strong>
                        </span>
                    </span><!-- end colrsIf: !productTileVM.product.hasDownDown && productTileVM.product.tickettype != 'X' -->
                    <!----><strong>
                </strong></span><!-- end colrsIf: ((productTileVM.defaultOption.hasDiscount()  && !product.isMultiBuyPromo && !product.tickettypeObject.isRedRing) || productTileVM.product.hasDownDown) --><strong>
               
	        </strong></span><!----><strong>
	        <!---->
		</strong></div><strong>
        <div class="product-info">
			<p tabindex="-1">
				<!----><span class="package-size" aria-hidden="true" data-ng-if="::product.showOnlineSizeDesc" data-ng-bind="::product.sizeDescription">373g</span><!---->
				<!----><span class="delimeter" role="presentation" aria-hidden="true" data-ng-if="::(product.showOnlineSizeDesc &amp;&amp; product.unitPrice)"></span><!---->
				<span role="text">
					<span class="package-price" data-ng-bind="::product.unitPrice">$1.88 per 100G</span>
					<span class="accessibility-inline" data-ng-bind="::product.unitPriceA11y">Unit Price</span>
				</span>
			</p>
			<!---->
			<!---->
		</div>
		<!---->
	    <div class="product-price-estimate" data-colrs-product-price-estimate="" data-product="product">
	
<button class="action-alert-active ng-hide" role="text" data-ng-show="::colrsProductPriceEstimateVM.product.isWeightedItem" data-colrs-click="colrsProductPriceEstimateVM.showPriceAlertMessage()" aria-hidden="true">
    <svg focusable="false" class="icon icon-info-circle" aria-hidden="true" role="presentation">
        <use xlink:href="#icon-info-circle"></use>
    </svg>
    <span class="product-price-estimate-text">
	    Price is an estimate
		<span class="accessibility-inline">
			<!----> 
			<!---->
		</span>
	</span>
</button>
<div class="alert" aria-hidden="true" role="alert" data-ng-blur="colrsProductPriceEstimateVM.closePriceAlertMessageOnBodyClick($event)" data-ng-keydown="colrsProductPriceEstimateVM.alertKeyHandler($event)">
	<div class="alert-wrapper alert-information" data-colrs-click-ignore=""> 
		<span class="arrow"></span>
         <div class="close is-dark">
             <a data-ng-href="" class="popup-close" title="pop up" data-ng-click="colrsProductPriceEstimateVM.hidePriceAlertMessage()">
                 <svg role="presentation" focusable="false" class="icon icon-cross" aria-hidden="true">
                     <use xmlns:xlink="http://www.w3.org/1999/xlink" xlink:href="#icon-cross"></use>
                 </svg>
             </a>
         </div>
		<div class="alert-content">
			<!----> 
			<!---->
		</div>
	</div>
</div>

</div>
	    <!---->
	</strong></header><strong>
	<!---->
	<!----><div class="product-assoc-link" data-ng-class="{'isVisible': product.assocIsVisible}" data-colrs-product-assoc-link="" data-product="product" data-ng-if="productTileVM.context !== 'MODAL' &amp;&amp; !product.showAsUnavailable">
	
<button class="assoc-link-btn" data-ng-click="productAssocLinkVM.openSizesAndVarietiesModal($event, productAssocLinkVM.product)">
	<span role="text">
		<span data-ng-bind-html="productAssocLinkVM.assocLinkTxt"></span>
		<svg focusable="false" class="icon icon-arrow" role="presentation" aria-hidden="true">
		    <use xmlns:xlink="http://www.w3.org/1999/xlink" xlink:href="#icon-arrow"></use>
		</svg>
	</span>
</button>


</div><!---->
	<!-- Fat controller and lists container -->
	<div class="product-actions-container">
		<!----><div class="product-options-container" data-ng-if="productTileVM.context !== 'MODAL'" data-colrs-product-options="">
	
<!---->

</div><!---->
		<!---->
		<div class="fat-controller is-full-width" data-ng-class="{'is-full-width':!productTileVM.isRegistered}" data-container="tile" data-product="product" data-context="" data-show-savings="false" data-colrs-fat-controller="">
	
<ng-transclude></ng-transclude>
<!----><div class="fc-button" data-colrs-fat-controller-container="" data-colrs-if="fatControllerVM.showFatController" data-ng-class="{'is-expanded': fatControllerVM.isExpanded}">
	<div class="button-main-container clear" data-colrs-fat-controller-responsive="">
		<!---->
		<!---->
		<!----><button type="submit" id="_btn_3571992P" class="button button-main" data-colrs-if="(fatControllerVM.defaultType === 'STANDARD')" data-colrs-fat-controller-button="" data-colrs-fat-controller-button-main="" data-colrs-click="fatControllerVM.toggleItem()">
	
<!---->
<!----><span class="button-main-inner" data-colrs-if="!fatControllerVM.isInTrolley()" ng-transclude="">
			
			<span class="product-cta" aria-hidden="true" data-colrs-fat-controller-responsive-component="Add">
				Add
			</span>
			<span class="accessibility">Add</span>
			<span class="product-qty">1</span>
			<span class="accessibility" data-ng-bind="::fatControllerVM.product.prodA11yHeading">Cadbury Favourites 373g on special</span>
			<span class="product-text">for</span>
			<strong class="product-price">$7.00</strong>
			<span class="accessibility">to the trolley.</span>
			
			<!-- 
			<span class="product-saving" aria-hidden="true" data-colrs-if="fatControllerVM.defaultOption.hasDiscount()"
					data-colrs-fat-controller-responsive-component="Save">
				save 
				<strong>{{fatControllerVM.defaultOption.formattedDiscount}}</strong>
			</span>
			
			<span class="accessibility" data-colrs-if="fatControllerVM.defaultOption.hasDiscount()">
				save 
				{{fatControllerVM.defaultOption.formattedDiscount}}
			</span>
			-->
		</span><!-- end colrsIf: !fatControllerVM.isInTrolley() -->

</button><!-- end colrsIf: (fatControllerVM.defaultType === 'STANDARD') -->
	</div>
	<button id="_down_3571992P" class="button button-down" aria-expanded="false" data-colrs-fat-controller-button="" data-colrs-click="fatControllerVM.toggleSelect()" data-ng-blur="fatControllerVM.resetAnnounceElements(fatControllerVM.product.partNumber)">
		<svg focusable="false" class="icon icon-dropdown-small" role="presentation" aria-hidden="true">
			<use xlink:href="#icon-dropdown-small"></use>
		</svg>
		<span class="accessibility" id="_announce_3571992P"></span>
		<span class="accessibility"><br>choose a different quantity for</span>
		<span class="accessibility" data-ng-bind="::fatControllerVM.product.prodA11yHeading">Cadbury Favourites 373g on special</span>
	</button>
	<div class="button-confirmation">
		<div class="button-confirmation-container clear">
			<div class="button-confirmation-label">
				<span data-colrs-fat-controller-animation-message=""></span>
			</div>
		</div>
		<div class="button-confirmation-icon">
			<span class="icon-loading"></span>
		</div>
	</div>
	<!---->
	<p role="text" id="_proc_3571992P" class="accessibility" tabindex="-1"></p>
</div><!-- end colrsIf: fatControllerVM.showFatController -->

<!---->

</div>
	</div>
</strong></div><strong>

</strong></div><!---->
	<!---->
	<!---->
	<!---->
	<!---->
	<!---->
	<!---->
	<!---->
	<!---->
</div>

</div><!----><div class="colrs-animate tile-animate" data-ng-class="::{'tile-stagger': (productListVM.widget.searchInfo.currentPage > 1)}" data-ng-repeat="tile in productListVM.widget.tiles" data-colrs-tile="">
	
<div id="tile_colrsCatalogEntryListWidget_Data_2_3074457345618260154_3074457345618264559_30" data-tile-seq-no="27" data-ng-switch="::tile.type">
	<!----><div data-ng-switch-when="product" tile="tile" data-colrs-product-tile="">
	
<div class="product product-specials" data-colrs-product-style="::tile.data" data-ng-class="::{'has-merch-assoc':(productTileVM.context !== 'MODAL' &amp;&amp; product.productAssociation.isVisible &amp;&amp; product.productAssociation.isFromAssociation) || (tile.isTPB &amp;&amp; tile.hasTPBMerchAssociation), 'product-specials': tile.isTPB, 'has-flag': product.showAsUnavailable}" data-ng-hide="productTileVM.context === 'MODAL' &amp;&amp; product.showAsUnavailable &amp;&amp; !(product.isSizesVarieties)" aria-hidden="false">
	
	<!---->
 	<!---->
	<!---->
    
    <!---->
	<!---->
	<header role="presentation" class="product-header" data-colrs-product-header="">
		<!----><div class="product-icons" data-ng-if="::(product.badges.length &amp;&amp; ((productTileVM.context !== 'MODAL') || (productTileVM.hasProductTicketType &amp;&amp; productTileVM.context === 'MODAL')))">
			
			<!----><svg focusable="false" class="icon icon-specials-badge" role="presentation" aria-hidden="true"><use xmlns:xlink="http://www.w3.org/1999/xlink" xlink:href="#icon-specials-badge"></use></svg><!---->
		</div><!---->
		<!----><div class="product-image-container" data-ng-if="::productTileVM.context !== 'MODAL'">
			<!---->
	        <a class="product-image-link" data-ng-attr-href="{{::productTileVM.pdpHref}}" data-ng-click="productTileVM.openProduct($event)" href="/a/richmond-south/product/sakata-rice-crackers-wholegrain-original">
	            <div class="product-image">
					<span role="text">
						<img alt="Sakata Wholegrain Original Rice Crackers 90g on special" data-ng-src="/wcsstore/Coles-CAS/images/5/9/2/5924925-th.jpg" data-colrs-def-product-image="" aria-hidden="true" role="presentation" src="/wcsstore/Coles-CAS/images/5/9/2/5924925-th.jpg">
						<span class="accessibility-inline">Sakata Wholegrain Original Rice Crackers 90g on special</span>
					</span>
	            </div>
	        </a>
	    </div><!---->
	    <div class="product-main-info">
		    <!----><div data-ng-if="productTileVM.context !== 'MODAL'" class="accessibility-inline" data-colrs-page-focus-point="next_product27" colrs-product-option-temp-message=""></div><!---->
	    	<h3 class="product-title" data-ng-class="::{'product-no-desc': !product.showOnlineSizeDesc, 'short-width-title': product.hasRoundelPromo &amp;&amp; productTileVM.context !== 'MODAL'}" data-ng-attr-data-partnumber="{{::product.partNumber}}" data-ng-attr-data-itemid="{{::product.singleSKUCatalogEntryID}}" data-partnumber="5924925P" data-itemid="30171">
				<a data-ng-attr-href="{{::productTileVM.pdpHref}}" data-ng-click="productTileVM.openProduct($event)" href="/a/richmond-south/product/sakata-rice-crackers-wholegrain-original">
					<span role="text">
						<!---->
						<span class="product-brand" data-ng-bind="::product.displayBrandText">Sakata</span>
						<span class="product-name" data-ng-bind="::product.displayNameText">Wholegrain Original Rice Crackers</span>
						<span class="package-size accessibility-inline" data-ng-bind="::product.prodA11yHeadingSuffix">90g on special</span>
						<!---->
						<!---->
						<!---->
					</span>
				</a>
			</h3>
			<!---->
			<!----><span class="product-pricing-info" role="text" data-ng-if="::!product.price.isNaN">
	            <span class="price-container">
	            	<!---->
	            	<!--To reduce the space between $ and Hero price for Accessibility, combined span tags in same line-->
	            	<span class="currency-sign">$</span><span class="dollar-value" data-ng-bind="::product.price.dollarValue">1</span><span class="cent-value">.00</span>
	                <!---->
	            </span>
	            
               <!----><span class="saving-container" data-colrs-if="((productTileVM.defaultOption.hasDiscount()  &amp;&amp; !product.isMultiBuyPromo &amp;&amp; !product.tickettypeObject.isRedRing) || productTileVM.product.hasDownDown)">
                    <!----><span class="product-saving" data-colrs-if="!productTileVM.product.hasDownDown &amp;&amp; productTileVM.product.tickettype != 'X'">
                        <span class="product-save-prefix">
                            save
                        </span>
                        <span class="product-save-value">
                            <strong>$1.00</strong>
                        </span>
                    </span><!-- end colrsIf: !productTileVM.product.hasDownDown && productTileVM.product.tickettype != 'X' -->
                    <!----><strong>
                </strong></span><!-- end colrsIf: ((productTileVM.defaultOption.hasDiscount()  && !product.isMultiBuyPromo && !product.tickettypeObject.isRedRing) || productTileVM.product.hasDownDown) --><strong>
               
	        </strong></span><!----><strong>
	        <!---->
		</strong></div><strong>
        <div class="product-info">
			<p tabindex="-1">
				<!----><span class="package-size" aria-hidden="true" data-ng-if="::product.showOnlineSizeDesc" data-ng-bind="::product.sizeDescription">90g</span><!---->
				<!----><span class="delimeter" role="presentation" aria-hidden="true" data-ng-if="::(product.showOnlineSizeDesc &amp;&amp; product.unitPrice)"></span><!---->
				<span role="text">
					<span class="package-price" data-ng-bind="::product.unitPrice">$1.11 per 100G</span>
					<span class="accessibility-inline" data-ng-bind="::product.unitPriceA11y">Unit Price</span>
				</span>
			</p>
			<!---->
			<!---->
		</div>
		<!---->
	    <div class="product-price-estimate" data-colrs-product-price-estimate="" data-product="product">
	
<button class="action-alert-active ng-hide" role="text" data-ng-show="::colrsProductPriceEstimateVM.product.isWeightedItem" data-colrs-click="colrsProductPriceEstimateVM.showPriceAlertMessage()" aria-hidden="true">
    <svg focusable="false" class="icon icon-info-circle" aria-hidden="true" role="presentation">
        <use xlink:href="#icon-info-circle"></use>
    </svg>
    <span class="product-price-estimate-text">
	    Price is an estimate
		<span class="accessibility-inline">
			<!----> 
			<!---->
		</span>
	</span>
</button>
<div class="alert" aria-hidden="true" role="alert" data-ng-blur="colrsProductPriceEstimateVM.closePriceAlertMessageOnBodyClick($event)" data-ng-keydown="colrsProductPriceEstimateVM.alertKeyHandler($event)">
	<div class="alert-wrapper alert-information" data-colrs-click-ignore=""> 
		<span class="arrow"></span>
         <div class="close is-dark">
             <a data-ng-href="" class="popup-close" title="pop up" data-ng-click="colrsProductPriceEstimateVM.hidePriceAlertMessage()">
                 <svg role="presentation" focusable="false" class="icon icon-cross" aria-hidden="true">
                     <use xmlns:xlink="http://www.w3.org/1999/xlink" xlink:href="#icon-cross"></use>
                 </svg>
             </a>
         </div>
		<div class="alert-content">
			<!----> 
			<!---->
		</div>
	</div>
</div>

</div>
	    <!---->
	</strong></header><strong>
	<!---->
	<!----><div class="product-assoc-link" data-ng-class="{'isVisible': product.assocIsVisible}" data-colrs-product-assoc-link="" data-product="product" data-ng-if="productTileVM.context !== 'MODAL' &amp;&amp; !product.showAsUnavailable">
	
<button class="assoc-link-btn" data-ng-click="productAssocLinkVM.openSizesAndVarietiesModal($event, productAssocLinkVM.product)">
	<span role="text">
		<span data-ng-bind-html="productAssocLinkVM.assocLinkTxt"></span>
		<svg focusable="false" class="icon icon-arrow" role="presentation" aria-hidden="true">
		    <use xmlns:xlink="http://www.w3.org/1999/xlink" xlink:href="#icon-arrow"></use>
		</svg>
	</span>
</button>


</div><!---->
	<!-- Fat controller and lists container -->
	<div class="product-actions-container">
		<!----><div class="product-options-container" data-ng-if="productTileVM.context !== 'MODAL'" data-colrs-product-options="">
	
<!---->

</div><!---->
		<!---->
		<div class="fat-controller is-full-width" data-ng-class="{'is-full-width':!productTileVM.isRegistered}" data-container="tile" data-product="product" data-context="" data-show-savings="false" data-colrs-fat-controller="">
	
<ng-transclude></ng-transclude>
<!----><div class="fc-button" data-colrs-fat-controller-container="" data-colrs-if="fatControllerVM.showFatController" data-ng-class="{'is-expanded': fatControllerVM.isExpanded}">
	<div class="button-main-container clear" data-colrs-fat-controller-responsive="">
		<!---->
		<!---->
		<!----><button type="submit" id="_btn_5924925P" class="button button-main" data-colrs-if="(fatControllerVM.defaultType === 'STANDARD')" data-colrs-fat-controller-button="" data-colrs-fat-controller-button-main="" data-colrs-click="fatControllerVM.toggleItem()">
	
<!---->
<!----><span class="button-main-inner" data-colrs-if="!fatControllerVM.isInTrolley()" ng-transclude="">
			
			<span class="product-cta" aria-hidden="true" data-colrs-fat-controller-responsive-component="Add">
				Add
			</span>
			<span class="accessibility">Add</span>
			<span class="product-qty">1</span>
			<span class="accessibility" data-ng-bind="::fatControllerVM.product.prodA11yHeading">Sakata Wholegrain Original Rice Crackers 90g on special</span>
			<span class="product-text">for</span>
			<strong class="product-price">$1.00</strong>
			<span class="accessibility">to the trolley.</span>
			
			<!-- 
			<span class="product-saving" aria-hidden="true" data-colrs-if="fatControllerVM.defaultOption.hasDiscount()"
					data-colrs-fat-controller-responsive-component="Save">
				save 
				<strong>{{fatControllerVM.defaultOption.formattedDiscount}}</strong>
			</span>
			
			<span class="accessibility" data-colrs-if="fatControllerVM.defaultOption.hasDiscount()">
				save 
				{{fatControllerVM.defaultOption.formattedDiscount}}
			</span>
			-->
		</span><!-- end colrsIf: !fatControllerVM.isInTrolley() -->

</button><!-- end colrsIf: (fatControllerVM.defaultType === 'STANDARD') -->
	</div>
	<button id="_down_5924925P" class="button button-down" aria-expanded="false" data-colrs-fat-controller-button="" data-colrs-click="fatControllerVM.toggleSelect()" data-ng-blur="fatControllerVM.resetAnnounceElements(fatControllerVM.product.partNumber)">
		<svg focusable="false" class="icon icon-dropdown-small" role="presentation" aria-hidden="true">
			<use xlink:href="#icon-dropdown-small"></use>
		</svg>
		<span class="accessibility" id="_announce_5924925P"></span>
		<span class="accessibility"><br>choose a different quantity for</span>
		<span class="accessibility" data-ng-bind="::fatControllerVM.product.prodA11yHeading">Sakata Wholegrain Original Rice Crackers 90g on special</span>
	</button>
	<div class="button-confirmation">
		<div class="button-confirmation-container clear">
			<div class="button-confirmation-label">
				<span data-colrs-fat-controller-animation-message=""></span>
			</div>
		</div>
		<div class="button-confirmation-icon">
			<span class="icon-loading"></span>
		</div>
	</div>
	<!---->
	<p role="text" id="_proc_5924925P" class="accessibility" tabindex="-1"></p>
</div><!-- end colrsIf: fatControllerVM.showFatController -->

<!---->

</div>
	</div>
</strong></div><strong>

</strong></div><!---->
	<!---->
	<!---->
	<!---->
	<!---->
	<!---->
	<!---->
	<!---->
	<!---->
</div>

</div><!----><div class="colrs-animate tile-animate" data-ng-class="::{'tile-stagger': (productListVM.widget.searchInfo.currentPage > 1)}" data-ng-repeat="tile in productListVM.widget.tiles" data-colrs-tile="">
	
<div id="tile_colrsCatalogEntryListWidget_Data_2_3074457345618260154_3074457345618264559_31" data-tile-seq-no="28" data-ng-switch="::tile.type">
	<!----><div data-ng-switch-when="product" tile="tile" data-colrs-product-tile="">
	
<div class="product product-specials" data-colrs-product-style="::tile.data" data-ng-class="::{'has-merch-assoc':(productTileVM.context !== 'MODAL' &amp;&amp; product.productAssociation.isVisible &amp;&amp; product.productAssociation.isFromAssociation) || (tile.isTPB &amp;&amp; tile.hasTPBMerchAssociation), 'product-specials': tile.isTPB, 'has-flag': product.showAsUnavailable}" data-ng-hide="productTileVM.context === 'MODAL' &amp;&amp; product.showAsUnavailable &amp;&amp; !(product.isSizesVarieties)" aria-hidden="false">
	
	<!---->
 	<!---->
	<!---->
    
    <!---->
	<!---->
	<header role="presentation" class="product-header" data-colrs-product-header="">
		<!----><div class="product-icons" data-ng-if="::(product.badges.length &amp;&amp; ((productTileVM.context !== 'MODAL') || (productTileVM.hasProductTicketType &amp;&amp; productTileVM.context === 'MODAL')))">
			
			<!----><svg focusable="false" class="icon icon-specials-badge" role="presentation" aria-hidden="true"><use xmlns:xlink="http://www.w3.org/1999/xlink" xlink:href="#icon-specials-badge"></use></svg><!---->
		</div><!---->
		<!----><div class="product-image-container" data-ng-if="::productTileVM.context !== 'MODAL'">
			<!---->
	        <a class="product-image-link" data-ng-attr-href="{{::productTileVM.pdpHref}}" data-ng-click="productTileVM.openProduct($event)" href="/a/richmond-south/product/kelloggs-cereal-sustain-original">
	            <div class="product-image">
					<span role="text">
						<img alt="Kellogg's Sustain Breakfast Cereal with Whole Grain Flakes 480g on special" data-ng-src="/wcsstore/Coles-CAS/images/8/4/9/8494174-th.jpg" data-colrs-def-product-image="" aria-hidden="true" role="presentation" src="/wcsstore/Coles-CAS/images/8/4/9/8494174-th.jpg">
						<span class="accessibility-inline">Kellogg's Sustain Breakfast Cereal with Whole Grain Flakes 480g on special</span>
					</span>
	            </div>
	        </a>
	    </div><!---->
	    <div class="product-main-info">
		    <!----><div data-ng-if="productTileVM.context !== 'MODAL'" class="accessibility-inline" data-colrs-page-focus-point="next_product28" colrs-product-option-temp-message=""></div><!---->
	    	<h3 class="product-title" data-ng-class="::{'product-no-desc': !product.showOnlineSizeDesc, 'short-width-title': product.hasRoundelPromo &amp;&amp; productTileVM.context !== 'MODAL'}" data-ng-attr-data-partnumber="{{::product.partNumber}}" data-ng-attr-data-itemid="{{::product.singleSKUCatalogEntryID}}" data-partnumber="8494174P" data-itemid="165863">
				<a data-ng-attr-href="{{::productTileVM.pdpHref}}" data-ng-click="productTileVM.openProduct($event)" href="/a/richmond-south/product/kelloggs-cereal-sustain-original">
					<span role="text">
						<!---->
						<span class="product-brand" data-ng-bind="::product.displayBrandText">Kellogg's</span>
						<span class="product-name" data-ng-bind="::product.displayNameText">Sustain Breakfast Cereal with Whole Grain Flakes</span>
						<span class="package-size accessibility-inline" data-ng-bind="::product.prodA11yHeadingSuffix">480g on special</span>
						<!---->
						<!---->
						<!---->
					</span>
				</a>
			</h3>
			<!---->
			<!----><span class="product-pricing-info" role="text" data-ng-if="::!product.price.isNaN">
	            <span class="price-container">
	            	<!---->
	            	<!--To reduce the space between $ and Hero price for Accessibility, combined span tags in same line-->
	            	<span class="currency-sign">$</span><span class="dollar-value" data-ng-bind="::product.price.dollarValue">2</span><span class="cent-value">.85</span>
	                <!---->
	            </span>
	            
               <!----><span class="saving-container" data-colrs-if="((productTileVM.defaultOption.hasDiscount()  &amp;&amp; !product.isMultiBuyPromo &amp;&amp; !product.tickettypeObject.isRedRing) || productTileVM.product.hasDownDown)">
                    <!----><span class="product-saving" data-colrs-if="!productTileVM.product.hasDownDown &amp;&amp; productTileVM.product.tickettype != 'X'">
                        <span class="product-save-prefix">
                            save
                        </span>
                        <span class="product-save-value">
                            <strong>$2.85</strong>
                        </span>
                    </span><!-- end colrsIf: !productTileVM.product.hasDownDown && productTileVM.product.tickettype != 'X' -->
                    <!----><strong>
                </strong></span><!-- end colrsIf: ((productTileVM.defaultOption.hasDiscount()  && !product.isMultiBuyPromo && !product.tickettypeObject.isRedRing) || productTileVM.product.hasDownDown) --><strong>
               
	        </strong></span><!----><strong>
	        <!---->
		</strong></div><strong>
        <div class="product-info">
			<p tabindex="-1">
				<!----><span class="package-size" aria-hidden="true" data-ng-if="::product.showOnlineSizeDesc" data-ng-bind="::product.sizeDescription">480g</span><!---->
				<!----><span class="delimeter" role="presentation" aria-hidden="true" data-ng-if="::(product.showOnlineSizeDesc &amp;&amp; product.unitPrice)"></span><!---->
				<span role="text">
					<span class="package-price" data-ng-bind="::product.unitPrice">$0.59 per 100G</span>
					<span class="accessibility-inline" data-ng-bind="::product.unitPriceA11y">Unit Price</span>
				</span>
			</p>
			<!---->
			<!---->
		</div>
		<!---->
	    <div class="product-price-estimate" data-colrs-product-price-estimate="" data-product="product">
	
<button class="action-alert-active ng-hide" role="text" data-ng-show="::colrsProductPriceEstimateVM.product.isWeightedItem" data-colrs-click="colrsProductPriceEstimateVM.showPriceAlertMessage()" aria-hidden="true">
    <svg focusable="false" class="icon icon-info-circle" aria-hidden="true" role="presentation">
        <use xlink:href="#icon-info-circle"></use>
    </svg>
    <span class="product-price-estimate-text">
	    Price is an estimate
		<span class="accessibility-inline">
			<!----> 
			<!---->
		</span>
	</span>
</button>
<div class="alert" aria-hidden="true" role="alert" data-ng-blur="colrsProductPriceEstimateVM.closePriceAlertMessageOnBodyClick($event)" data-ng-keydown="colrsProductPriceEstimateVM.alertKeyHandler($event)">
	<div class="alert-wrapper alert-information" data-colrs-click-ignore=""> 
		<span class="arrow"></span>
         <div class="close is-dark">
             <a data-ng-href="" class="popup-close" title="pop up" data-ng-click="colrsProductPriceEstimateVM.hidePriceAlertMessage()">
                 <svg role="presentation" focusable="false" class="icon icon-cross" aria-hidden="true">
                     <use xmlns:xlink="http://www.w3.org/1999/xlink" xlink:href="#icon-cross"></use>
                 </svg>
             </a>
         </div>
		<div class="alert-content">
			<!----> 
			<!---->
		</div>
	</div>
</div>

</div>
	    <!---->
	</strong></header><strong>
	<!---->
	<!----><div class="product-assoc-link" data-ng-class="{'isVisible': product.assocIsVisible}" data-colrs-product-assoc-link="" data-product="product" data-ng-if="productTileVM.context !== 'MODAL' &amp;&amp; !product.showAsUnavailable">
	
<button class="assoc-link-btn" data-ng-click="productAssocLinkVM.openSizesAndVarietiesModal($event, productAssocLinkVM.product)">
	<span role="text">
		<span data-ng-bind-html="productAssocLinkVM.assocLinkTxt"></span>
		<svg focusable="false" class="icon icon-arrow" role="presentation" aria-hidden="true">
		    <use xmlns:xlink="http://www.w3.org/1999/xlink" xlink:href="#icon-arrow"></use>
		</svg>
	</span>
</button>


</div><!---->
	<!-- Fat controller and lists container -->
	<div class="product-actions-container">
		<!----><div class="product-options-container" data-ng-if="productTileVM.context !== 'MODAL'" data-colrs-product-options="">
	
<!---->

</div><!---->
		<!---->
		<div class="fat-controller is-full-width" data-ng-class="{'is-full-width':!productTileVM.isRegistered}" data-container="tile" data-product="product" data-context="" data-show-savings="false" data-colrs-fat-controller="">
	
<ng-transclude></ng-transclude>
<!----><div class="fc-button" data-colrs-fat-controller-container="" data-colrs-if="fatControllerVM.showFatController" data-ng-class="{'is-expanded': fatControllerVM.isExpanded}">
	<div class="button-main-container clear" data-colrs-fat-controller-responsive="">
		<!---->
		<!---->
		<!----><button type="submit" id="_btn_8494174P" class="button button-main" data-colrs-if="(fatControllerVM.defaultType === 'STANDARD')" data-colrs-fat-controller-button="" data-colrs-fat-controller-button-main="" data-colrs-click="fatControllerVM.toggleItem()">
	
<!---->
<!----><span class="button-main-inner" data-colrs-if="!fatControllerVM.isInTrolley()" ng-transclude="">
			
			<span class="product-cta" aria-hidden="true" data-colrs-fat-controller-responsive-component="Add">
				Add
			</span>
			<span class="accessibility">Add</span>
			<span class="product-qty">1</span>
			<span class="accessibility" data-ng-bind="::fatControllerVM.product.prodA11yHeading">Kellogg's Sustain Breakfast Cereal with Whole Grain Flakes 480g on special</span>
			<span class="product-text">for</span>
			<strong class="product-price">$2.85</strong>
			<span class="accessibility">to the trolley.</span>
			
			<!-- 
			<span class="product-saving" aria-hidden="true" data-colrs-if="fatControllerVM.defaultOption.hasDiscount()"
					data-colrs-fat-controller-responsive-component="Save">
				save 
				<strong>{{fatControllerVM.defaultOption.formattedDiscount}}</strong>
			</span>
			
			<span class="accessibility" data-colrs-if="fatControllerVM.defaultOption.hasDiscount()">
				save 
				{{fatControllerVM.defaultOption.formattedDiscount}}
			</span>
			-->
		</span><!-- end colrsIf: !fatControllerVM.isInTrolley() -->

</button><!-- end colrsIf: (fatControllerVM.defaultType === 'STANDARD') -->
	</div>
	<button id="_down_8494174P" class="button button-down" aria-expanded="false" data-colrs-fat-controller-button="" data-colrs-click="fatControllerVM.toggleSelect()" data-ng-blur="fatControllerVM.resetAnnounceElements(fatControllerVM.product.partNumber)">
		<svg focusable="false" class="icon icon-dropdown-small" role="presentation" aria-hidden="true">
			<use xlink:href="#icon-dropdown-small"></use>
		</svg>
		<span class="accessibility" id="_announce_8494174P"></span>
		<span class="accessibility"><br>choose a different quantity for</span>
		<span class="accessibility" data-ng-bind="::fatControllerVM.product.prodA11yHeading">Kellogg's Sustain Breakfast Cereal with Whole Grain Flakes 480g on special</span>
	</button>
	<div class="button-confirmation">
		<div class="button-confirmation-container clear">
			<div class="button-confirmation-label">
				<span data-colrs-fat-controller-animation-message=""></span>
			</div>
		</div>
		<div class="button-confirmation-icon">
			<span class="icon-loading"></span>
		</div>
	</div>
	<!---->
	<p role="text" id="_proc_8494174P" class="accessibility" tabindex="-1"></p>
</div><!-- end colrsIf: fatControllerVM.showFatController -->

<!---->

</div>
	</div>
</strong></div><strong>

</strong></div><!---->
	<!---->
	<!---->
	<!---->
	<!---->
	<!---->
	<!---->
	<!---->
	<!---->
</div>

</div><!----><div class="colrs-animate tile-animate" data-ng-class="::{'tile-stagger': (productListVM.widget.searchInfo.currentPage > 1)}" data-ng-repeat="tile in productListVM.widget.tiles" data-colrs-tile="">
	
<div id="tile_colrsCatalogEntryListWidget_Data_2_3074457345618260154_3074457345618264559_32" data-tile-seq-no="29" data-ng-switch="::tile.type">
	<!----><div data-ng-switch-when="product" tile="tile" data-colrs-product-tile="">
	
<div class="product product-specials" data-colrs-product-style="::tile.data" data-ng-class="::{'has-merch-assoc':(productTileVM.context !== 'MODAL' &amp;&amp; product.productAssociation.isVisible &amp;&amp; product.productAssociation.isFromAssociation) || (tile.isTPB &amp;&amp; tile.hasTPBMerchAssociation), 'product-specials': tile.isTPB, 'has-flag': product.showAsUnavailable}" data-ng-hide="productTileVM.context === 'MODAL' &amp;&amp; product.showAsUnavailable &amp;&amp; !(product.isSizesVarieties)" aria-hidden="false">
	
	<!---->
 	<!---->
	<!---->
    
    <!---->
	<!---->
	<header role="presentation" class="product-header" data-colrs-product-header="">
		<!----><div class="product-icons" data-ng-if="::(product.badges.length &amp;&amp; ((productTileVM.context !== 'MODAL') || (productTileVM.hasProductTicketType &amp;&amp; productTileVM.context === 'MODAL')))">
			
			<!----><svg focusable="false" class="icon icon-specials-badge" role="presentation" aria-hidden="true"><use xmlns:xlink="http://www.w3.org/1999/xlink" xlink:href="#icon-specials-badge"></use></svg><!---->
		</div><!---->
		<!----><div class="product-image-container" data-ng-if="::productTileVM.context !== 'MODAL'">
			<!---->
	        <a class="product-image-link" data-ng-attr-href="{{::productTileVM.pdpHref}}" data-ng-click="productTileVM.openProduct($event)" href="/a/richmond-south/product/shower-power-cleaner-trigger">
	            <div class="product-image">
					<span role="text">
						<img alt="Shower Power Regular Shower Cleaner Trigger Pack 500mL on special" data-ng-src="/wcsstore/Coles-CAS/images/8/4/5/8450204-th.jpg" data-colrs-def-product-image="" aria-hidden="true" role="presentation" src="/wcsstore/Coles-CAS/images/8/4/5/8450204-th.jpg">
						<span class="accessibility-inline">Shower Power Regular Shower Cleaner Trigger Pack 500mL on special</span>
					</span>
	            </div>
	        </a>
	    </div><!---->
	    <div class="product-main-info">
		    <!----><div data-ng-if="productTileVM.context !== 'MODAL'" class="accessibility-inline" data-colrs-page-focus-point="next_product29" colrs-product-option-temp-message=""></div><!---->
	    	<h3 class="product-title" data-ng-class="::{'product-no-desc': !product.showOnlineSizeDesc, 'short-width-title': product.hasRoundelPromo &amp;&amp; productTileVM.context !== 'MODAL'}" data-ng-attr-data-partnumber="{{::product.partNumber}}" data-ng-attr-data-itemid="{{::product.singleSKUCatalogEntryID}}" data-partnumber="8450204P" data-itemid="116613">
				<a data-ng-attr-href="{{::productTileVM.pdpHref}}" data-ng-click="productTileVM.openProduct($event)" href="/a/richmond-south/product/shower-power-cleaner-trigger">
					<span role="text">
						<!---->
						<span class="product-brand" data-ng-bind="::product.displayBrandText">Shower Power</span>
						<span class="product-name" data-ng-bind="::product.displayNameText">Regular Shower Cleaner Trigger Pack</span>
						<span class="package-size accessibility-inline" data-ng-bind="::product.prodA11yHeadingSuffix">500mL on special</span>
						<!---->
						<!---->
						<!---->
					</span>
				</a>
			</h3>
			<!---->
			<!----><span class="product-pricing-info" role="text" data-ng-if="::!product.price.isNaN">
	            <span class="price-container">
	            	<!---->
	            	<!--To reduce the space between $ and Hero price for Accessibility, combined span tags in same line-->
	            	<span class="currency-sign">$</span><span class="dollar-value" data-ng-bind="::product.price.dollarValue">3</span><span class="cent-value">.42</span>
	                <!---->
	            </span>
	            
               <!----><span class="saving-container" data-colrs-if="((productTileVM.defaultOption.hasDiscount()  &amp;&amp; !product.isMultiBuyPromo &amp;&amp; !product.tickettypeObject.isRedRing) || productTileVM.product.hasDownDown)">
                    <!----><span class="product-saving" data-colrs-if="!productTileVM.product.hasDownDown &amp;&amp; productTileVM.product.tickettype != 'X'">
                        <span class="product-save-prefix">
                            save
                        </span>
                        <span class="product-save-value">
                            <strong>$3.43</strong>
                        </span>
                    </span><!-- end colrsIf: !productTileVM.product.hasDownDown && productTileVM.product.tickettype != 'X' -->
                    <!----><strong>
                </strong></span><!-- end colrsIf: ((productTileVM.defaultOption.hasDiscount()  && !product.isMultiBuyPromo && !product.tickettypeObject.isRedRing) || productTileVM.product.hasDownDown) --><strong>
               
	        </strong></span><!----><strong>
	        <!---->
		</strong></div><strong>
        <div class="product-info">
			<p tabindex="-1">
				<!----><span class="package-size" aria-hidden="true" data-ng-if="::product.showOnlineSizeDesc" data-ng-bind="::product.sizeDescription">500mL</span><!---->
				<!----><span class="delimeter" role="presentation" aria-hidden="true" data-ng-if="::(product.showOnlineSizeDesc &amp;&amp; product.unitPrice)"></span><!---->
				<span role="text">
					<span class="package-price" data-ng-bind="::product.unitPrice">$0.68 per 100mL</span>
					<span class="accessibility-inline" data-ng-bind="::product.unitPriceA11y">Unit Price</span>
				</span>
			</p>
			<!---->
			<!---->
		</div>
		<!---->
	    <div class="product-price-estimate" data-colrs-product-price-estimate="" data-product="product">
	
<button class="action-alert-active ng-hide" role="text" data-ng-show="::colrsProductPriceEstimateVM.product.isWeightedItem" data-colrs-click="colrsProductPriceEstimateVM.showPriceAlertMessage()" aria-hidden="true">
    <svg focusable="false" class="icon icon-info-circle" aria-hidden="true" role="presentation">
        <use xlink:href="#icon-info-circle"></use>
    </svg>
    <span class="product-price-estimate-text">
	    Price is an estimate
		<span class="accessibility-inline">
			<!----> 
			<!---->
		</span>
	</span>
</button>
<div class="alert" aria-hidden="true" role="alert" data-ng-blur="colrsProductPriceEstimateVM.closePriceAlertMessageOnBodyClick($event)" data-ng-keydown="colrsProductPriceEstimateVM.alertKeyHandler($event)">
	<div class="alert-wrapper alert-information" data-colrs-click-ignore=""> 
		<span class="arrow"></span>
         <div class="close is-dark">
             <a data-ng-href="" class="popup-close" title="pop up" data-ng-click="colrsProductPriceEstimateVM.hidePriceAlertMessage()">
                 <svg role="presentation" focusable="false" class="icon icon-cross" aria-hidden="true">
                     <use xmlns:xlink="http://www.w3.org/1999/xlink" xlink:href="#icon-cross"></use>
                 </svg>
             </a>
         </div>
		<div class="alert-content">
			<!----> 
			<!---->
		</div>
	</div>
</div>

</div>
	    <!---->
	</strong></header><strong>
	<!---->
	<!----><div class="product-assoc-link" data-ng-class="{'isVisible': product.assocIsVisible}" data-colrs-product-assoc-link="" data-product="product" data-ng-if="productTileVM.context !== 'MODAL' &amp;&amp; !product.showAsUnavailable">
	
<button class="assoc-link-btn" data-ng-click="productAssocLinkVM.openSizesAndVarietiesModal($event, productAssocLinkVM.product)">
	<span role="text">
		<span data-ng-bind-html="productAssocLinkVM.assocLinkTxt"></span>
		<svg focusable="false" class="icon icon-arrow" role="presentation" aria-hidden="true">
		    <use xmlns:xlink="http://www.w3.org/1999/xlink" xlink:href="#icon-arrow"></use>
		</svg>
	</span>
</button>


</div><!---->
	<!-- Fat controller and lists container -->
	<div class="product-actions-container">
		<!----><div class="product-options-container" data-ng-if="productTileVM.context !== 'MODAL'" data-colrs-product-options="">
	
<!---->

</div><!---->
		<!---->
		<div class="fat-controller is-full-width" data-ng-class="{'is-full-width':!productTileVM.isRegistered}" data-container="tile" data-product="product" data-context="" data-show-savings="false" data-colrs-fat-controller="">
	
<ng-transclude></ng-transclude>
<!----><div class="fc-button" data-colrs-fat-controller-container="" data-colrs-if="fatControllerVM.showFatController" data-ng-class="{'is-expanded': fatControllerVM.isExpanded}">
	<div class="button-main-container clear" data-colrs-fat-controller-responsive="">
		<!---->
		<!---->
		<!----><button type="submit" id="_btn_8450204P" class="button button-main" data-colrs-if="(fatControllerVM.defaultType === 'STANDARD')" data-colrs-fat-controller-button="" data-colrs-fat-controller-button-main="" data-colrs-click="fatControllerVM.toggleItem()">
	
<!---->
<!----><span class="button-main-inner" data-colrs-if="!fatControllerVM.isInTrolley()" ng-transclude="">
			
			<span class="product-cta" aria-hidden="true" data-colrs-fat-controller-responsive-component="Add">
				Add
			</span>
			<span class="accessibility">Add</span>
			<span class="product-qty">1</span>
			<span class="accessibility" data-ng-bind="::fatControllerVM.product.prodA11yHeading">Shower Power Regular Shower Cleaner Trigger Pack 500mL on special</span>
			<span class="product-text">for</span>
			<strong class="product-price">$3.42</strong>
			<span class="accessibility">to the trolley.</span>
			
			<!-- 
			<span class="product-saving" aria-hidden="true" data-colrs-if="fatControllerVM.defaultOption.hasDiscount()"
					data-colrs-fat-controller-responsive-component="Save">
				save 
				<strong>{{fatControllerVM.defaultOption.formattedDiscount}}</strong>
			</span>
			
			<span class="accessibility" data-colrs-if="fatControllerVM.defaultOption.hasDiscount()">
				save 
				{{fatControllerVM.defaultOption.formattedDiscount}}
			</span>
			-->
		</span><!-- end colrsIf: !fatControllerVM.isInTrolley() -->

</button><!-- end colrsIf: (fatControllerVM.defaultType === 'STANDARD') -->
	</div>
	<button id="_down_8450204P" class="button button-down" aria-expanded="false" data-colrs-fat-controller-button="" data-colrs-click="fatControllerVM.toggleSelect()" data-ng-blur="fatControllerVM.resetAnnounceElements(fatControllerVM.product.partNumber)">
		<svg focusable="false" class="icon icon-dropdown-small" role="presentation" aria-hidden="true">
			<use xlink:href="#icon-dropdown-small"></use>
		</svg>
		<span class="accessibility" id="_announce_8450204P"></span>
		<span class="accessibility"><br>choose a different quantity for</span>
		<span class="accessibility" data-ng-bind="::fatControllerVM.product.prodA11yHeading">Shower Power Regular Shower Cleaner Trigger Pack 500mL on special</span>
	</button>
	<div class="button-confirmation">
		<div class="button-confirmation-container clear">
			<div class="button-confirmation-label">
				<span data-colrs-fat-controller-animation-message=""></span>
			</div>
		</div>
		<div class="button-confirmation-icon">
			<span class="icon-loading"></span>
		</div>
	</div>
	<!---->
	<p role="text" id="_proc_8450204P" class="accessibility" tabindex="-1"></p>
</div><!-- end colrsIf: fatControllerVM.showFatController -->

<!---->

</div>
	</div>
</strong></div><strong>

</strong></div><!---->
	<!---->
	<!---->
	<!---->
	<!---->
	<!---->
	<!---->
	<!---->
	<!---->
</div>

</div><!----><div class="colrs-animate tile-animate" data-ng-class="::{'tile-stagger': (productListVM.widget.searchInfo.currentPage > 1)}" data-ng-repeat="tile in productListVM.widget.tiles" data-colrs-tile="">
	
<div id="tile_colrsCatalogEntryListWidget_Data_2_3074457345618260154_3074457345618264559_33" data-tile-seq-no="30" data-ng-switch="::tile.type">
	<!----><div data-ng-switch-when="product" tile="tile" data-colrs-product-tile="">
	
<div class="product has-flag product-specials" data-colrs-product-style="::tile.data" data-ng-class="::{'has-merch-assoc':(productTileVM.context !== 'MODAL' &amp;&amp; product.productAssociation.isVisible &amp;&amp; product.productAssociation.isFromAssociation) || (tile.isTPB &amp;&amp; tile.hasTPBMerchAssociation), 'product-specials': tile.isTPB, 'has-flag': product.showAsUnavailable}" data-ng-hide="productTileVM.context === 'MODAL' &amp;&amp; product.showAsUnavailable &amp;&amp; !(product.isSizesVarieties)" aria-hidden="false">
	
	<!---->
 	<!---->
	<!---->
    
    <!---->
	<!---->
	<header role="presentation" class="product-header" data-colrs-product-header="">
		<!----><div class="product-icons" data-ng-if="::(product.badges.length &amp;&amp; ((productTileVM.context !== 'MODAL') || (productTileVM.hasProductTicketType &amp;&amp; productTileVM.context === 'MODAL')))">
			
			<!----><svg focusable="false" class="icon icon-specials-badge" role="presentation" aria-hidden="true"><use xmlns:xlink="http://www.w3.org/1999/xlink" xlink:href="#icon-specials-badge"></use></svg><!---->
		</div><!---->
		<!----><div class="product-image-container" data-ng-if="::productTileVM.context !== 'MODAL'">
			<!---->
	        <a class="product-image-link" data-ng-attr-href="{{::productTileVM.pdpHref}}" data-ng-click="productTileVM.openProduct($event)" href="/a/richmond-south/product/continental-pasta-sauce-bacon-carbonara">
	            <div class="product-image">
					<span role="text">
						<img alt="Continental Pasta &amp; Sauce Creamy Bacon Carbonara 85g on special" data-ng-src="/wcsstore/Coles-CAS/images/4/7/2/4725694-th.jpg" data-colrs-def-product-image="" aria-hidden="true" role="presentation" src="/wcsstore/Coles-CAS/images/4/7/2/4725694-th.jpg">
						<span class="accessibility-inline">Continental Pasta &amp; Sauce Creamy Bacon Carbonara 85g on special</span>
					</span>
	            </div>
	        </a>
	    </div><!---->
	    <div class="product-main-info">
		    <!----><div data-ng-if="productTileVM.context !== 'MODAL'" class="accessibility-inline" data-colrs-page-focus-point="next_product30" colrs-product-option-temp-message=""></div><!---->
	    	<h3 class="product-title" data-ng-class="::{'product-no-desc': !product.showOnlineSizeDesc, 'short-width-title': product.hasRoundelPromo &amp;&amp; productTileVM.context !== 'MODAL'}" data-ng-attr-data-partnumber="{{::product.partNumber}}" data-ng-attr-data-itemid="{{::product.singleSKUCatalogEntryID}}" data-partnumber="4725694P" data-itemid="142728">
				<a data-ng-attr-href="{{::productTileVM.pdpHref}}" data-ng-click="productTileVM.openProduct($event)" href="/a/richmond-south/product/continental-pasta-sauce-bacon-carbonara">
					<span role="text">
						<!---->
						<span class="product-brand" data-ng-bind="::product.displayBrandText">Continental</span>
						<span class="product-name" data-ng-bind="::product.displayNameText">Pasta &amp; Sauce Creamy Bacon Carbonara</span>
						<span class="package-size accessibility-inline" data-ng-bind="::product.prodA11yHeadingSuffix">85g on special</span>
						<!---->
						<!---->
						<!---->
					</span>
				</a>
			</h3>
			<!---->
			<!----><span class="product-pricing-info" role="text" data-ng-if="::!product.price.isNaN">
	            <span class="price-container">
	            	<!---->
	            	<!--To reduce the space between $ and Hero price for Accessibility, combined span tags in same line-->
	            	<span class="currency-sign">$</span><span class="dollar-value" data-ng-bind="::product.price.dollarValue">1</span><span class="cent-value">.00</span>
	                <!---->
	            </span>
	            
               <!----><span class="saving-container" data-colrs-if="((productTileVM.defaultOption.hasDiscount()  &amp;&amp; !product.isMultiBuyPromo &amp;&amp; !product.tickettypeObject.isRedRing) || productTileVM.product.hasDownDown)">
                    <!----><span class="product-saving" data-colrs-if="!productTileVM.product.hasDownDown &amp;&amp; productTileVM.product.tickettype != 'X'">
                        <span class="product-save-prefix">
                            save
                        </span>
                        <span class="product-save-value">
                            <strong>$1.10</strong>
                        </span>
                    </span><!-- end colrsIf: !productTileVM.product.hasDownDown && productTileVM.product.tickettype != 'X' -->
                    <!----><strong>
                </strong></span><!-- end colrsIf: ((productTileVM.defaultOption.hasDiscount()  && !product.isMultiBuyPromo && !product.tickettypeObject.isRedRing) || productTileVM.product.hasDownDown) --><strong>
               
	        </strong></span><!----><strong>
	        <!---->
		</strong></div><strong>
        <div class="product-info">
			<p tabindex="-1">
				<!----><span class="package-size" aria-hidden="true" data-ng-if="::product.showOnlineSizeDesc" data-ng-bind="::product.sizeDescription">85g</span><!---->
				<!----><span class="delimeter" role="presentation" aria-hidden="true" data-ng-if="::(product.showOnlineSizeDesc &amp;&amp; product.unitPrice)"></span><!---->
				<span role="text">
					<span class="package-price" data-ng-bind="::product.unitPrice">$1.18 per 100G</span>
					<span class="accessibility-inline" data-ng-bind="::product.unitPriceA11y">Unit Price</span>
				</span>
			</p>
			<!---->
			<!---->
		</div>
		<!---->
	    <div class="product-price-estimate" data-colrs-product-price-estimate="" data-product="product">
	
<button class="action-alert-active ng-hide" role="text" data-ng-show="::colrsProductPriceEstimateVM.product.isWeightedItem" data-colrs-click="colrsProductPriceEstimateVM.showPriceAlertMessage()" aria-hidden="true">
    <svg focusable="false" class="icon icon-info-circle" aria-hidden="true" role="presentation">
        <use xlink:href="#icon-info-circle"></use>
    </svg>
    <span class="product-price-estimate-text">
	    Price is an estimate
		<span class="accessibility-inline">
			<!----> 
			<!---->
		</span>
	</span>
</button>
<div class="alert" aria-hidden="true" role="alert" data-ng-blur="colrsProductPriceEstimateVM.closePriceAlertMessageOnBodyClick($event)" data-ng-keydown="colrsProductPriceEstimateVM.alertKeyHandler($event)">
	<div class="alert-wrapper alert-information" data-colrs-click-ignore=""> 
		<span class="arrow"></span>
         <div class="close is-dark">
             <a data-ng-href="" class="popup-close" title="pop up" data-ng-click="colrsProductPriceEstimateVM.hidePriceAlertMessage()">
                 <svg role="presentation" focusable="false" class="icon icon-cross" aria-hidden="true">
                     <use xmlns:xlink="http://www.w3.org/1999/xlink" xlink:href="#icon-cross"></use>
                 </svg>
             </a>
         </div>
		<div class="alert-content">
			<!----> 
			<!---->
		</div>
	</div>
</div>

</div>
	    <!---->
	</strong></header><strong>
	<!----><div class="product-desc" data-colrs-product-desc="" data-product="product" data-ng-if="(productTileVM.context !== 'MODAL' &amp;&amp; product.shortDescription) || (productTileVM.context !== 'MODAL' &amp;&amp; product.showAsUnavailable)">
	
<button class="product-desc-action ng-hide" role="text" aria-hidden="false" data-colrs-click="colrsProductDescVM.showPriceAlertMessage()" data-ng-show="::colrsProductDescVM.product.shortDescription">
    <span class="product-desc-text" data-ng-bind="::colrsProductDescVM.product.shortDescription" data-ng-class="{'short-desc': colrsProductDescVM.checkProductDescLength(colrsProductDescVM.product)}"></span>
</button>
<div class="alert" role="alert" aria-hidden="true" data-ng-blur="colrsProductDescVM.closePriceAlertMessageOnBodyClick($event)" data-ng-keydown="colrsProductDescVM.alertKeyHandler($event)">
    <div class="alert-wrapper alert-information" data-colrs-click-ignore="">
        <span class="arrow"></span>
         <div class="close is-dark">
             <a data-ng-href="" class="popup-close" title="pop up" data-ng-click="colrsProductDescVM.hidePriceAlertMessage()">
                 <svg role="presentation" focusable="false" class="icon icon-cross" aria-hidden="true">
                     <use xmlns:xlink="http://www.w3.org/1999/xlink" xlink:href="#icon-cross"></use>
                 </svg>
             </a>
         </div>
        <div class="alert-content">
            <p class="product-desc-text" ng-bind="::colrsProductDescVM.product.shortDescription" data-colrs-click-ignore=""></p>
        </div>
    </div>
</div>
<!----><div class="product-flag" data-colrs-if="colrsProductDescVM.product.showAsUnavailable">
	Temporarily unavailable
</div><!-- end colrsIf: colrsProductDescVM.product.showAsUnavailable -->

</div><!---->
	<!---->
	<!-- Fat controller and lists container -->
	<div class="product-actions-container">
		<!----><div class="product-options-container" data-ng-if="productTileVM.context !== 'MODAL'" data-colrs-product-options="">
	
<!---->

</div><!---->
		<!---->
		<div class="fat-controller is-full-width" data-ng-class="{'is-full-width':!productTileVM.isRegistered}" data-container="tile" data-product="product" data-context="" data-show-savings="false" data-colrs-fat-controller="">
	
<ng-transclude></ng-transclude>
<!---->

<!---->

</div>
	</div>
</strong></div><strong>

</strong></div><!---->
	<!---->
	<!---->
	<!---->
	<!---->
	<!---->
	<!---->
	<!---->
	<!---->
</div>

</div><!----><div class="colrs-animate tile-animate" data-ng-class="::{'tile-stagger': (productListVM.widget.searchInfo.currentPage > 1)}" data-ng-repeat="tile in productListVM.widget.tiles" data-colrs-tile="">
	
<div id="tile_colrsCatalogEntryListWidget_Data_2_3074457345618260154_3074457345618264559_34" data-tile-seq-no="31" data-ng-switch="::tile.type">
	<!----><div data-ng-switch-when="product" tile="tile" data-colrs-product-tile="">
	
<div class="product product-specials" data-colrs-product-style="::tile.data" data-ng-class="::{'has-merch-assoc':(productTileVM.context !== 'MODAL' &amp;&amp; product.productAssociation.isVisible &amp;&amp; product.productAssociation.isFromAssociation) || (tile.isTPB &amp;&amp; tile.hasTPBMerchAssociation), 'product-specials': tile.isTPB, 'has-flag': product.showAsUnavailable}" data-ng-hide="productTileVM.context === 'MODAL' &amp;&amp; product.showAsUnavailable &amp;&amp; !(product.isSizesVarieties)" aria-hidden="false">
	
	<!---->
 	<!---->
	<!---->
    
    <!---->
	<!---->
	<header role="presentation" class="product-header" data-colrs-product-header="">
		<!----><div class="product-icons" data-ng-if="::(product.badges.length &amp;&amp; ((productTileVM.context !== 'MODAL') || (productTileVM.hasProductTicketType &amp;&amp; productTileVM.context === 'MODAL')))">
			
			<!----><svg focusable="false" class="icon icon-specials-badge" role="presentation" aria-hidden="true"><use xmlns:xlink="http://www.w3.org/1999/xlink" xlink:href="#icon-specials-badge"></use></svg><!---->
		</div><!---->
		<!----><div class="product-image-container" data-ng-if="::productTileVM.context !== 'MODAL'">
			<!---->
	        <a class="product-image-link" data-ng-attr-href="{{::productTileVM.pdpHref}}" data-ng-click="productTileVM.openProduct($event)" href="/a/richmond-south/product/golden-wok-dim-sims-chicken-mini-frozen">
	            <div class="product-image">
					<span role="text">
						<img alt="Golden Wok Frozen Chicken Mini Dim Sim 660g on special" data-ng-src="/wcsstore/Coles-CAS/images/5/0/7/5077986-th.jpg" data-colrs-def-product-image="" aria-hidden="true" role="presentation" src="/wcsstore/Coles-CAS/images/5/0/7/5077986-th.jpg">
						<span class="accessibility-inline">Golden Wok Frozen Chicken Mini Dim Sim 660g on special</span>
					</span>
	            </div>
	        </a>
	    </div><!---->
	    <div class="product-main-info">
		    <!----><div data-ng-if="productTileVM.context !== 'MODAL'" class="accessibility-inline" data-colrs-page-focus-point="next_product31" colrs-product-option-temp-message=""></div><!---->
	    	<h3 class="product-title" data-ng-class="::{'product-no-desc': !product.showOnlineSizeDesc, 'short-width-title': product.hasRoundelPromo &amp;&amp; productTileVM.context !== 'MODAL'}" data-ng-attr-data-partnumber="{{::product.partNumber}}" data-ng-attr-data-itemid="{{::product.singleSKUCatalogEntryID}}" data-partnumber="5077986P" data-itemid="146840">
				<a data-ng-attr-href="{{::productTileVM.pdpHref}}" data-ng-click="productTileVM.openProduct($event)" href="/a/richmond-south/product/golden-wok-dim-sims-chicken-mini-frozen">
					<span role="text">
						<!---->
						<span class="product-brand" data-ng-bind="::product.displayBrandText">Golden Wok</span>
						<span class="product-name" data-ng-bind="::product.displayNameText">Frozen Chicken Mini Dim Sim</span>
						<span class="package-size accessibility-inline" data-ng-bind="::product.prodA11yHeadingSuffix">660g on special</span>
						<!---->
						<!---->
						<!---->
					</span>
				</a>
			</h3>
			<!---->
			<!----><span class="product-pricing-info" role="text" data-ng-if="::!product.price.isNaN">
	            <span class="price-container">
	            	<!---->
	            	<!--To reduce the space between $ and Hero price for Accessibility, combined span tags in same line-->
	            	<span class="currency-sign">$</span><span class="dollar-value" data-ng-bind="::product.price.dollarValue">5</span><span class="cent-value">.00</span>
	                <!---->
	            </span>
	            
               <!----><span class="saving-container" data-colrs-if="((productTileVM.defaultOption.hasDiscount()  &amp;&amp; !product.isMultiBuyPromo &amp;&amp; !product.tickettypeObject.isRedRing) || productTileVM.product.hasDownDown)">
                    <!----><span class="product-saving" data-colrs-if="!productTileVM.product.hasDownDown &amp;&amp; productTileVM.product.tickettype != 'X'">
                        <span class="product-save-prefix">
                            save
                        </span>
                        <span class="product-save-value">
                            <strong>$5.00</strong>
                        </span>
                    </span><!-- end colrsIf: !productTileVM.product.hasDownDown && productTileVM.product.tickettype != 'X' -->
                    <!----><strong>
                </strong></span><!-- end colrsIf: ((productTileVM.defaultOption.hasDiscount()  && !product.isMultiBuyPromo && !product.tickettypeObject.isRedRing) || productTileVM.product.hasDownDown) --><strong>
               
	        </strong></span><!----><strong>
	        <!---->
		</strong></div><strong>
        <div class="product-info">
			<p tabindex="-1">
				<!----><span class="package-size" aria-hidden="true" data-ng-if="::product.showOnlineSizeDesc" data-ng-bind="::product.sizeDescription">660g</span><!---->
				<!----><span class="delimeter" role="presentation" aria-hidden="true" data-ng-if="::(product.showOnlineSizeDesc &amp;&amp; product.unitPrice)"></span><!---->
				<span role="text">
					<span class="package-price" data-ng-bind="::product.unitPrice">$0.76 per 100G</span>
					<span class="accessibility-inline" data-ng-bind="::product.unitPriceA11y">Unit Price</span>
				</span>
			</p>
			<!---->
			<!---->
		</div>
		<!---->
	    <div class="product-price-estimate" data-colrs-product-price-estimate="" data-product="product">
	
<button class="action-alert-active ng-hide" role="text" data-ng-show="::colrsProductPriceEstimateVM.product.isWeightedItem" data-colrs-click="colrsProductPriceEstimateVM.showPriceAlertMessage()" aria-hidden="true">
    <svg focusable="false" class="icon icon-info-circle" aria-hidden="true" role="presentation">
        <use xlink:href="#icon-info-circle"></use>
    </svg>
    <span class="product-price-estimate-text">
	    Price is an estimate
		<span class="accessibility-inline">
			<!----> 
			<!---->
		</span>
	</span>
</button>
<div class="alert" aria-hidden="true" role="alert" data-ng-blur="colrsProductPriceEstimateVM.closePriceAlertMessageOnBodyClick($event)" data-ng-keydown="colrsProductPriceEstimateVM.alertKeyHandler($event)">
	<div class="alert-wrapper alert-information" data-colrs-click-ignore=""> 
		<span class="arrow"></span>
         <div class="close is-dark">
             <a data-ng-href="" class="popup-close" title="pop up" data-ng-click="colrsProductPriceEstimateVM.hidePriceAlertMessage()">
                 <svg role="presentation" focusable="false" class="icon icon-cross" aria-hidden="true">
                     <use xmlns:xlink="http://www.w3.org/1999/xlink" xlink:href="#icon-cross"></use>
                 </svg>
             </a>
         </div>
		<div class="alert-content">
			<!----> 
			<!---->
		</div>
	</div>
</div>

</div>
	    <!---->
	</strong></header><strong>
	<!---->
	<!----><div class="product-assoc-link" data-ng-class="{'isVisible': product.assocIsVisible}" data-colrs-product-assoc-link="" data-product="product" data-ng-if="productTileVM.context !== 'MODAL' &amp;&amp; !product.showAsUnavailable">
	
<button class="assoc-link-btn" data-ng-click="productAssocLinkVM.openSizesAndVarietiesModal($event, productAssocLinkVM.product)">
	<span role="text">
		<span data-ng-bind-html="productAssocLinkVM.assocLinkTxt"></span>
		<svg focusable="false" class="icon icon-arrow" role="presentation" aria-hidden="true">
		    <use xmlns:xlink="http://www.w3.org/1999/xlink" xlink:href="#icon-arrow"></use>
		</svg>
	</span>
</button>


</div><!---->
	<!-- Fat controller and lists container -->
	<div class="product-actions-container">
		<!----><div class="product-options-container" data-ng-if="productTileVM.context !== 'MODAL'" data-colrs-product-options="">
	
<!---->

</div><!---->
		<!---->
		<div class="fat-controller is-full-width" data-ng-class="{'is-full-width':!productTileVM.isRegistered}" data-container="tile" data-product="product" data-context="" data-show-savings="false" data-colrs-fat-controller="">
	
<ng-transclude></ng-transclude>
<!----><div class="fc-button" data-colrs-fat-controller-container="" data-colrs-if="fatControllerVM.showFatController" data-ng-class="{'is-expanded': fatControllerVM.isExpanded}">
	<div class="button-main-container clear" data-colrs-fat-controller-responsive="">
		<!---->
		<!---->
		<!----><button type="submit" id="_btn_5077986P" class="button button-main" data-colrs-if="(fatControllerVM.defaultType === 'STANDARD')" data-colrs-fat-controller-button="" data-colrs-fat-controller-button-main="" data-colrs-click="fatControllerVM.toggleItem()">
	
<!---->
<!----><span class="button-main-inner" data-colrs-if="!fatControllerVM.isInTrolley()" ng-transclude="">
			
			<span class="product-cta" aria-hidden="true" data-colrs-fat-controller-responsive-component="Add">
				Add
			</span>
			<span class="accessibility">Add</span>
			<span class="product-qty">1</span>
			<span class="accessibility" data-ng-bind="::fatControllerVM.product.prodA11yHeading">Golden Wok Frozen Chicken Mini Dim Sim 660g on special</span>
			<span class="product-text">for</span>
			<strong class="product-price">$5.00</strong>
			<span class="accessibility">to the trolley.</span>
			
			<!-- 
			<span class="product-saving" aria-hidden="true" data-colrs-if="fatControllerVM.defaultOption.hasDiscount()"
					data-colrs-fat-controller-responsive-component="Save">
				save 
				<strong>{{fatControllerVM.defaultOption.formattedDiscount}}</strong>
			</span>
			
			<span class="accessibility" data-colrs-if="fatControllerVM.defaultOption.hasDiscount()">
				save 
				{{fatControllerVM.defaultOption.formattedDiscount}}
			</span>
			-->
		</span><!-- end colrsIf: !fatControllerVM.isInTrolley() -->

</button><!-- end colrsIf: (fatControllerVM.defaultType === 'STANDARD') -->
	</div>
	<button id="_down_5077986P" class="button button-down" aria-expanded="false" data-colrs-fat-controller-button="" data-colrs-click="fatControllerVM.toggleSelect()" data-ng-blur="fatControllerVM.resetAnnounceElements(fatControllerVM.product.partNumber)">
		<svg focusable="false" class="icon icon-dropdown-small" role="presentation" aria-hidden="true">
			<use xlink:href="#icon-dropdown-small"></use>
		</svg>
		<span class="accessibility" id="_announce_5077986P"></span>
		<span class="accessibility"><br>choose a different quantity for</span>
		<span class="accessibility" data-ng-bind="::fatControllerVM.product.prodA11yHeading">Golden Wok Frozen Chicken Mini Dim Sim 660g on special</span>
	</button>
	<div class="button-confirmation">
		<div class="button-confirmation-container clear">
			<div class="button-confirmation-label">
				<span data-colrs-fat-controller-animation-message=""></span>
			</div>
		</div>
		<div class="button-confirmation-icon">
			<span class="icon-loading"></span>
		</div>
	</div>
	<!---->
	<p role="text" id="_proc_5077986P" class="accessibility" tabindex="-1"></p>
</div><!-- end colrsIf: fatControllerVM.showFatController -->

<!---->

</div>
	</div>
</strong></div><strong>

</strong></div><!---->
	<!---->
	<!---->
	<!---->
	<!---->
	<!---->
	<!---->
	<!---->
	<!---->
</div>

</div><!----><div class="colrs-animate tile-animate" data-ng-class="::{'tile-stagger': (productListVM.widget.searchInfo.currentPage > 1)}" data-ng-repeat="tile in productListVM.widget.tiles" data-colrs-tile="">
	
<div id="tile_colrsCatalogEntryListWidget_Data_2_3074457345618260154_3074457345618264559_35" data-tile-seq-no="32" data-ng-switch="::tile.type">
	<!----><div data-ng-switch-when="product" tile="tile" data-colrs-product-tile="">
	
<div class="product product-specials" data-colrs-product-style="::tile.data" data-ng-class="::{'has-merch-assoc':(productTileVM.context !== 'MODAL' &amp;&amp; product.productAssociation.isVisible &amp;&amp; product.productAssociation.isFromAssociation) || (tile.isTPB &amp;&amp; tile.hasTPBMerchAssociation), 'product-specials': tile.isTPB, 'has-flag': product.showAsUnavailable}" data-ng-hide="productTileVM.context === 'MODAL' &amp;&amp; product.showAsUnavailable &amp;&amp; !(product.isSizesVarieties)" aria-hidden="false">
	
	<!---->
 	<!---->
	<!---->
    
    <!---->
	<!---->
	<header role="presentation" class="product-header" data-colrs-product-header="">
		<!----><div class="product-icons" data-ng-if="::(product.badges.length &amp;&amp; ((productTileVM.context !== 'MODAL') || (productTileVM.hasProductTicketType &amp;&amp; productTileVM.context === 'MODAL')))">
			
			<!----><svg focusable="false" class="icon icon-specials-badge" role="presentation" aria-hidden="true"><use xmlns:xlink="http://www.w3.org/1999/xlink" xlink:href="#icon-specials-badge"></use></svg><!---->
		</div><!---->
		<!----><div class="product-image-container" data-ng-if="::productTileVM.context !== 'MODAL'">
			<!---->
	        <a class="product-image-link" data-ng-attr-href="{{::productTileVM.pdpHref}}" data-ng-click="productTileVM.openProduct($event)" href="/a/richmond-south/product/continental-pasta-sauce-alfredo">
	            <div class="product-image">
					<span role="text">
						<img alt="Continental Alfredo Pasta &amp; Sauce Serves 3 85g on special" data-ng-src="/wcsstore/Coles-CAS/images/4/7/2/4725708-th.jpg" data-colrs-def-product-image="" aria-hidden="true" role="presentation" src="/wcsstore/Coles-CAS/images/4/7/2/4725708-th.jpg">
						<span class="accessibility-inline">Continental Alfredo Pasta &amp; Sauce Serves 3 85g on special</span>
					</span>
	            </div>
	        </a>
	    </div><!---->
	    <div class="product-main-info">
		    <!----><div data-ng-if="productTileVM.context !== 'MODAL'" class="accessibility-inline" data-colrs-page-focus-point="next_product32" colrs-product-option-temp-message=""></div><!---->
	    	<h3 class="product-title" data-ng-class="::{'product-no-desc': !product.showOnlineSizeDesc, 'short-width-title': product.hasRoundelPromo &amp;&amp; productTileVM.context !== 'MODAL'}" data-ng-attr-data-partnumber="{{::product.partNumber}}" data-ng-attr-data-itemid="{{::product.singleSKUCatalogEntryID}}" data-partnumber="4725708P" data-itemid="144602">
				<a data-ng-attr-href="{{::productTileVM.pdpHref}}" data-ng-click="productTileVM.openProduct($event)" href="/a/richmond-south/product/continental-pasta-sauce-alfredo">
					<span role="text">
						<!---->
						<span class="product-brand" data-ng-bind="::product.displayBrandText">Continental</span>
						<span class="product-name" data-ng-bind="::product.displayNameText">Alfredo Pasta &amp; Sauce Serves 3</span>
						<span class="package-size accessibility-inline" data-ng-bind="::product.prodA11yHeadingSuffix">85g on special</span>
						<!---->
						<!---->
						<!---->
					</span>
				</a>
			</h3>
			<!---->
			<!----><span class="product-pricing-info" role="text" data-ng-if="::!product.price.isNaN">
	            <span class="price-container">
	            	<!---->
	            	<!--To reduce the space between $ and Hero price for Accessibility, combined span tags in same line-->
	            	<span class="currency-sign">$</span><span class="dollar-value" data-ng-bind="::product.price.dollarValue">1</span><span class="cent-value">.00</span>
	                <!---->
	            </span>
	            
               <!----><span class="saving-container" data-colrs-if="((productTileVM.defaultOption.hasDiscount()  &amp;&amp; !product.isMultiBuyPromo &amp;&amp; !product.tickettypeObject.isRedRing) || productTileVM.product.hasDownDown)">
                    <!----><span class="product-saving" data-colrs-if="!productTileVM.product.hasDownDown &amp;&amp; productTileVM.product.tickettype != 'X'">
                        <span class="product-save-prefix">
                            save
                        </span>
                        <span class="product-save-value">
                            <strong>$1.10</strong>
                        </span>
                    </span><!-- end colrsIf: !productTileVM.product.hasDownDown && productTileVM.product.tickettype != 'X' -->
                    <!----><strong>
                </strong></span><!-- end colrsIf: ((productTileVM.defaultOption.hasDiscount()  && !product.isMultiBuyPromo && !product.tickettypeObject.isRedRing) || productTileVM.product.hasDownDown) --><strong>
               
	        </strong></span><!----><strong>
	        <!---->
		</strong></div><strong>
        <div class="product-info">
			<p tabindex="-1">
				<!----><span class="package-size" aria-hidden="true" data-ng-if="::product.showOnlineSizeDesc" data-ng-bind="::product.sizeDescription">85g</span><!---->
				<!----><span class="delimeter" role="presentation" aria-hidden="true" data-ng-if="::(product.showOnlineSizeDesc &amp;&amp; product.unitPrice)"></span><!---->
				<span role="text">
					<span class="package-price" data-ng-bind="::product.unitPrice">$1.18 per 100G</span>
					<span class="accessibility-inline" data-ng-bind="::product.unitPriceA11y">Unit Price</span>
				</span>
			</p>
			<!---->
			<!---->
		</div>
		<!---->
	    <div class="product-price-estimate" data-colrs-product-price-estimate="" data-product="product">
	
<button class="action-alert-active ng-hide" role="text" data-ng-show="::colrsProductPriceEstimateVM.product.isWeightedItem" data-colrs-click="colrsProductPriceEstimateVM.showPriceAlertMessage()" aria-hidden="true">
    <svg focusable="false" class="icon icon-info-circle" aria-hidden="true" role="presentation">
        <use xlink:href="#icon-info-circle"></use>
    </svg>
    <span class="product-price-estimate-text">
	    Price is an estimate
		<span class="accessibility-inline">
			<!----> 
			<!---->
		</span>
	</span>
</button>
<div class="alert" aria-hidden="true" role="alert" data-ng-blur="colrsProductPriceEstimateVM.closePriceAlertMessageOnBodyClick($event)" data-ng-keydown="colrsProductPriceEstimateVM.alertKeyHandler($event)">
	<div class="alert-wrapper alert-information" data-colrs-click-ignore=""> 
		<span class="arrow"></span>
         <div class="close is-dark">
             <a data-ng-href="" class="popup-close" title="pop up" data-ng-click="colrsProductPriceEstimateVM.hidePriceAlertMessage()">
                 <svg role="presentation" focusable="false" class="icon icon-cross" aria-hidden="true">
                     <use xmlns:xlink="http://www.w3.org/1999/xlink" xlink:href="#icon-cross"></use>
                 </svg>
             </a>
         </div>
		<div class="alert-content">
			<!----> 
			<!---->
		</div>
	</div>
</div>

</div>
	    <!---->
	</strong></header><strong>
	<!---->
	<!----><div class="product-assoc-link" data-ng-class="{'isVisible': product.assocIsVisible}" data-colrs-product-assoc-link="" data-product="product" data-ng-if="productTileVM.context !== 'MODAL' &amp;&amp; !product.showAsUnavailable">
	
<button class="assoc-link-btn" data-ng-click="productAssocLinkVM.openSizesAndVarietiesModal($event, productAssocLinkVM.product)">
	<span role="text">
		<span data-ng-bind-html="productAssocLinkVM.assocLinkTxt"></span>
		<svg focusable="false" class="icon icon-arrow" role="presentation" aria-hidden="true">
		    <use xmlns:xlink="http://www.w3.org/1999/xlink" xlink:href="#icon-arrow"></use>
		</svg>
	</span>
</button>


</div><!---->
	<!-- Fat controller and lists container -->
	<div class="product-actions-container">
		<!----><div class="product-options-container" data-ng-if="productTileVM.context !== 'MODAL'" data-colrs-product-options="">
	
<!---->

</div><!---->
		<!---->
		<div class="fat-controller is-full-width" data-ng-class="{'is-full-width':!productTileVM.isRegistered}" data-container="tile" data-product="product" data-context="" data-show-savings="false" data-colrs-fat-controller="">
	
<ng-transclude></ng-transclude>
<!----><div class="fc-button" data-colrs-fat-controller-container="" data-colrs-if="fatControllerVM.showFatController" data-ng-class="{'is-expanded': fatControllerVM.isExpanded}">
	<div class="button-main-container clear" data-colrs-fat-controller-responsive="">
		<!---->
		<!---->
		<!----><button type="submit" id="_btn_4725708P" class="button button-main" data-colrs-if="(fatControllerVM.defaultType === 'STANDARD')" data-colrs-fat-controller-button="" data-colrs-fat-controller-button-main="" data-colrs-click="fatControllerVM.toggleItem()">
	
<!---->
<!----><span class="button-main-inner" data-colrs-if="!fatControllerVM.isInTrolley()" ng-transclude="">
			
			<span class="product-cta" aria-hidden="true" data-colrs-fat-controller-responsive-component="Add">
				Add
			</span>
			<span class="accessibility">Add</span>
			<span class="product-qty">1</span>
			<span class="accessibility" data-ng-bind="::fatControllerVM.product.prodA11yHeading">Continental Alfredo Pasta &amp; Sauce Serves 3 85g on special</span>
			<span class="product-text">for</span>
			<strong class="product-price">$1.00</strong>
			<span class="accessibility">to the trolley.</span>
			
			<!-- 
			<span class="product-saving" aria-hidden="true" data-colrs-if="fatControllerVM.defaultOption.hasDiscount()"
					data-colrs-fat-controller-responsive-component="Save">
				save 
				<strong>{{fatControllerVM.defaultOption.formattedDiscount}}</strong>
			</span>
			
			<span class="accessibility" data-colrs-if="fatControllerVM.defaultOption.hasDiscount()">
				save 
				{{fatControllerVM.defaultOption.formattedDiscount}}
			</span>
			-->
		</span><!-- end colrsIf: !fatControllerVM.isInTrolley() -->

</button><!-- end colrsIf: (fatControllerVM.defaultType === 'STANDARD') -->
	</div>
	<button id="_down_4725708P" class="button button-down" aria-expanded="false" data-colrs-fat-controller-button="" data-colrs-click="fatControllerVM.toggleSelect()" data-ng-blur="fatControllerVM.resetAnnounceElements(fatControllerVM.product.partNumber)">
		<svg focusable="false" class="icon icon-dropdown-small" role="presentation" aria-hidden="true">
			<use xlink:href="#icon-dropdown-small"></use>
		</svg>
		<span class="accessibility" id="_announce_4725708P"></span>
		<span class="accessibility"><br>choose a different quantity for</span>
		<span class="accessibility" data-ng-bind="::fatControllerVM.product.prodA11yHeading">Continental Alfredo Pasta &amp; Sauce Serves 3 85g on special</span>
	</button>
	<div class="button-confirmation">
		<div class="button-confirmation-container clear">
			<div class="button-confirmation-label">
				<span data-colrs-fat-controller-animation-message=""></span>
			</div>
		</div>
		<div class="button-confirmation-icon">
			<span class="icon-loading"></span>
		</div>
	</div>
	<!---->
	<p role="text" id="_proc_4725708P" class="accessibility" tabindex="-1"></p>
</div><!-- end colrsIf: fatControllerVM.showFatController -->

<!---->

</div>
	</div>
</strong></div><strong>

</strong></div><!---->
	<!---->
	<!---->
	<!---->
	<!---->
	<!---->
	<!---->
	<!---->
	<!---->
</div>

</div><!----><div class="colrs-animate tile-animate" data-ng-class="::{'tile-stagger': (productListVM.widget.searchInfo.currentPage > 1)}" data-ng-repeat="tile in productListVM.widget.tiles" data-colrs-tile="">
	
<div id="tile_colrsCatalogEntryListWidget_Data_2_3074457345618260154_3074457345618264559_36" data-tile-seq-no="33" data-ng-switch="::tile.type">
	<!----><div data-ng-switch-when="product" tile="tile" data-colrs-product-tile="">
	
<div class="product product-specials" data-colrs-product-style="::tile.data" data-ng-class="::{'has-merch-assoc':(productTileVM.context !== 'MODAL' &amp;&amp; product.productAssociation.isVisible &amp;&amp; product.productAssociation.isFromAssociation) || (tile.isTPB &amp;&amp; tile.hasTPBMerchAssociation), 'product-specials': tile.isTPB, 'has-flag': product.showAsUnavailable}" data-ng-hide="productTileVM.context === 'MODAL' &amp;&amp; product.showAsUnavailable &amp;&amp; !(product.isSizesVarieties)" aria-hidden="false">
	
	<!---->
 	<!---->
	<!---->
    
    <!---->
	<!---->
	<header role="presentation" class="product-header" data-colrs-product-header="">
		<!----><div class="product-icons" data-ng-if="::(product.badges.length &amp;&amp; ((productTileVM.context !== 'MODAL') || (productTileVM.hasProductTicketType &amp;&amp; productTileVM.context === 'MODAL')))">
			
			<!----><svg focusable="false" class="icon icon-specials-badge" role="presentation" aria-hidden="true"><use xmlns:xlink="http://www.w3.org/1999/xlink" xlink:href="#icon-specials-badge"></use></svg><!---->
		</div><!---->
		<!----><div class="product-image-container" data-ng-if="::productTileVM.context !== 'MODAL'">
			<!---->
	        <a class="product-image-link" data-ng-attr-href="{{::productTileVM.pdpHref}}" data-ng-click="productTileVM.openProduct($event)" href="/a/richmond-south/product/nescafe-cafe-menu-coffee-caramel-4461854p">
	            <div class="product-image">
					<span role="text">
						<img alt="Nescafe Caramel Latte Sachets 10 Pack 170g on special" data-ng-src="/wcsstore/Coles-CAS/images/4/4/6/4461854-th.jpg" data-colrs-def-product-image="" aria-hidden="true" role="presentation" src="/wcsstore/Coles-CAS/images/4/4/6/4461854-th.jpg">
						<span class="accessibility-inline">Nescafe Caramel Latte Sachets 10 Pack 170g on special</span>
					</span>
	            </div>
	        </a>
	    </div><!---->
	    <div class="product-main-info">
		    <!----><div data-ng-if="productTileVM.context !== 'MODAL'" class="accessibility-inline" data-colrs-page-focus-point="next_product33" colrs-product-option-temp-message=""></div><!---->
	    	<h3 class="product-title" data-ng-class="::{'product-no-desc': !product.showOnlineSizeDesc, 'short-width-title': product.hasRoundelPromo &amp;&amp; productTileVM.context !== 'MODAL'}" data-ng-attr-data-partnumber="{{::product.partNumber}}" data-ng-attr-data-itemid="{{::product.singleSKUCatalogEntryID}}" data-partnumber="4461854P" data-itemid="146583">
				<a data-ng-attr-href="{{::productTileVM.pdpHref}}" data-ng-click="productTileVM.openProduct($event)" href="/a/richmond-south/product/nescafe-cafe-menu-coffee-caramel-4461854p">
					<span role="text">
						<!---->
						<span class="product-brand" data-ng-bind="::product.displayBrandText">Nescafe</span>
						<span class="product-name" data-ng-bind="::product.displayNameText">Caramel Latte Sachets 10 Pack</span>
						<span class="package-size accessibility-inline" data-ng-bind="::product.prodA11yHeadingSuffix">170g on special</span>
						<!---->
						<!---->
						<!---->
					</span>
				</a>
			</h3>
			<!---->
			<!----><span class="product-pricing-info" role="text" data-ng-if="::!product.price.isNaN">
	            <span class="price-container">
	            	<!---->
	            	<!--To reduce the space between $ and Hero price for Accessibility, combined span tags in same line-->
	            	<span class="currency-sign">$</span><span class="dollar-value" data-ng-bind="::product.price.dollarValue">3</span><span class="cent-value">.15</span>
	                <!---->
	            </span>
	            
               <!----><span class="saving-container" data-colrs-if="((productTileVM.defaultOption.hasDiscount()  &amp;&amp; !product.isMultiBuyPromo &amp;&amp; !product.tickettypeObject.isRedRing) || productTileVM.product.hasDownDown)">
                    <!----><span class="product-saving" data-colrs-if="!productTileVM.product.hasDownDown &amp;&amp; productTileVM.product.tickettype != 'X'">
                        <span class="product-save-prefix">
                            save
                        </span>
                        <span class="product-save-value">
                            <strong>$3.15</strong>
                        </span>
                    </span><!-- end colrsIf: !productTileVM.product.hasDownDown && productTileVM.product.tickettype != 'X' -->
                    <!----><strong>
                </strong></span><!-- end colrsIf: ((productTileVM.defaultOption.hasDiscount()  && !product.isMultiBuyPromo && !product.tickettypeObject.isRedRing) || productTileVM.product.hasDownDown) --><strong>
               
	        </strong></span><!----><strong>
	        <!---->
		</strong></div><strong>
        <div class="product-info">
			<p tabindex="-1">
				<!----><span class="package-size" aria-hidden="true" data-ng-if="::product.showOnlineSizeDesc" data-ng-bind="::product.sizeDescription">170g</span><!---->
				<!----><span class="delimeter" role="presentation" aria-hidden="true" data-ng-if="::(product.showOnlineSizeDesc &amp;&amp; product.unitPrice)"></span><!---->
				<span role="text">
					<span class="package-price" data-ng-bind="::product.unitPrice">$1.85 per 100G</span>
					<span class="accessibility-inline" data-ng-bind="::product.unitPriceA11y">Unit Price</span>
				</span>
			</p>
			<!---->
			<!---->
		</div>
		<!---->
	    <div class="product-price-estimate" data-colrs-product-price-estimate="" data-product="product">
	
<button class="action-alert-active ng-hide" role="text" data-ng-show="::colrsProductPriceEstimateVM.product.isWeightedItem" data-colrs-click="colrsProductPriceEstimateVM.showPriceAlertMessage()" aria-hidden="true">
    <svg focusable="false" class="icon icon-info-circle" aria-hidden="true" role="presentation">
        <use xlink:href="#icon-info-circle"></use>
    </svg>
    <span class="product-price-estimate-text">
	    Price is an estimate
		<span class="accessibility-inline">
			<!----> 
			<!---->
		</span>
	</span>
</button>
<div class="alert" aria-hidden="true" role="alert" data-ng-blur="colrsProductPriceEstimateVM.closePriceAlertMessageOnBodyClick($event)" data-ng-keydown="colrsProductPriceEstimateVM.alertKeyHandler($event)">
	<div class="alert-wrapper alert-information" data-colrs-click-ignore=""> 
		<span class="arrow"></span>
         <div class="close is-dark">
             <a data-ng-href="" class="popup-close" title="pop up" data-ng-click="colrsProductPriceEstimateVM.hidePriceAlertMessage()">
                 <svg role="presentation" focusable="false" class="icon icon-cross" aria-hidden="true">
                     <use xmlns:xlink="http://www.w3.org/1999/xlink" xlink:href="#icon-cross"></use>
                 </svg>
             </a>
         </div>
		<div class="alert-content">
			<!----> 
			<!---->
		</div>
	</div>
</div>

</div>
	    <!---->
	</strong></header><strong>
	<!---->
	<!----><div class="product-assoc-link" data-ng-class="{'isVisible': product.assocIsVisible}" data-colrs-product-assoc-link="" data-product="product" data-ng-if="productTileVM.context !== 'MODAL' &amp;&amp; !product.showAsUnavailable">
	
<button class="assoc-link-btn" data-ng-click="productAssocLinkVM.openSizesAndVarietiesModal($event, productAssocLinkVM.product)">
	<span role="text">
		<span data-ng-bind-html="productAssocLinkVM.assocLinkTxt"></span>
		<svg focusable="false" class="icon icon-arrow" role="presentation" aria-hidden="true">
		    <use xmlns:xlink="http://www.w3.org/1999/xlink" xlink:href="#icon-arrow"></use>
		</svg>
	</span>
</button>


</div><!---->
	<!-- Fat controller and lists container -->
	<div class="product-actions-container">
		<!----><div class="product-options-container" data-ng-if="productTileVM.context !== 'MODAL'" data-colrs-product-options="">
	
<!---->

</div><!---->
		<!---->
		<div class="fat-controller is-full-width" data-ng-class="{'is-full-width':!productTileVM.isRegistered}" data-container="tile" data-product="product" data-context="" data-show-savings="false" data-colrs-fat-controller="">
	
<ng-transclude></ng-transclude>
<!----><div class="fc-button" data-colrs-fat-controller-container="" data-colrs-if="fatControllerVM.showFatController" data-ng-class="{'is-expanded': fatControllerVM.isExpanded}">
	<div class="button-main-container clear" data-colrs-fat-controller-responsive="">
		<!---->
		<!---->
		<!----><button type="submit" id="_btn_4461854P" class="button button-main" data-colrs-if="(fatControllerVM.defaultType === 'STANDARD')" data-colrs-fat-controller-button="" data-colrs-fat-controller-button-main="" data-colrs-click="fatControllerVM.toggleItem()">
	
<!---->
<!----><span class="button-main-inner" data-colrs-if="!fatControllerVM.isInTrolley()" ng-transclude="">
			
			<span class="product-cta" aria-hidden="true" data-colrs-fat-controller-responsive-component="Add">
				Add
			</span>
			<span class="accessibility">Add</span>
			<span class="product-qty">1</span>
			<span class="accessibility" data-ng-bind="::fatControllerVM.product.prodA11yHeading">Nescafe Caramel Latte Sachets 10 Pack 170g on special</span>
			<span class="product-text">for</span>
			<strong class="product-price">$3.15</strong>
			<span class="accessibility">to the trolley.</span>
			
			<!-- 
			<span class="product-saving" aria-hidden="true" data-colrs-if="fatControllerVM.defaultOption.hasDiscount()"
					data-colrs-fat-controller-responsive-component="Save">
				save 
				<strong>{{fatControllerVM.defaultOption.formattedDiscount}}</strong>
			</span>
			
			<span class="accessibility" data-colrs-if="fatControllerVM.defaultOption.hasDiscount()">
				save 
				{{fatControllerVM.defaultOption.formattedDiscount}}
			</span>
			-->
		</span><!-- end colrsIf: !fatControllerVM.isInTrolley() -->

</button><!-- end colrsIf: (fatControllerVM.defaultType === 'STANDARD') -->
	</div>
	<button id="_down_4461854P" class="button button-down" aria-expanded="false" data-colrs-fat-controller-button="" data-colrs-click="fatControllerVM.toggleSelect()" data-ng-blur="fatControllerVM.resetAnnounceElements(fatControllerVM.product.partNumber)">
		<svg focusable="false" class="icon icon-dropdown-small" role="presentation" aria-hidden="true">
			<use xlink:href="#icon-dropdown-small"></use>
		</svg>
		<span class="accessibility" id="_announce_4461854P"></span>
		<span class="accessibility"><br>choose a different quantity for</span>
		<span class="accessibility" data-ng-bind="::fatControllerVM.product.prodA11yHeading">Nescafe Caramel Latte Sachets 10 Pack 170g on special</span>
	</button>
	<div class="button-confirmation">
		<div class="button-confirmation-container clear">
			<div class="button-confirmation-label">
				<span data-colrs-fat-controller-animation-message=""></span>
			</div>
		</div>
		<div class="button-confirmation-icon">
			<span class="icon-loading"></span>
		</div>
	</div>
	<!---->
	<p role="text" id="_proc_4461854P" class="accessibility" tabindex="-1"></p>
</div><!-- end colrsIf: fatControllerVM.showFatController -->

<!---->

</div>
	</div>
</strong></div><strong>

</strong></div><!---->
	<!---->
	<!---->
	<!---->
	<!---->
	<!---->
	<!---->
	<!---->
	<!---->
</div>

</div><!----><div class="colrs-animate tile-animate" data-ng-class="::{'tile-stagger': (productListVM.widget.searchInfo.currentPage > 1)}" data-ng-repeat="tile in productListVM.widget.tiles" data-colrs-tile="">
	
<div id="tile_colrsCatalogEntryListWidget_Data_2_3074457345618260154_3074457345618264559_37" data-tile-seq-no="34" data-ng-switch="::tile.type">
	<!----><div data-ng-switch-when="product" tile="tile" data-colrs-product-tile="">
	
<div class="product product-specials" data-colrs-product-style="::tile.data" data-ng-class="::{'has-merch-assoc':(productTileVM.context !== 'MODAL' &amp;&amp; product.productAssociation.isVisible &amp;&amp; product.productAssociation.isFromAssociation) || (tile.isTPB &amp;&amp; tile.hasTPBMerchAssociation), 'product-specials': tile.isTPB, 'has-flag': product.showAsUnavailable}" data-ng-hide="productTileVM.context === 'MODAL' &amp;&amp; product.showAsUnavailable &amp;&amp; !(product.isSizesVarieties)" aria-hidden="false">
	
	<!---->
 	<!---->
	<!---->
    
    <!---->
	<!---->
	<header role="presentation" class="product-header" data-colrs-product-header="">
		<!----><div class="product-icons" data-ng-if="::(product.badges.length &amp;&amp; ((productTileVM.context !== 'MODAL') || (productTileVM.hasProductTicketType &amp;&amp; productTileVM.context === 'MODAL')))">
			
			<!----><svg focusable="false" class="icon icon-specials-badge" role="presentation" aria-hidden="true"><use xmlns:xlink="http://www.w3.org/1999/xlink" xlink:href="#icon-specials-badge"></use></svg><!---->
		</div><!---->
		<!----><div class="product-image-container" data-ng-if="::productTileVM.context !== 'MODAL'">
			<!---->
	        <a class="product-image-link" data-ng-attr-href="{{::productTileVM.pdpHref}}" data-ng-click="productTileVM.openProduct($event)" href="/a/richmond-south/product/mars-bar-chocolate-bar">
	            <div class="product-image">
					<span role="text">
						<img alt="Mars Chocolate Bar 53g on special" data-ng-src="/wcsstore/Coles-CAS/images/1/3/8/138201-th.jpg" data-colrs-def-product-image="" aria-hidden="true" role="presentation" src="/wcsstore/Coles-CAS/images/1/3/8/138201-th.jpg">
						<span class="accessibility-inline">Mars Chocolate Bar 53g on special</span>
					</span>
	            </div>
	        </a>
	    </div><!---->
	    <div class="product-main-info">
		    <!----><div data-ng-if="productTileVM.context !== 'MODAL'" class="accessibility-inline" data-colrs-page-focus-point="next_product34" colrs-product-option-temp-message=""></div><!---->
	    	<h3 class="product-title" data-ng-class="::{'product-no-desc': !product.showOnlineSizeDesc, 'short-width-title': product.hasRoundelPromo &amp;&amp; productTileVM.context !== 'MODAL'}" data-ng-attr-data-partnumber="{{::product.partNumber}}" data-ng-attr-data-itemid="{{::product.singleSKUCatalogEntryID}}" data-partnumber="138201P" data-itemid="151489">
				<a data-ng-attr-href="{{::productTileVM.pdpHref}}" data-ng-click="productTileVM.openProduct($event)" href="/a/richmond-south/product/mars-bar-chocolate-bar">
					<span role="text">
						<!---->
						<span class="product-brand" data-ng-bind="::product.displayBrandText">Mars</span>
						<span class="product-name" data-ng-bind="::product.displayNameText">Chocolate Bar</span>
						<span class="package-size accessibility-inline" data-ng-bind="::product.prodA11yHeadingSuffix">53g on special</span>
						<!---->
						<!---->
						<!---->
					</span>
				</a>
			</h3>
			<!---->
			<!----><span class="product-pricing-info" role="text" data-ng-if="::!product.price.isNaN">
	            <span class="price-container">
	            	<!---->
	            	<!--To reduce the space between $ and Hero price for Accessibility, combined span tags in same line-->
	            	<span class="currency-sign">$</span><span class="dollar-value" data-ng-bind="::product.price.dollarValue">1</span><span class="cent-value">.00</span>
	                <!---->
	            </span>
	            
               <!----><span class="saving-container" data-colrs-if="((productTileVM.defaultOption.hasDiscount()  &amp;&amp; !product.isMultiBuyPromo &amp;&amp; !product.tickettypeObject.isRedRing) || productTileVM.product.hasDownDown)">
                    <!----><span class="product-saving" data-colrs-if="!productTileVM.product.hasDownDown &amp;&amp; productTileVM.product.tickettype != 'X'">
                        <span class="product-save-prefix">
                            save
                        </span>
                        <span class="product-save-value">
                            <strong>$1.00</strong>
                        </span>
                    </span><!-- end colrsIf: !productTileVM.product.hasDownDown && productTileVM.product.tickettype != 'X' -->
                    <!----><strong>
                </strong></span><!-- end colrsIf: ((productTileVM.defaultOption.hasDiscount()  && !product.isMultiBuyPromo && !product.tickettypeObject.isRedRing) || productTileVM.product.hasDownDown) --><strong>
               
	        </strong></span><!----><strong>
	        <!---->
		</strong></div><strong>
        <div class="product-info">
			<p tabindex="-1">
				<!----><span class="package-size" aria-hidden="true" data-ng-if="::product.showOnlineSizeDesc" data-ng-bind="::product.sizeDescription">53g</span><!---->
				<!----><span class="delimeter" role="presentation" aria-hidden="true" data-ng-if="::(product.showOnlineSizeDesc &amp;&amp; product.unitPrice)"></span><!---->
				<span role="text">
					<span class="package-price" data-ng-bind="::product.unitPrice">$1.89 per 100G</span>
					<span class="accessibility-inline" data-ng-bind="::product.unitPriceA11y">Unit Price</span>
				</span>
			</p>
			<!---->
			<!---->
		</div>
		<!---->
	    <div class="product-price-estimate" data-colrs-product-price-estimate="" data-product="product">
	
<button class="action-alert-active ng-hide" role="text" data-ng-show="::colrsProductPriceEstimateVM.product.isWeightedItem" data-colrs-click="colrsProductPriceEstimateVM.showPriceAlertMessage()" aria-hidden="true">
    <svg focusable="false" class="icon icon-info-circle" aria-hidden="true" role="presentation">
        <use xlink:href="#icon-info-circle"></use>
    </svg>
    <span class="product-price-estimate-text">
	    Price is an estimate
		<span class="accessibility-inline">
			<!----> 
			<!---->
		</span>
	</span>
</button>
<div class="alert" aria-hidden="true" role="alert" data-ng-blur="colrsProductPriceEstimateVM.closePriceAlertMessageOnBodyClick($event)" data-ng-keydown="colrsProductPriceEstimateVM.alertKeyHandler($event)">
	<div class="alert-wrapper alert-information" data-colrs-click-ignore=""> 
		<span class="arrow"></span>
         <div class="close is-dark">
             <a data-ng-href="" class="popup-close" title="pop up" data-ng-click="colrsProductPriceEstimateVM.hidePriceAlertMessage()">
                 <svg role="presentation" focusable="false" class="icon icon-cross" aria-hidden="true">
                     <use xmlns:xlink="http://www.w3.org/1999/xlink" xlink:href="#icon-cross"></use>
                 </svg>
             </a>
         </div>
		<div class="alert-content">
			<!----> 
			<!---->
		</div>
	</div>
</div>

</div>
	    <!---->
	</strong></header><strong>
	<!---->
	<!----><div class="product-assoc-link" data-ng-class="{'isVisible': product.assocIsVisible}" data-colrs-product-assoc-link="" data-product="product" data-ng-if="productTileVM.context !== 'MODAL' &amp;&amp; !product.showAsUnavailable">
	
<button class="assoc-link-btn" data-ng-click="productAssocLinkVM.openSizesAndVarietiesModal($event, productAssocLinkVM.product)">
	<span role="text">
		<span data-ng-bind-html="productAssocLinkVM.assocLinkTxt"></span>
		<svg focusable="false" class="icon icon-arrow" role="presentation" aria-hidden="true">
		    <use xmlns:xlink="http://www.w3.org/1999/xlink" xlink:href="#icon-arrow"></use>
		</svg>
	</span>
</button>


</div><!---->
	<!-- Fat controller and lists container -->
	<div class="product-actions-container">
		<!----><div class="product-options-container" data-ng-if="productTileVM.context !== 'MODAL'" data-colrs-product-options="">
	
<!---->

</div><!---->
		<!---->
		<div class="fat-controller is-full-width" data-ng-class="{'is-full-width':!productTileVM.isRegistered}" data-container="tile" data-product="product" data-context="" data-show-savings="false" data-colrs-fat-controller="">
	
<ng-transclude></ng-transclude>
<!----><div class="fc-button" data-colrs-fat-controller-container="" data-colrs-if="fatControllerVM.showFatController" data-ng-class="{'is-expanded': fatControllerVM.isExpanded}">
	<div class="button-main-container clear" data-colrs-fat-controller-responsive="">
		<!---->
		<!---->
		<!----><button type="submit" id="_btn_138201P" class="button button-main" data-colrs-if="(fatControllerVM.defaultType === 'STANDARD')" data-colrs-fat-controller-button="" data-colrs-fat-controller-button-main="" data-colrs-click="fatControllerVM.toggleItem()">
	
<!---->
<!----><span class="button-main-inner" data-colrs-if="!fatControllerVM.isInTrolley()" ng-transclude="">
			
			<span class="product-cta" aria-hidden="true" data-colrs-fat-controller-responsive-component="Add">
				Add
			</span>
			<span class="accessibility">Add</span>
			<span class="product-qty">1</span>
			<span class="accessibility" data-ng-bind="::fatControllerVM.product.prodA11yHeading">Mars Chocolate Bar 53g on special</span>
			<span class="product-text">for</span>
			<strong class="product-price">$1.00</strong>
			<span class="accessibility">to the trolley.</span>
			
			<!-- 
			<span class="product-saving" aria-hidden="true" data-colrs-if="fatControllerVM.defaultOption.hasDiscount()"
					data-colrs-fat-controller-responsive-component="Save">
				save 
				<strong>{{fatControllerVM.defaultOption.formattedDiscount}}</strong>
			</span>
			
			<span class="accessibility" data-colrs-if="fatControllerVM.defaultOption.hasDiscount()">
				save 
				{{fatControllerVM.defaultOption.formattedDiscount}}
			</span>
			-->
		</span><!-- end colrsIf: !fatControllerVM.isInTrolley() -->

</button><!-- end colrsIf: (fatControllerVM.defaultType === 'STANDARD') -->
	</div>
	<button id="_down_138201P" class="button button-down" aria-expanded="false" data-colrs-fat-controller-button="" data-colrs-click="fatControllerVM.toggleSelect()" data-ng-blur="fatControllerVM.resetAnnounceElements(fatControllerVM.product.partNumber)">
		<svg focusable="false" class="icon icon-dropdown-small" role="presentation" aria-hidden="true">
			<use xlink:href="#icon-dropdown-small"></use>
		</svg>
		<span class="accessibility" id="_announce_138201P"></span>
		<span class="accessibility"><br>choose a different quantity for</span>
		<span class="accessibility" data-ng-bind="::fatControllerVM.product.prodA11yHeading">Mars Chocolate Bar 53g on special</span>
	</button>
	<div class="button-confirmation">
		<div class="button-confirmation-container clear">
			<div class="button-confirmation-label">
				<span data-colrs-fat-controller-animation-message=""></span>
			</div>
		</div>
		<div class="button-confirmation-icon">
			<span class="icon-loading"></span>
		</div>
	</div>
	<!---->
	<p role="text" id="_proc_138201P" class="accessibility" tabindex="-1"></p>
</div><!-- end colrsIf: fatControllerVM.showFatController -->

<!---->

</div>
	</div>
</strong></div><strong>

</strong></div><!---->
	<!---->
	<!---->
	<!---->
	<!---->
	<!---->
	<!---->
	<!---->
	<!---->
</div>

</div><!----><div class="colrs-animate tile-animate" data-ng-class="::{'tile-stagger': (productListVM.widget.searchInfo.currentPage > 1)}" data-ng-repeat="tile in productListVM.widget.tiles" data-colrs-tile="">
	
<div id="tile_colrsCatalogEntryListWidget_Data_2_3074457345618260154_3074457345618264559_38" data-tile-seq-no="35" data-ng-switch="::tile.type">
	<!----><div data-ng-switch-when="product" tile="tile" data-colrs-product-tile="">
	
<div class="product product-specials" data-colrs-product-style="::tile.data" data-ng-class="::{'has-merch-assoc':(productTileVM.context !== 'MODAL' &amp;&amp; product.productAssociation.isVisible &amp;&amp; product.productAssociation.isFromAssociation) || (tile.isTPB &amp;&amp; tile.hasTPBMerchAssociation), 'product-specials': tile.isTPB, 'has-flag': product.showAsUnavailable}" data-ng-hide="productTileVM.context === 'MODAL' &amp;&amp; product.showAsUnavailable &amp;&amp; !(product.isSizesVarieties)" aria-hidden="false">
	
	<!---->
 	<!---->
	<!---->
    
    <!---->
	<!---->
	<header role="presentation" class="product-header" data-colrs-product-header="">
		<!----><div class="product-icons" data-ng-if="::(product.badges.length &amp;&amp; ((productTileVM.context !== 'MODAL') || (productTileVM.hasProductTicketType &amp;&amp; productTileVM.context === 'MODAL')))">
			
			<!----><svg focusable="false" class="icon icon-specials-badge" role="presentation" aria-hidden="true"><use xmlns:xlink="http://www.w3.org/1999/xlink" xlink:href="#icon-specials-badge"></use></svg><!---->
		</div><!---->
		<!----><div class="product-image-container" data-ng-if="::productTileVM.context !== 'MODAL'">
			<!---->
	        <a class="product-image-link" data-ng-attr-href="{{::productTileVM.pdpHref}}" data-ng-click="productTileVM.openProduct($event)" href="/a/richmond-south/product/nestle-kit-kat-chocolate-bar">
	            <div class="product-image">
					<span role="text">
						<img alt="Nestle KitKat Milk Chocolate Bar 45g on special" data-ng-src="/wcsstore/Coles-CAS/images/1/3/6/136512-th.jpg" data-colrs-def-product-image="" aria-hidden="true" role="presentation" src="/wcsstore/Coles-CAS/images/1/3/6/136512-th.jpg">
						<span class="accessibility-inline">Nestle KitKat Milk Chocolate Bar 45g on special</span>
					</span>
	            </div>
	        </a>
	    </div><!---->
	    <div class="product-main-info">
		    <!----><div data-ng-if="productTileVM.context !== 'MODAL'" class="accessibility-inline" data-colrs-page-focus-point="next_product35" colrs-product-option-temp-message=""></div><!---->
	    	<h3 class="product-title" data-ng-class="::{'product-no-desc': !product.showOnlineSizeDesc, 'short-width-title': product.hasRoundelPromo &amp;&amp; productTileVM.context !== 'MODAL'}" data-ng-attr-data-partnumber="{{::product.partNumber}}" data-ng-attr-data-itemid="{{::product.singleSKUCatalogEntryID}}" data-partnumber="136512P" data-itemid="149201">
				<a data-ng-attr-href="{{::productTileVM.pdpHref}}" data-ng-click="productTileVM.openProduct($event)" href="/a/richmond-south/product/nestle-kit-kat-chocolate-bar">
					<span role="text">
						<!---->
						<span class="product-brand" data-ng-bind="::product.displayBrandText">Nestle</span>
						<span class="product-name" data-ng-bind="::product.displayNameText">KitKat Milk Chocolate Bar</span>
						<span class="package-size accessibility-inline" data-ng-bind="::product.prodA11yHeadingSuffix">45g on special</span>
						<!---->
						<!---->
						<!---->
					</span>
				</a>
			</h3>
			<!---->
			<!----><span class="product-pricing-info" role="text" data-ng-if="::!product.price.isNaN">
	            <span class="price-container">
	            	<!---->
	            	<!--To reduce the space between $ and Hero price for Accessibility, combined span tags in same line-->
	            	<span class="currency-sign">$</span><span class="dollar-value" data-ng-bind="::product.price.dollarValue">1</span><span class="cent-value">.00</span>
	                <!---->
	            </span>
	            
               <!----><span class="saving-container" data-colrs-if="((productTileVM.defaultOption.hasDiscount()  &amp;&amp; !product.isMultiBuyPromo &amp;&amp; !product.tickettypeObject.isRedRing) || productTileVM.product.hasDownDown)">
                    <!----><span class="product-saving" data-colrs-if="!productTileVM.product.hasDownDown &amp;&amp; productTileVM.product.tickettype != 'X'">
                        <span class="product-save-prefix">
                            save
                        </span>
                        <span class="product-save-value">
                            <strong>$1.00</strong>
                        </span>
                    </span><!-- end colrsIf: !productTileVM.product.hasDownDown && productTileVM.product.tickettype != 'X' -->
                    <!----><strong>
                </strong></span><!-- end colrsIf: ((productTileVM.defaultOption.hasDiscount()  && !product.isMultiBuyPromo && !product.tickettypeObject.isRedRing) || productTileVM.product.hasDownDown) --><strong>
               
	        </strong></span><!----><strong>
	        <!---->
		</strong></div><strong>
        <div class="product-info">
			<p tabindex="-1">
				<!----><span class="package-size" aria-hidden="true" data-ng-if="::product.showOnlineSizeDesc" data-ng-bind="::product.sizeDescription">45g</span><!---->
				<!----><span class="delimeter" role="presentation" aria-hidden="true" data-ng-if="::(product.showOnlineSizeDesc &amp;&amp; product.unitPrice)"></span><!---->
				<span role="text">
					<span class="package-price" data-ng-bind="::product.unitPrice">$2.22 per 100G</span>
					<span class="accessibility-inline" data-ng-bind="::product.unitPriceA11y">Unit Price</span>
				</span>
			</p>
			<!---->
			<!---->
		</div>
		<!---->
	    <div class="product-price-estimate" data-colrs-product-price-estimate="" data-product="product">
	
<button class="action-alert-active ng-hide" role="text" data-ng-show="::colrsProductPriceEstimateVM.product.isWeightedItem" data-colrs-click="colrsProductPriceEstimateVM.showPriceAlertMessage()" aria-hidden="true">
    <svg focusable="false" class="icon icon-info-circle" aria-hidden="true" role="presentation">
        <use xlink:href="#icon-info-circle"></use>
    </svg>
    <span class="product-price-estimate-text">
	    Price is an estimate
		<span class="accessibility-inline">
			<!----> 
			<!---->
		</span>
	</span>
</button>
<div class="alert" aria-hidden="true" role="alert" data-ng-blur="colrsProductPriceEstimateVM.closePriceAlertMessageOnBodyClick($event)" data-ng-keydown="colrsProductPriceEstimateVM.alertKeyHandler($event)">
	<div class="alert-wrapper alert-information" data-colrs-click-ignore=""> 
		<span class="arrow"></span>
         <div class="close is-dark">
             <a data-ng-href="" class="popup-close" title="pop up" data-ng-click="colrsProductPriceEstimateVM.hidePriceAlertMessage()">
                 <svg role="presentation" focusable="false" class="icon icon-cross" aria-hidden="true">
                     <use xmlns:xlink="http://www.w3.org/1999/xlink" xlink:href="#icon-cross"></use>
                 </svg>
             </a>
         </div>
		<div class="alert-content">
			<!----> 
			<!---->
		</div>
	</div>
</div>

</div>
	    <!---->
	</strong></header><strong>
	<!---->
	<!----><div class="product-assoc-link" data-ng-class="{'isVisible': product.assocIsVisible}" data-colrs-product-assoc-link="" data-product="product" data-ng-if="productTileVM.context !== 'MODAL' &amp;&amp; !product.showAsUnavailable">
	
<button class="assoc-link-btn" data-ng-click="productAssocLinkVM.openSizesAndVarietiesModal($event, productAssocLinkVM.product)">
	<span role="text">
		<span data-ng-bind-html="productAssocLinkVM.assocLinkTxt"></span>
		<svg focusable="false" class="icon icon-arrow" role="presentation" aria-hidden="true">
		    <use xmlns:xlink="http://www.w3.org/1999/xlink" xlink:href="#icon-arrow"></use>
		</svg>
	</span>
</button>


</div><!---->
	<!-- Fat controller and lists container -->
	<div class="product-actions-container">
		<!----><div class="product-options-container" data-ng-if="productTileVM.context !== 'MODAL'" data-colrs-product-options="">
	
<!---->

</div><!---->
		<!---->
		<div class="fat-controller is-full-width" data-ng-class="{'is-full-width':!productTileVM.isRegistered}" data-container="tile" data-product="product" data-context="" data-show-savings="false" data-colrs-fat-controller="">
	
<ng-transclude></ng-transclude>
<!----><div class="fc-button" data-colrs-fat-controller-container="" data-colrs-if="fatControllerVM.showFatController" data-ng-class="{'is-expanded': fatControllerVM.isExpanded}">
	<div class="button-main-container clear" data-colrs-fat-controller-responsive="">
		<!---->
		<!---->
		<!----><button type="submit" id="_btn_136512P" class="button button-main" data-colrs-if="(fatControllerVM.defaultType === 'STANDARD')" data-colrs-fat-controller-button="" data-colrs-fat-controller-button-main="" data-colrs-click="fatControllerVM.toggleItem()">
	
<!---->
<!----><span class="button-main-inner" data-colrs-if="!fatControllerVM.isInTrolley()" ng-transclude="">
			
			<span class="product-cta" aria-hidden="true" data-colrs-fat-controller-responsive-component="Add">
				Add
			</span>
			<span class="accessibility">Add</span>
			<span class="product-qty">1</span>
			<span class="accessibility" data-ng-bind="::fatControllerVM.product.prodA11yHeading">Nestle KitKat Milk Chocolate Bar 45g on special</span>
			<span class="product-text">for</span>
			<strong class="product-price">$1.00</strong>
			<span class="accessibility">to the trolley.</span>
			
			<!-- 
			<span class="product-saving" aria-hidden="true" data-colrs-if="fatControllerVM.defaultOption.hasDiscount()"
					data-colrs-fat-controller-responsive-component="Save">
				save 
				<strong>{{fatControllerVM.defaultOption.formattedDiscount}}</strong>
			</span>
			
			<span class="accessibility" data-colrs-if="fatControllerVM.defaultOption.hasDiscount()">
				save 
				{{fatControllerVM.defaultOption.formattedDiscount}}
			</span>
			-->
		</span><!-- end colrsIf: !fatControllerVM.isInTrolley() -->

</button><!-- end colrsIf: (fatControllerVM.defaultType === 'STANDARD') -->
	</div>
	<button id="_down_136512P" class="button button-down" aria-expanded="false" data-colrs-fat-controller-button="" data-colrs-click="fatControllerVM.toggleSelect()" data-ng-blur="fatControllerVM.resetAnnounceElements(fatControllerVM.product.partNumber)">
		<svg focusable="false" class="icon icon-dropdown-small" role="presentation" aria-hidden="true">
			<use xlink:href="#icon-dropdown-small"></use>
		</svg>
		<span class="accessibility" id="_announce_136512P"></span>
		<span class="accessibility"><br>choose a different quantity for</span>
		<span class="accessibility" data-ng-bind="::fatControllerVM.product.prodA11yHeading">Nestle KitKat Milk Chocolate Bar 45g on special</span>
	</button>
	<div class="button-confirmation">
		<div class="button-confirmation-container clear">
			<div class="button-confirmation-label">
				<span data-colrs-fat-controller-animation-message=""></span>
			</div>
		</div>
		<div class="button-confirmation-icon">
			<span class="icon-loading"></span>
		</div>
	</div>
	<!---->
	<p role="text" id="_proc_136512P" class="accessibility" tabindex="-1"></p>
</div><!-- end colrsIf: fatControllerVM.showFatController -->

<!---->

</div>
	</div>
</strong></div><strong>

</strong></div><!---->
	<!---->
	<!---->
	<!---->
	<!---->
	<!---->
	<!---->
	<!---->
	<!---->
</div>

</div><!----><div class="colrs-animate tile-animate" data-ng-class="::{'tile-stagger': (productListVM.widget.searchInfo.currentPage > 1)}" data-ng-repeat="tile in productListVM.widget.tiles" data-colrs-tile="">
	
<div id="tile_colrsCatalogEntryListWidget_Data_2_3074457345618260154_3074457345618264559_39" data-tile-seq-no="36" data-ng-switch="::tile.type">
	<!----><div data-ng-switch-when="product" tile="tile" data-colrs-product-tile="">
	
<div class="product product-specials" data-colrs-product-style="::tile.data" data-ng-class="::{'has-merch-assoc':(productTileVM.context !== 'MODAL' &amp;&amp; product.productAssociation.isVisible &amp;&amp; product.productAssociation.isFromAssociation) || (tile.isTPB &amp;&amp; tile.hasTPBMerchAssociation), 'product-specials': tile.isTPB, 'has-flag': product.showAsUnavailable}" data-ng-hide="productTileVM.context === 'MODAL' &amp;&amp; product.showAsUnavailable &amp;&amp; !(product.isSizesVarieties)" aria-hidden="false">
	
	<!---->
 	<!---->
	<!---->
    
    <!---->
	<!---->
	<header role="presentation" class="product-header" data-colrs-product-header="">
		<!----><div class="product-icons" data-ng-if="::(product.badges.length &amp;&amp; ((productTileVM.context !== 'MODAL') || (productTileVM.hasProductTicketType &amp;&amp; productTileVM.context === 'MODAL')))">
			
			<!----><svg focusable="false" class="icon icon-specials-badge" role="presentation" aria-hidden="true"><use xmlns:xlink="http://www.w3.org/1999/xlink" xlink:href="#icon-specials-badge"></use></svg><!---->
		</div><!---->
		<!----><div class="product-image-container" data-ng-if="::productTileVM.context !== 'MODAL'">
			<!---->
	        <a class="product-image-link" data-ng-attr-href="{{::productTileVM.pdpHref}}" data-ng-click="productTileVM.openProduct($event)" href="/a/richmond-south/product/nivea-deodorant-aerosol-mens-nfm-black-white-invisible-power">
	            <div class="product-image">
					<span role="text">
						<img alt="Nivea Men Black &amp; White Invisible Power Aerosol Deodorant 250mL on special" data-ng-src="/wcsstore/Coles-CAS/images/1/1/8/1184598-th.jpg" data-colrs-def-product-image="" aria-hidden="true" role="presentation" src="/wcsstore/Coles-CAS/images/1/1/8/1184598-th.jpg">
						<span class="accessibility-inline">Nivea Men Black &amp; White Invisible Power Aerosol Deodorant 250mL on special</span>
					</span>
	            </div>
	        </a>
	    </div><!---->
	    <div class="product-main-info">
		    <!----><div data-ng-if="productTileVM.context !== 'MODAL'" class="accessibility-inline" data-colrs-page-focus-point="next_product36" colrs-product-option-temp-message=""></div><!---->
	    	<h3 class="product-title" data-ng-class="::{'product-no-desc': !product.showOnlineSizeDesc, 'short-width-title': product.hasRoundelPromo &amp;&amp; productTileVM.context !== 'MODAL'}" data-ng-attr-data-partnumber="{{::product.partNumber}}" data-ng-attr-data-itemid="{{::product.singleSKUCatalogEntryID}}" data-partnumber="1184598P" data-itemid="151686">
				<a data-ng-attr-href="{{::productTileVM.pdpHref}}" data-ng-click="productTileVM.openProduct($event)" href="/a/richmond-south/product/nivea-deodorant-aerosol-mens-nfm-black-white-invisible-power">
					<span role="text">
						<!---->
						<span class="product-brand" data-ng-bind="::product.displayBrandText">Nivea</span>
						<span class="product-name" data-ng-bind="::product.displayNameText">Men Black &amp; White Invisible Power Aerosol Deodorant</span>
						<span class="package-size accessibility-inline" data-ng-bind="::product.prodA11yHeadingSuffix">250mL on special</span>
						<!---->
						<!---->
						<!---->
					</span>
				</a>
			</h3>
			<!---->
			<!----><span class="product-pricing-info" role="text" data-ng-if="::!product.price.isNaN">
	            <span class="price-container">
	            	<!---->
	            	<!--To reduce the space between $ and Hero price for Accessibility, combined span tags in same line-->
	            	<span class="currency-sign">$</span><span class="dollar-value" data-ng-bind="::product.price.dollarValue">3</span><span class="cent-value">.25</span>
	                <!---->
	            </span>
	            
               <!----><span class="saving-container" data-colrs-if="((productTileVM.defaultOption.hasDiscount()  &amp;&amp; !product.isMultiBuyPromo &amp;&amp; !product.tickettypeObject.isRedRing) || productTileVM.product.hasDownDown)">
                    <!----><span class="product-saving" data-colrs-if="!productTileVM.product.hasDownDown &amp;&amp; productTileVM.product.tickettype != 'X'">
                        <span class="product-save-prefix">
                            save
                        </span>
                        <span class="product-save-value">
                            <strong>$3.25</strong>
                        </span>
                    </span><!-- end colrsIf: !productTileVM.product.hasDownDown && productTileVM.product.tickettype != 'X' -->
                    <!----><strong>
                </strong></span><!-- end colrsIf: ((productTileVM.defaultOption.hasDiscount()  && !product.isMultiBuyPromo && !product.tickettypeObject.isRedRing) || productTileVM.product.hasDownDown) --><strong>
               
	        </strong></span><!----><strong>
	        <!---->
		</strong></div><strong>
        <div class="product-info">
			<p tabindex="-1">
				<!----><span class="package-size" aria-hidden="true" data-ng-if="::product.showOnlineSizeDesc" data-ng-bind="::product.sizeDescription">250mL</span><!---->
				<!----><span class="delimeter" role="presentation" aria-hidden="true" data-ng-if="::(product.showOnlineSizeDesc &amp;&amp; product.unitPrice)"></span><!---->
				<span role="text">
					<span class="package-price" data-ng-bind="::product.unitPrice">$1.30 per 100mL</span>
					<span class="accessibility-inline" data-ng-bind="::product.unitPriceA11y">Unit Price</span>
				</span>
			</p>
			<!---->
			<!---->
		</div>
		<!---->
	    <div class="product-price-estimate" data-colrs-product-price-estimate="" data-product="product">
	
<button class="action-alert-active ng-hide" role="text" data-ng-show="::colrsProductPriceEstimateVM.product.isWeightedItem" data-colrs-click="colrsProductPriceEstimateVM.showPriceAlertMessage()" aria-hidden="true">
    <svg focusable="false" class="icon icon-info-circle" aria-hidden="true" role="presentation">
        <use xlink:href="#icon-info-circle"></use>
    </svg>
    <span class="product-price-estimate-text">
	    Price is an estimate
		<span class="accessibility-inline">
			<!----> 
			<!---->
		</span>
	</span>
</button>
<div class="alert" aria-hidden="true" role="alert" data-ng-blur="colrsProductPriceEstimateVM.closePriceAlertMessageOnBodyClick($event)" data-ng-keydown="colrsProductPriceEstimateVM.alertKeyHandler($event)">
	<div class="alert-wrapper alert-information" data-colrs-click-ignore=""> 
		<span class="arrow"></span>
         <div class="close is-dark">
             <a data-ng-href="" class="popup-close" title="pop up" data-ng-click="colrsProductPriceEstimateVM.hidePriceAlertMessage()">
                 <svg role="presentation" focusable="false" class="icon icon-cross" aria-hidden="true">
                     <use xmlns:xlink="http://www.w3.org/1999/xlink" xlink:href="#icon-cross"></use>
                 </svg>
             </a>
         </div>
		<div class="alert-content">
			<!----> 
			<!---->
		</div>
	</div>
</div>

</div>
	    <!---->
	</strong></header><strong>
	<!---->
	<!----><div class="product-assoc-link" data-ng-class="{'isVisible': product.assocIsVisible}" data-colrs-product-assoc-link="" data-product="product" data-ng-if="productTileVM.context !== 'MODAL' &amp;&amp; !product.showAsUnavailable">
	
<button class="assoc-link-btn" data-ng-click="productAssocLinkVM.openSizesAndVarietiesModal($event, productAssocLinkVM.product)">
	<span role="text">
		<span data-ng-bind-html="productAssocLinkVM.assocLinkTxt"></span>
		<svg focusable="false" class="icon icon-arrow" role="presentation" aria-hidden="true">
		    <use xmlns:xlink="http://www.w3.org/1999/xlink" xlink:href="#icon-arrow"></use>
		</svg>
	</span>
</button>


</div><!---->
	<!-- Fat controller and lists container -->
	<div class="product-actions-container">
		<!----><div class="product-options-container" data-ng-if="productTileVM.context !== 'MODAL'" data-colrs-product-options="">
	
<!---->

</div><!---->
		<!---->
		<div class="fat-controller is-full-width" data-ng-class="{'is-full-width':!productTileVM.isRegistered}" data-container="tile" data-product="product" data-context="" data-show-savings="false" data-colrs-fat-controller="">
	
<ng-transclude></ng-transclude>
<!----><div class="fc-button" data-colrs-fat-controller-container="" data-colrs-if="fatControllerVM.showFatController" data-ng-class="{'is-expanded': fatControllerVM.isExpanded}">
	<div class="button-main-container clear" data-colrs-fat-controller-responsive="">
		<!---->
		<!---->
		<!----><button type="submit" id="_btn_1184598P" class="button button-main" data-colrs-if="(fatControllerVM.defaultType === 'STANDARD')" data-colrs-fat-controller-button="" data-colrs-fat-controller-button-main="" data-colrs-click="fatControllerVM.toggleItem()">
	
<!---->
<!----><span class="button-main-inner" data-colrs-if="!fatControllerVM.isInTrolley()" ng-transclude="">
			
			<span class="product-cta" aria-hidden="true" data-colrs-fat-controller-responsive-component="Add">
				Add
			</span>
			<span class="accessibility">Add</span>
			<span class="product-qty">1</span>
			<span class="accessibility" data-ng-bind="::fatControllerVM.product.prodA11yHeading">Nivea Men Black &amp; White Invisible Power Aerosol Deodorant 250mL on special</span>
			<span class="product-text">for</span>
			<strong class="product-price">$3.25</strong>
			<span class="accessibility">to the trolley.</span>
			
			<!-- 
			<span class="product-saving" aria-hidden="true" data-colrs-if="fatControllerVM.defaultOption.hasDiscount()"
					data-colrs-fat-controller-responsive-component="Save">
				save 
				<strong>{{fatControllerVM.defaultOption.formattedDiscount}}</strong>
			</span>
			
			<span class="accessibility" data-colrs-if="fatControllerVM.defaultOption.hasDiscount()">
				save 
				{{fatControllerVM.defaultOption.formattedDiscount}}
			</span>
			-->
		</span><!-- end colrsIf: !fatControllerVM.isInTrolley() -->

</button><!-- end colrsIf: (fatControllerVM.defaultType === 'STANDARD') -->
	</div>
	<button id="_down_1184598P" class="button button-down" aria-expanded="false" data-colrs-fat-controller-button="" data-colrs-click="fatControllerVM.toggleSelect()" data-ng-blur="fatControllerVM.resetAnnounceElements(fatControllerVM.product.partNumber)">
		<svg focusable="false" class="icon icon-dropdown-small" role="presentation" aria-hidden="true">
			<use xlink:href="#icon-dropdown-small"></use>
		</svg>
		<span class="accessibility" id="_announce_1184598P"></span>
		<span class="accessibility"><br>choose a different quantity for</span>
		<span class="accessibility" data-ng-bind="::fatControllerVM.product.prodA11yHeading">Nivea Men Black &amp; White Invisible Power Aerosol Deodorant 250mL on special</span>
	</button>
	<div class="button-confirmation">
		<div class="button-confirmation-container clear">
			<div class="button-confirmation-label">
				<span data-colrs-fat-controller-animation-message=""></span>
			</div>
		</div>
		<div class="button-confirmation-icon">
			<span class="icon-loading"></span>
		</div>
	</div>
	<!---->
	<p role="text" id="_proc_1184598P" class="accessibility" tabindex="-1"></p>
</div><!-- end colrsIf: fatControllerVM.showFatController -->

<!---->

</div>
	</div>
</strong></div><strong>

</strong></div><!---->
	<!---->
	<!---->
	<!---->
	<!---->
	<!---->
	<!---->
	<!---->
	<!---->
</div>

</div><!----><div class="colrs-animate tile-animate" data-ng-class="::{'tile-stagger': (productListVM.widget.searchInfo.currentPage > 1)}" data-ng-repeat="tile in productListVM.widget.tiles" data-colrs-tile="">
	
<div id="tile_colrsCatalogEntryListWidget_Data_2_3074457345618260154_3074457345618264559_40" data-tile-seq-no="37" data-ng-switch="::tile.type">
	<!----><div data-ng-switch-when="product" tile="tile" data-colrs-product-tile="">
	
<div class="product product-specials" data-colrs-product-style="::tile.data" data-ng-class="::{'has-merch-assoc':(productTileVM.context !== 'MODAL' &amp;&amp; product.productAssociation.isVisible &amp;&amp; product.productAssociation.isFromAssociation) || (tile.isTPB &amp;&amp; tile.hasTPBMerchAssociation), 'product-specials': tile.isTPB, 'has-flag': product.showAsUnavailable}" data-ng-hide="productTileVM.context === 'MODAL' &amp;&amp; product.showAsUnavailable &amp;&amp; !(product.isSizesVarieties)" aria-hidden="false">
	
	<!---->
 	<!---->
	<!---->
    
    <!---->
	<!---->
	<header role="presentation" class="product-header" data-colrs-product-header="">
		<!----><div class="product-icons" data-ng-if="::(product.badges.length &amp;&amp; ((productTileVM.context !== 'MODAL') || (productTileVM.hasProductTicketType &amp;&amp; productTileVM.context === 'MODAL')))">
			
			<!----><svg focusable="false" class="icon icon-specials-badge" role="presentation" aria-hidden="true"><use xmlns:xlink="http://www.w3.org/1999/xlink" xlink:href="#icon-specials-badge"></use></svg><!---->
		</div><!---->
		<!----><div class="product-image-container" data-ng-if="::productTileVM.context !== 'MODAL'">
			<!---->
	        <a class="product-image-link" data-ng-attr-href="{{::productTileVM.pdpHref}}" data-ng-click="productTileVM.openProduct($event)" href="/a/richmond-south/product/kelloggs-k-time-twists-strawberry-yoghurt">
	            <div class="product-image">
					<span role="text">
						<img alt="Kellogg's K-Time Baked Twists Strawberry &amp; Yoghurt Flavour Filled Snack Bars 5 pack 185g on special" data-ng-src="/wcsstore/Coles-CAS/images/9/2/6/9264260-th.jpg" data-colrs-def-product-image="" aria-hidden="true" role="presentation" src="/wcsstore/Coles-CAS/images/9/2/6/9264260-th.jpg">
						<span class="accessibility-inline">Kellogg's K-Time Baked Twists Strawberry &amp; Yoghurt Flavour Filled Snack Bars 5 pack 185g on special</span>
					</span>
	            </div>
	        </a>
	    </div><!---->
	    <div class="product-main-info">
		    <!----><div data-ng-if="productTileVM.context !== 'MODAL'" class="accessibility-inline" data-colrs-page-focus-point="next_product37" colrs-product-option-temp-message=""></div><!---->
	    	<h3 class="product-title" data-ng-class="::{'product-no-desc': !product.showOnlineSizeDesc, 'short-width-title': product.hasRoundelPromo &amp;&amp; productTileVM.context !== 'MODAL'}" data-ng-attr-data-partnumber="{{::product.partNumber}}" data-ng-attr-data-itemid="{{::product.singleSKUCatalogEntryID}}" data-partnumber="9264260P" data-itemid="157385">
				<a data-ng-attr-href="{{::productTileVM.pdpHref}}" data-ng-click="productTileVM.openProduct($event)" href="/a/richmond-south/product/kelloggs-k-time-twists-strawberry-yoghurt">
					<span role="text">
						<!---->
						<span class="product-brand" data-ng-bind="::product.displayBrandText">Kellogg's</span>
						<span class="product-name" data-ng-bind="::product.displayNameText">K-Time Baked Twists Strawberry &amp; Yoghurt Flavour Filled Snack Bars 5 pack</span>
						<span class="package-size accessibility-inline" data-ng-bind="::product.prodA11yHeadingSuffix">185g on special</span>
						<!---->
						<!---->
						<!---->
					</span>
				</a>
			</h3>
			<!---->
			<!----><span class="product-pricing-info" role="text" data-ng-if="::!product.price.isNaN">
	            <span class="price-container">
	            	<!---->
	            	<!--To reduce the space between $ and Hero price for Accessibility, combined span tags in same line-->
	            	<span class="currency-sign">$</span><span class="dollar-value" data-ng-bind="::product.price.dollarValue">2</span><span class="cent-value">.00</span>
	                <!---->
	            </span>
	            
               <!----><span class="saving-container" data-colrs-if="((productTileVM.defaultOption.hasDiscount()  &amp;&amp; !product.isMultiBuyPromo &amp;&amp; !product.tickettypeObject.isRedRing) || productTileVM.product.hasDownDown)">
                    <!----><span class="product-saving" data-colrs-if="!productTileVM.product.hasDownDown &amp;&amp; productTileVM.product.tickettype != 'X'">
                        <span class="product-save-prefix">
                            save
                        </span>
                        <span class="product-save-value">
                            <strong>$2.00</strong>
                        </span>
                    </span><!-- end colrsIf: !productTileVM.product.hasDownDown && productTileVM.product.tickettype != 'X' -->
                    <!----><strong>
                </strong></span><!-- end colrsIf: ((productTileVM.defaultOption.hasDiscount()  && !product.isMultiBuyPromo && !product.tickettypeObject.isRedRing) || productTileVM.product.hasDownDown) --><strong>
               
	        </strong></span><!----><strong>
	        <!---->
		</strong></div><strong>
        <div class="product-info">
			<p tabindex="-1">
				<!----><span class="package-size" aria-hidden="true" data-ng-if="::product.showOnlineSizeDesc" data-ng-bind="::product.sizeDescription">185g</span><!---->
				<!----><span class="delimeter" role="presentation" aria-hidden="true" data-ng-if="::(product.showOnlineSizeDesc &amp;&amp; product.unitPrice)"></span><!---->
				<span role="text">
					<span class="package-price" data-ng-bind="::product.unitPrice">$1.08 per 100G</span>
					<span class="accessibility-inline" data-ng-bind="::product.unitPriceA11y">Unit Price</span>
				</span>
			</p>
			<!---->
			<!---->
		</div>
		<!---->
	    <div class="product-price-estimate" data-colrs-product-price-estimate="" data-product="product">
	
<button class="action-alert-active ng-hide" role="text" data-ng-show="::colrsProductPriceEstimateVM.product.isWeightedItem" data-colrs-click="colrsProductPriceEstimateVM.showPriceAlertMessage()" aria-hidden="true">
    <svg focusable="false" class="icon icon-info-circle" aria-hidden="true" role="presentation">
        <use xlink:href="#icon-info-circle"></use>
    </svg>
    <span class="product-price-estimate-text">
	    Price is an estimate
		<span class="accessibility-inline">
			<!----> 
			<!---->
		</span>
	</span>
</button>
<div class="alert" aria-hidden="true" role="alert" data-ng-blur="colrsProductPriceEstimateVM.closePriceAlertMessageOnBodyClick($event)" data-ng-keydown="colrsProductPriceEstimateVM.alertKeyHandler($event)">
	<div class="alert-wrapper alert-information" data-colrs-click-ignore=""> 
		<span class="arrow"></span>
         <div class="close is-dark">
             <a data-ng-href="" class="popup-close" title="pop up" data-ng-click="colrsProductPriceEstimateVM.hidePriceAlertMessage()">
                 <svg role="presentation" focusable="false" class="icon icon-cross" aria-hidden="true">
                     <use xmlns:xlink="http://www.w3.org/1999/xlink" xlink:href="#icon-cross"></use>
                 </svg>
             </a>
         </div>
		<div class="alert-content">
			<!----> 
			<!---->
		</div>
	</div>
</div>

</div>
	    <!---->
	</strong></header><strong>
	<!---->
	<!----><div class="product-assoc-link" data-ng-class="{'isVisible': product.assocIsVisible}" data-colrs-product-assoc-link="" data-product="product" data-ng-if="productTileVM.context !== 'MODAL' &amp;&amp; !product.showAsUnavailable">
	
<button class="assoc-link-btn" data-ng-click="productAssocLinkVM.openSizesAndVarietiesModal($event, productAssocLinkVM.product)">
	<span role="text">
		<span data-ng-bind-html="productAssocLinkVM.assocLinkTxt"></span>
		<svg focusable="false" class="icon icon-arrow" role="presentation" aria-hidden="true">
		    <use xmlns:xlink="http://www.w3.org/1999/xlink" xlink:href="#icon-arrow"></use>
		</svg>
	</span>
</button>


</div><!---->
	<!-- Fat controller and lists container -->
	<div class="product-actions-container">
		<!----><div class="product-options-container" data-ng-if="productTileVM.context !== 'MODAL'" data-colrs-product-options="">
	
<!---->

</div><!---->
		<!---->
		<div class="fat-controller is-full-width" data-ng-class="{'is-full-width':!productTileVM.isRegistered}" data-container="tile" data-product="product" data-context="" data-show-savings="false" data-colrs-fat-controller="">
	
<ng-transclude></ng-transclude>
<!----><div class="fc-button" data-colrs-fat-controller-container="" data-colrs-if="fatControllerVM.showFatController" data-ng-class="{'is-expanded': fatControllerVM.isExpanded}">
	<div class="button-main-container clear" data-colrs-fat-controller-responsive="">
		<!---->
		<!---->
		<!----><button type="submit" id="_btn_9264260P" class="button button-main" data-colrs-if="(fatControllerVM.defaultType === 'STANDARD')" data-colrs-fat-controller-button="" data-colrs-fat-controller-button-main="" data-colrs-click="fatControllerVM.toggleItem()">
	
<!---->
<!----><span class="button-main-inner" data-colrs-if="!fatControllerVM.isInTrolley()" ng-transclude="">
			
			<span class="product-cta" aria-hidden="true" data-colrs-fat-controller-responsive-component="Add">
				Add
			</span>
			<span class="accessibility">Add</span>
			<span class="product-qty">1</span>
			<span class="accessibility" data-ng-bind="::fatControllerVM.product.prodA11yHeading">Kellogg's K-Time Baked Twists Strawberry &amp; Yoghurt Flavour Filled Snack Bars 5 pack 185g on special</span>
			<span class="product-text">for</span>
			<strong class="product-price">$2.00</strong>
			<span class="accessibility">to the trolley.</span>
			
			<!-- 
			<span class="product-saving" aria-hidden="true" data-colrs-if="fatControllerVM.defaultOption.hasDiscount()"
					data-colrs-fat-controller-responsive-component="Save">
				save 
				<strong>{{fatControllerVM.defaultOption.formattedDiscount}}</strong>
			</span>
			
			<span class="accessibility" data-colrs-if="fatControllerVM.defaultOption.hasDiscount()">
				save 
				{{fatControllerVM.defaultOption.formattedDiscount}}
			</span>
			-->
		</span><!-- end colrsIf: !fatControllerVM.isInTrolley() -->

</button><!-- end colrsIf: (fatControllerVM.defaultType === 'STANDARD') -->
	</div>
	<button id="_down_9264260P" class="button button-down" aria-expanded="false" data-colrs-fat-controller-button="" data-colrs-click="fatControllerVM.toggleSelect()" data-ng-blur="fatControllerVM.resetAnnounceElements(fatControllerVM.product.partNumber)">
		<svg focusable="false" class="icon icon-dropdown-small" role="presentation" aria-hidden="true">
			<use xlink:href="#icon-dropdown-small"></use>
		</svg>
		<span class="accessibility" id="_announce_9264260P"></span>
		<span class="accessibility"><br>choose a different quantity for</span>
		<span class="accessibility" data-ng-bind="::fatControllerVM.product.prodA11yHeading">Kellogg's K-Time Baked Twists Strawberry &amp; Yoghurt Flavour Filled Snack Bars 5 pack 185g on special</span>
	</button>
	<div class="button-confirmation">
		<div class="button-confirmation-container clear">
			<div class="button-confirmation-label">
				<span data-colrs-fat-controller-animation-message=""></span>
			</div>
		</div>
		<div class="button-confirmation-icon">
			<span class="icon-loading"></span>
		</div>
	</div>
	<!---->
	<p role="text" id="_proc_9264260P" class="accessibility" tabindex="-1"></p>
</div><!-- end colrsIf: fatControllerVM.showFatController -->

<!---->

</div>
	</div>
</strong></div><strong>

</strong></div><!---->
	<!---->
	<!---->
	<!---->
	<!---->
	<!---->
	<!---->
	<!---->
	<!---->
</div>

</div><!----><div class="colrs-animate tile-animate" data-ng-class="::{'tile-stagger': (productListVM.widget.searchInfo.currentPage > 1)}" data-ng-repeat="tile in productListVM.widget.tiles" data-colrs-tile="">
	
<div id="tile_colrsCatalogEntryListWidget_Data_2_3074457345618260154_3074457345618264559_41" data-tile-seq-no="38" data-ng-switch="::tile.type">
	<!----><div data-ng-switch-when="product" tile="tile" data-colrs-product-tile="">
	
<div class="product product-specials" data-colrs-product-style="::tile.data" data-ng-class="::{'has-merch-assoc':(productTileVM.context !== 'MODAL' &amp;&amp; product.productAssociation.isVisible &amp;&amp; product.productAssociation.isFromAssociation) || (tile.isTPB &amp;&amp; tile.hasTPBMerchAssociation), 'product-specials': tile.isTPB, 'has-flag': product.showAsUnavailable}" data-ng-hide="productTileVM.context === 'MODAL' &amp;&amp; product.showAsUnavailable &amp;&amp; !(product.isSizesVarieties)" aria-hidden="false">
	
	<!---->
 	<!---->
	<!---->
    
    <!---->
	<!---->
	<header role="presentation" class="product-header" data-colrs-product-header="">
		<!----><div class="product-icons" data-ng-if="::(product.badges.length &amp;&amp; ((productTileVM.context !== 'MODAL') || (productTileVM.hasProductTicketType &amp;&amp; productTileVM.context === 'MODAL')))">
			
			<!----><svg focusable="false" class="icon icon-specials-badge" role="presentation" aria-hidden="true"><use xmlns:xlink="http://www.w3.org/1999/xlink" xlink:href="#icon-specials-badge"></use></svg><!---->
		</div><!---->
		<!----><div class="product-image-container" data-ng-if="::productTileVM.context !== 'MODAL'">
			<!---->
	        <a class="product-image-link" data-ng-attr-href="{{::productTileVM.pdpHref}}" data-ng-click="productTileVM.openProduct($event)" href="/a/richmond-south/product/continental-convenience-meal-pasta-sauce-macaroni-cheese">
	            <div class="product-image">
					<span role="text">
						<img alt="Continental Macaroni Cheese Pasta &amp; Sauce Serves 3 105g on special" data-ng-src="/wcsstore/Coles-CAS/images/1/4/1/1416296-th.jpg" data-colrs-def-product-image="" aria-hidden="true" role="presentation" src="/wcsstore/Coles-CAS/images/1/4/1/1416296-th.jpg">
						<span class="accessibility-inline">Continental Macaroni Cheese Pasta &amp; Sauce Serves 3 105g on special</span>
					</span>
	            </div>
	        </a>
	    </div><!---->
	    <div class="product-main-info">
		    <!----><div data-ng-if="productTileVM.context !== 'MODAL'" class="accessibility-inline" data-colrs-page-focus-point="next_product38" colrs-product-option-temp-message=""></div><!---->
	    	<h3 class="product-title" data-ng-class="::{'product-no-desc': !product.showOnlineSizeDesc, 'short-width-title': product.hasRoundelPromo &amp;&amp; productTileVM.context !== 'MODAL'}" data-ng-attr-data-partnumber="{{::product.partNumber}}" data-ng-attr-data-itemid="{{::product.singleSKUCatalogEntryID}}" data-partnumber="1416296P" data-itemid="209627">
				<a data-ng-attr-href="{{::productTileVM.pdpHref}}" data-ng-click="productTileVM.openProduct($event)" href="/a/richmond-south/product/continental-convenience-meal-pasta-sauce-macaroni-cheese">
					<span role="text">
						<!---->
						<span class="product-brand" data-ng-bind="::product.displayBrandText">Continental</span>
						<span class="product-name" data-ng-bind="::product.displayNameText">Macaroni Cheese Pasta &amp; Sauce Serves 3</span>
						<span class="package-size accessibility-inline" data-ng-bind="::product.prodA11yHeadingSuffix">105g on special</span>
						<!---->
						<!---->
						<!---->
					</span>
				</a>
			</h3>
			<!---->
			<!----><span class="product-pricing-info" role="text" data-ng-if="::!product.price.isNaN">
	            <span class="price-container">
	            	<!---->
	            	<!--To reduce the space between $ and Hero price for Accessibility, combined span tags in same line-->
	            	<span class="currency-sign">$</span><span class="dollar-value" data-ng-bind="::product.price.dollarValue">1</span><span class="cent-value">.00</span>
	                <!---->
	            </span>
	            
               <!----><span class="saving-container" data-colrs-if="((productTileVM.defaultOption.hasDiscount()  &amp;&amp; !product.isMultiBuyPromo &amp;&amp; !product.tickettypeObject.isRedRing) || productTileVM.product.hasDownDown)">
                    <!----><span class="product-saving" data-colrs-if="!productTileVM.product.hasDownDown &amp;&amp; productTileVM.product.tickettype != 'X'">
                        <span class="product-save-prefix">
                            save
                        </span>
                        <span class="product-save-value">
                            <strong>$1.10</strong>
                        </span>
                    </span><!-- end colrsIf: !productTileVM.product.hasDownDown && productTileVM.product.tickettype != 'X' -->
                    <!----><strong>
                </strong></span><!-- end colrsIf: ((productTileVM.defaultOption.hasDiscount()  && !product.isMultiBuyPromo && !product.tickettypeObject.isRedRing) || productTileVM.product.hasDownDown) --><strong>
               
	        </strong></span><!----><strong>
	        <!---->
		</strong></div><strong>
        <div class="product-info">
			<p tabindex="-1">
				<!----><span class="package-size" aria-hidden="true" data-ng-if="::product.showOnlineSizeDesc" data-ng-bind="::product.sizeDescription">105g</span><!---->
				<!----><span class="delimeter" role="presentation" aria-hidden="true" data-ng-if="::(product.showOnlineSizeDesc &amp;&amp; product.unitPrice)"></span><!---->
				<span role="text">
					<span class="package-price" data-ng-bind="::product.unitPrice">$0.95 per 100G</span>
					<span class="accessibility-inline" data-ng-bind="::product.unitPriceA11y">Unit Price</span>
				</span>
			</p>
			<!---->
			<!---->
		</div>
		<!---->
	    <div class="product-price-estimate" data-colrs-product-price-estimate="" data-product="product">
	
<button class="action-alert-active ng-hide" role="text" data-ng-show="::colrsProductPriceEstimateVM.product.isWeightedItem" data-colrs-click="colrsProductPriceEstimateVM.showPriceAlertMessage()" aria-hidden="true">
    <svg focusable="false" class="icon icon-info-circle" aria-hidden="true" role="presentation">
        <use xlink:href="#icon-info-circle"></use>
    </svg>
    <span class="product-price-estimate-text">
	    Price is an estimate
		<span class="accessibility-inline">
			<!----> 
			<!---->
		</span>
	</span>
</button>
<div class="alert" aria-hidden="true" role="alert" data-ng-blur="colrsProductPriceEstimateVM.closePriceAlertMessageOnBodyClick($event)" data-ng-keydown="colrsProductPriceEstimateVM.alertKeyHandler($event)">
	<div class="alert-wrapper alert-information" data-colrs-click-ignore=""> 
		<span class="arrow"></span>
         <div class="close is-dark">
             <a data-ng-href="" class="popup-close" title="pop up" data-ng-click="colrsProductPriceEstimateVM.hidePriceAlertMessage()">
                 <svg role="presentation" focusable="false" class="icon icon-cross" aria-hidden="true">
                     <use xmlns:xlink="http://www.w3.org/1999/xlink" xlink:href="#icon-cross"></use>
                 </svg>
             </a>
         </div>
		<div class="alert-content">
			<!----> 
			<!---->
		</div>
	</div>
</div>

</div>
	    <!---->
	</strong></header><strong>
	<!---->
	<!----><div class="product-assoc-link" data-ng-class="{'isVisible': product.assocIsVisible}" data-colrs-product-assoc-link="" data-product="product" data-ng-if="productTileVM.context !== 'MODAL' &amp;&amp; !product.showAsUnavailable">
	
<button class="assoc-link-btn" data-ng-click="productAssocLinkVM.openSizesAndVarietiesModal($event, productAssocLinkVM.product)">
	<span role="text">
		<span data-ng-bind-html="productAssocLinkVM.assocLinkTxt"></span>
		<svg focusable="false" class="icon icon-arrow" role="presentation" aria-hidden="true">
		    <use xmlns:xlink="http://www.w3.org/1999/xlink" xlink:href="#icon-arrow"></use>
		</svg>
	</span>
</button>


</div><!---->
	<!-- Fat controller and lists container -->
	<div class="product-actions-container">
		<!----><div class="product-options-container" data-ng-if="productTileVM.context !== 'MODAL'" data-colrs-product-options="">
	
<!---->

</div><!---->
		<!---->
		<div class="fat-controller is-full-width" data-ng-class="{'is-full-width':!productTileVM.isRegistered}" data-container="tile" data-product="product" data-context="" data-show-savings="false" data-colrs-fat-controller="">
	
<ng-transclude></ng-transclude>
<!----><div class="fc-button" data-colrs-fat-controller-container="" data-colrs-if="fatControllerVM.showFatController" data-ng-class="{'is-expanded': fatControllerVM.isExpanded}">
	<div class="button-main-container clear" data-colrs-fat-controller-responsive="">
		<!---->
		<!---->
		<!----><button type="submit" id="_btn_1416296P" class="button button-main" data-colrs-if="(fatControllerVM.defaultType === 'STANDARD')" data-colrs-fat-controller-button="" data-colrs-fat-controller-button-main="" data-colrs-click="fatControllerVM.toggleItem()">
	
<!---->
<!----><span class="button-main-inner" data-colrs-if="!fatControllerVM.isInTrolley()" ng-transclude="">
			
			<span class="product-cta" aria-hidden="true" data-colrs-fat-controller-responsive-component="Add">
				Add
			</span>
			<span class="accessibility">Add</span>
			<span class="product-qty">1</span>
			<span class="accessibility" data-ng-bind="::fatControllerVM.product.prodA11yHeading">Continental Macaroni Cheese Pasta &amp; Sauce Serves 3 105g on special</span>
			<span class="product-text">for</span>
			<strong class="product-price">$1.00</strong>
			<span class="accessibility">to the trolley.</span>
			
			<!-- 
			<span class="product-saving" aria-hidden="true" data-colrs-if="fatControllerVM.defaultOption.hasDiscount()"
					data-colrs-fat-controller-responsive-component="Save">
				save 
				<strong>{{fatControllerVM.defaultOption.formattedDiscount}}</strong>
			</span>
			
			<span class="accessibility" data-colrs-if="fatControllerVM.defaultOption.hasDiscount()">
				save 
				{{fatControllerVM.defaultOption.formattedDiscount}}
			</span>
			-->
		</span><!-- end colrsIf: !fatControllerVM.isInTrolley() -->

</button><!-- end colrsIf: (fatControllerVM.defaultType === 'STANDARD') -->
	</div>
	<button id="_down_1416296P" class="button button-down" aria-expanded="false" data-colrs-fat-controller-button="" data-colrs-click="fatControllerVM.toggleSelect()" data-ng-blur="fatControllerVM.resetAnnounceElements(fatControllerVM.product.partNumber)">
		<svg focusable="false" class="icon icon-dropdown-small" role="presentation" aria-hidden="true">
			<use xlink:href="#icon-dropdown-small"></use>
		</svg>
		<span class="accessibility" id="_announce_1416296P"></span>
		<span class="accessibility"><br>choose a different quantity for</span>
		<span class="accessibility" data-ng-bind="::fatControllerVM.product.prodA11yHeading">Continental Macaroni Cheese Pasta &amp; Sauce Serves 3 105g on special</span>
	</button>
	<div class="button-confirmation">
		<div class="button-confirmation-container clear">
			<div class="button-confirmation-label">
				<span data-colrs-fat-controller-animation-message=""></span>
			</div>
		</div>
		<div class="button-confirmation-icon">
			<span class="icon-loading"></span>
		</div>
	</div>
	<!---->
	<p role="text" id="_proc_1416296P" class="accessibility" tabindex="-1"></p>
</div><!-- end colrsIf: fatControllerVM.showFatController -->

<!---->

</div>
	</div>
</strong></div><strong>

</strong></div><!---->
	<!---->
	<!---->
	<!---->
	<!---->
	<!---->
	<!---->
	<!---->
	<!---->
</div>

</div><!----><div class="colrs-animate tile-animate" data-ng-class="::{'tile-stagger': (productListVM.widget.searchInfo.currentPage > 1)}" data-ng-repeat="tile in productListVM.widget.tiles" data-colrs-tile="">
	
<div id="tile_colrsCatalogEntryListWidget_Data_2_3074457345618260154_3074457345618264559_42" data-tile-seq-no="39" data-ng-switch="::tile.type">
	<!----><div data-ng-switch-when="product" tile="tile" data-colrs-product-tile="">
	
<div class="product product-specials" data-colrs-product-style="::tile.data" data-ng-class="::{'has-merch-assoc':(productTileVM.context !== 'MODAL' &amp;&amp; product.productAssociation.isVisible &amp;&amp; product.productAssociation.isFromAssociation) || (tile.isTPB &amp;&amp; tile.hasTPBMerchAssociation), 'product-specials': tile.isTPB, 'has-flag': product.showAsUnavailable}" data-ng-hide="productTileVM.context === 'MODAL' &amp;&amp; product.showAsUnavailable &amp;&amp; !(product.isSizesVarieties)" aria-hidden="false">
	
	<!---->
 	<!---->
	<!---->
    
    <!---->
	<!---->
	<header role="presentation" class="product-header" data-colrs-product-header="">
		<!----><div class="product-icons" data-ng-if="::(product.badges.length &amp;&amp; ((productTileVM.context !== 'MODAL') || (productTileVM.hasProductTicketType &amp;&amp; productTileVM.context === 'MODAL')))">
			
			<!----><svg focusable="false" class="icon icon-specials-badge" role="presentation" aria-hidden="true"><use xmlns:xlink="http://www.w3.org/1999/xlink" xlink:href="#icon-specials-badge"></use></svg><!---->
		</div><!---->
		<!----><div class="product-image-container" data-ng-if="::productTileVM.context !== 'MODAL'">
			<!---->
	        <a class="product-image-link" data-ng-attr-href="{{::productTileVM.pdpHref}}" data-ng-click="productTileVM.openProduct($event)" href="/a/richmond-south/product/dairy-farmers-yoghurt-thick-creamy-original">
	            <div class="product-image">
					<span role="text">
						<img alt="Dairy Farmers Thick &amp; Creamy Classic Vanilla Yoghurt 150g on special" data-ng-src="/wcsstore/Coles-CAS/images/1/1/9/1198548-th.jpg" data-colrs-def-product-image="" aria-hidden="true" role="presentation" src="/wcsstore/Coles-CAS/images/1/1/9/1198548-th.jpg">
						<span class="accessibility-inline">Dairy Farmers Thick &amp; Creamy Classic Vanilla Yoghurt 150g on special</span>
					</span>
	            </div>
	        </a>
	    </div><!---->
	    <div class="product-main-info">
		    <!----><div data-ng-if="productTileVM.context !== 'MODAL'" class="accessibility-inline" data-colrs-page-focus-point="next_product39" colrs-product-option-temp-message=""></div><!---->
	    	<h3 class="product-title" data-ng-class="::{'product-no-desc': !product.showOnlineSizeDesc, 'short-width-title': product.hasRoundelPromo &amp;&amp; productTileVM.context !== 'MODAL'}" data-ng-attr-data-partnumber="{{::product.partNumber}}" data-ng-attr-data-itemid="{{::product.singleSKUCatalogEntryID}}" data-partnumber="1198548P" data-itemid="249603">
				<a data-ng-attr-href="{{::productTileVM.pdpHref}}" data-ng-click="productTileVM.openProduct($event)" href="/a/richmond-south/product/dairy-farmers-yoghurt-thick-creamy-original">
					<span role="text">
						<!---->
						<span class="product-brand" data-ng-bind="::product.displayBrandText">Dairy Farmers</span>
						<span class="product-name" data-ng-bind="::product.displayNameText">Thick &amp; Creamy Classic Vanilla Yoghurt</span>
						<span class="package-size accessibility-inline" data-ng-bind="::product.prodA11yHeadingSuffix">150g on special</span>
						<!---->
						<!---->
						<!---->
					</span>
				</a>
			</h3>
			<!---->
			<!----><span class="product-pricing-info" role="text" data-ng-if="::!product.price.isNaN">
	            <span class="price-container">
	            	<!---->
	            	<!--To reduce the space between $ and Hero price for Accessibility, combined span tags in same line-->
	            	<span class="currency-sign">$</span><span class="dollar-value" data-ng-bind="::product.price.dollarValue">1</span><span class="cent-value">.00</span>
	                <!---->
	            </span>
	            
               <!----><span class="saving-container" data-colrs-if="((productTileVM.defaultOption.hasDiscount()  &amp;&amp; !product.isMultiBuyPromo &amp;&amp; !product.tickettypeObject.isRedRing) || productTileVM.product.hasDownDown)">
                    <!----><span class="product-saving" data-colrs-if="!productTileVM.product.hasDownDown &amp;&amp; productTileVM.product.tickettype != 'X'">
                        <span class="product-save-prefix">
                            save
                        </span>
                        <span class="product-save-value">
                            <strong>$1.20</strong>
                        </span>
                    </span><!-- end colrsIf: !productTileVM.product.hasDownDown && productTileVM.product.tickettype != 'X' -->
                    <!----><strong>
                </strong></span><!-- end colrsIf: ((productTileVM.defaultOption.hasDiscount()  && !product.isMultiBuyPromo && !product.tickettypeObject.isRedRing) || productTileVM.product.hasDownDown) --><strong>
               
	        </strong></span><!----><strong>
	        <!---->
		</strong></div><strong>
        <div class="product-info">
			<p tabindex="-1">
				<!----><span class="package-size" aria-hidden="true" data-ng-if="::product.showOnlineSizeDesc" data-ng-bind="::product.sizeDescription">150g</span><!---->
				<!----><span class="delimeter" role="presentation" aria-hidden="true" data-ng-if="::(product.showOnlineSizeDesc &amp;&amp; product.unitPrice)"></span><!---->
				<span role="text">
					<span class="package-price" data-ng-bind="::product.unitPrice">$0.67 per 100G</span>
					<span class="accessibility-inline" data-ng-bind="::product.unitPriceA11y">Unit Price</span>
				</span>
			</p>
			<!---->
			<!---->
		</div>
		<!---->
	    <div class="product-price-estimate" data-colrs-product-price-estimate="" data-product="product">
	
<button class="action-alert-active ng-hide" role="text" data-ng-show="::colrsProductPriceEstimateVM.product.isWeightedItem" data-colrs-click="colrsProductPriceEstimateVM.showPriceAlertMessage()" aria-hidden="true">
    <svg focusable="false" class="icon icon-info-circle" aria-hidden="true" role="presentation">
        <use xlink:href="#icon-info-circle"></use>
    </svg>
    <span class="product-price-estimate-text">
	    Price is an estimate
		<span class="accessibility-inline">
			<!----> 
			<!---->
		</span>
	</span>
</button>
<div class="alert" aria-hidden="true" role="alert" data-ng-blur="colrsProductPriceEstimateVM.closePriceAlertMessageOnBodyClick($event)" data-ng-keydown="colrsProductPriceEstimateVM.alertKeyHandler($event)">
	<div class="alert-wrapper alert-information" data-colrs-click-ignore=""> 
		<span class="arrow"></span>
         <div class="close is-dark">
             <a data-ng-href="" class="popup-close" title="pop up" data-ng-click="colrsProductPriceEstimateVM.hidePriceAlertMessage()">
                 <svg role="presentation" focusable="false" class="icon icon-cross" aria-hidden="true">
                     <use xmlns:xlink="http://www.w3.org/1999/xlink" xlink:href="#icon-cross"></use>
                 </svg>
             </a>
         </div>
		<div class="alert-content">
			<!----> 
			<!---->
		</div>
	</div>
</div>

</div>
	    <!---->
	</strong></header><strong>
	<!---->
	<!----><div class="product-assoc-link" data-ng-class="{'isVisible': product.assocIsVisible}" data-colrs-product-assoc-link="" data-product="product" data-ng-if="productTileVM.context !== 'MODAL' &amp;&amp; !product.showAsUnavailable">
	
<button class="assoc-link-btn" data-ng-click="productAssocLinkVM.openSizesAndVarietiesModal($event, productAssocLinkVM.product)">
	<span role="text">
		<span data-ng-bind-html="productAssocLinkVM.assocLinkTxt"></span>
		<svg focusable="false" class="icon icon-arrow" role="presentation" aria-hidden="true">
		    <use xmlns:xlink="http://www.w3.org/1999/xlink" xlink:href="#icon-arrow"></use>
		</svg>
	</span>
</button>


</div><!---->
	<!-- Fat controller and lists container -->
	<div class="product-actions-container">
		<!----><div class="product-options-container" data-ng-if="productTileVM.context !== 'MODAL'" data-colrs-product-options="">
	
<!---->

</div><!---->
		<!---->
		<div class="fat-controller is-full-width" data-ng-class="{'is-full-width':!productTileVM.isRegistered}" data-container="tile" data-product="product" data-context="" data-show-savings="false" data-colrs-fat-controller="">
	
<ng-transclude></ng-transclude>
<!----><div class="fc-button" data-colrs-fat-controller-container="" data-colrs-if="fatControllerVM.showFatController" data-ng-class="{'is-expanded': fatControllerVM.isExpanded}">
	<div class="button-main-container clear" data-colrs-fat-controller-responsive="">
		<!---->
		<!---->
		<!----><button type="submit" id="_btn_1198548P" class="button button-main" data-colrs-if="(fatControllerVM.defaultType === 'STANDARD')" data-colrs-fat-controller-button="" data-colrs-fat-controller-button-main="" data-colrs-click="fatControllerVM.toggleItem()">
	
<!---->
<!----><span class="button-main-inner" data-colrs-if="!fatControllerVM.isInTrolley()" ng-transclude="">
			
			<span class="product-cta" aria-hidden="true" data-colrs-fat-controller-responsive-component="Add">
				Add
			</span>
			<span class="accessibility">Add</span>
			<span class="product-qty">1</span>
			<span class="accessibility" data-ng-bind="::fatControllerVM.product.prodA11yHeading">Dairy Farmers Thick &amp; Creamy Classic Vanilla Yoghurt 150g on special</span>
			<span class="product-text">for</span>
			<strong class="product-price">$1.00</strong>
			<span class="accessibility">to the trolley.</span>
			
			<!-- 
			<span class="product-saving" aria-hidden="true" data-colrs-if="fatControllerVM.defaultOption.hasDiscount()"
					data-colrs-fat-controller-responsive-component="Save">
				save 
				<strong>{{fatControllerVM.defaultOption.formattedDiscount}}</strong>
			</span>
			
			<span class="accessibility" data-colrs-if="fatControllerVM.defaultOption.hasDiscount()">
				save 
				{{fatControllerVM.defaultOption.formattedDiscount}}
			</span>
			-->
		</span><!-- end colrsIf: !fatControllerVM.isInTrolley() -->

</button><!-- end colrsIf: (fatControllerVM.defaultType === 'STANDARD') -->
	</div>
	<button id="_down_1198548P" class="button button-down" aria-expanded="false" data-colrs-fat-controller-button="" data-colrs-click="fatControllerVM.toggleSelect()" data-ng-blur="fatControllerVM.resetAnnounceElements(fatControllerVM.product.partNumber)">
		<svg focusable="false" class="icon icon-dropdown-small" role="presentation" aria-hidden="true">
			<use xlink:href="#icon-dropdown-small"></use>
		</svg>
		<span class="accessibility" id="_announce_1198548P"></span>
		<span class="accessibility"><br>choose a different quantity for</span>
		<span class="accessibility" data-ng-bind="::fatControllerVM.product.prodA11yHeading">Dairy Farmers Thick &amp; Creamy Classic Vanilla Yoghurt 150g on special</span>
	</button>
	<div class="button-confirmation">
		<div class="button-confirmation-container clear">
			<div class="button-confirmation-label">
				<span data-colrs-fat-controller-animation-message=""></span>
			</div>
		</div>
		<div class="button-confirmation-icon">
			<span class="icon-loading"></span>
		</div>
	</div>
	<!---->
	<p role="text" id="_proc_1198548P" class="accessibility" tabindex="-1"></p>
</div><!-- end colrsIf: fatControllerVM.showFatController -->

<!---->

</div>
	</div>
</strong></div><strong>

</strong></div><!---->
	<!---->
	<!---->
	<!---->
	<!---->
	<!---->
	<!---->
	<!---->
	<!---->
</div>

</div><!----><div class="colrs-animate tile-animate" data-ng-class="::{'tile-stagger': (productListVM.widget.searchInfo.currentPage > 1)}" data-ng-repeat="tile in productListVM.widget.tiles" data-colrs-tile="">
	
<div id="tile_colrsCatalogEntryListWidget_Data_2_3074457345618260154_3074457345618264559_43" data-tile-seq-no="40" data-ng-switch="::tile.type">
	<!----><div data-ng-switch-when="product" tile="tile" data-colrs-product-tile="">
	
<div class="product product-specials" data-colrs-product-style="::tile.data" data-ng-class="::{'has-merch-assoc':(productTileVM.context !== 'MODAL' &amp;&amp; product.productAssociation.isVisible &amp;&amp; product.productAssociation.isFromAssociation) || (tile.isTPB &amp;&amp; tile.hasTPBMerchAssociation), 'product-specials': tile.isTPB, 'has-flag': product.showAsUnavailable}" data-ng-hide="productTileVM.context === 'MODAL' &amp;&amp; product.showAsUnavailable &amp;&amp; !(product.isSizesVarieties)" aria-hidden="false">
	
	<!---->
 	<!---->
	<!---->
    
    <!---->
	<!---->
	<header role="presentation" class="product-header" data-colrs-product-header="">
		<!----><div class="product-icons" data-ng-if="::(product.badges.length &amp;&amp; ((productTileVM.context !== 'MODAL') || (productTileVM.hasProductTicketType &amp;&amp; productTileVM.context === 'MODAL')))">
			
			<!----><svg focusable="false" class="icon icon-specials-badge" role="presentation" aria-hidden="true"><use xmlns:xlink="http://www.w3.org/1999/xlink" xlink:href="#icon-specials-badge"></use></svg><!---->
		</div><!---->
		<!----><div class="product-image-container" data-ng-if="::productTileVM.context !== 'MODAL'">
			<!---->
	        <a class="product-image-link" data-ng-attr-href="{{::productTileVM.pdpHref}}" data-ng-click="productTileVM.openProduct($event)" href="/a/richmond-south/product/dairy-farmers-yoghurt-thick-creamy-strawberry-1198468p">
	            <div class="product-image">
					<span role="text">
						<img alt="Dairy Farmers Thick N Creamy Strawberry Yoghurt 150g on special" data-ng-src="/wcsstore/Coles-CAS/images/1/1/9/1198468-th.jpg" data-colrs-def-product-image="" aria-hidden="true" role="presentation" src="/wcsstore/Coles-CAS/images/1/1/9/1198468-th.jpg">
						<span class="accessibility-inline">Dairy Farmers Thick N Creamy Strawberry Yoghurt 150g on special</span>
					</span>
	            </div>
	        </a>
	    </div><!---->
	    <div class="product-main-info">
		    <!----><div data-ng-if="productTileVM.context !== 'MODAL'" class="accessibility-inline" data-colrs-page-focus-point="next_product40" colrs-product-option-temp-message=""></div><!---->
	    	<h3 class="product-title" data-ng-class="::{'product-no-desc': !product.showOnlineSizeDesc, 'short-width-title': product.hasRoundelPromo &amp;&amp; productTileVM.context !== 'MODAL'}" data-ng-attr-data-partnumber="{{::product.partNumber}}" data-ng-attr-data-itemid="{{::product.singleSKUCatalogEntryID}}" data-partnumber="1198468P" data-itemid="249573">
				<a data-ng-attr-href="{{::productTileVM.pdpHref}}" data-ng-click="productTileVM.openProduct($event)" href="/a/richmond-south/product/dairy-farmers-yoghurt-thick-creamy-strawberry-1198468p">
					<span role="text">
						<!---->
						<span class="product-brand" data-ng-bind="::product.displayBrandText">Dairy Farmers</span>
						<span class="product-name" data-ng-bind="::product.displayNameText">Thick N Creamy Strawberry Yoghurt</span>
						<span class="package-size accessibility-inline" data-ng-bind="::product.prodA11yHeadingSuffix">150g on special</span>
						<!---->
						<!---->
						<!---->
					</span>
				</a>
			</h3>
			<!---->
			<!----><span class="product-pricing-info" role="text" data-ng-if="::!product.price.isNaN">
	            <span class="price-container">
	            	<!---->
	            	<!--To reduce the space between $ and Hero price for Accessibility, combined span tags in same line-->
	            	<span class="currency-sign">$</span><span class="dollar-value" data-ng-bind="::product.price.dollarValue">1</span><span class="cent-value">.00</span>
	                <!---->
	            </span>
	            
               <!----><span class="saving-container" data-colrs-if="((productTileVM.defaultOption.hasDiscount()  &amp;&amp; !product.isMultiBuyPromo &amp;&amp; !product.tickettypeObject.isRedRing) || productTileVM.product.hasDownDown)">
                    <!----><span class="product-saving" data-colrs-if="!productTileVM.product.hasDownDown &amp;&amp; productTileVM.product.tickettype != 'X'">
                        <span class="product-save-prefix">
                            save
                        </span>
                        <span class="product-save-value">
                            <strong>$1.20</strong>
                        </span>
                    </span><!-- end colrsIf: !productTileVM.product.hasDownDown && productTileVM.product.tickettype != 'X' -->
                    <!----><strong>
                </strong></span><!-- end colrsIf: ((productTileVM.defaultOption.hasDiscount()  && !product.isMultiBuyPromo && !product.tickettypeObject.isRedRing) || productTileVM.product.hasDownDown) --><strong>
               
	        </strong></span><!----><strong>
	        <!---->
		</strong></div><strong>
        <div class="product-info">
			<p tabindex="-1">
				<!----><span class="package-size" aria-hidden="true" data-ng-if="::product.showOnlineSizeDesc" data-ng-bind="::product.sizeDescription">150g</span><!---->
				<!----><span class="delimeter" role="presentation" aria-hidden="true" data-ng-if="::(product.showOnlineSizeDesc &amp;&amp; product.unitPrice)"></span><!---->
				<span role="text">
					<span class="package-price" data-ng-bind="::product.unitPrice">$0.67 per 100G</span>
					<span class="accessibility-inline" data-ng-bind="::product.unitPriceA11y">Unit Price</span>
				</span>
			</p>
			<!---->
			<!---->
		</div>
		<!---->
	    <div class="product-price-estimate" data-colrs-product-price-estimate="" data-product="product">
	
<button class="action-alert-active ng-hide" role="text" data-ng-show="::colrsProductPriceEstimateVM.product.isWeightedItem" data-colrs-click="colrsProductPriceEstimateVM.showPriceAlertMessage()" aria-hidden="true">
    <svg focusable="false" class="icon icon-info-circle" aria-hidden="true" role="presentation">
        <use xlink:href="#icon-info-circle"></use>
    </svg>
    <span class="product-price-estimate-text">
	    Price is an estimate
		<span class="accessibility-inline">
			<!----> 
			<!---->
		</span>
	</span>
</button>
<div class="alert" aria-hidden="true" role="alert" data-ng-blur="colrsProductPriceEstimateVM.closePriceAlertMessageOnBodyClick($event)" data-ng-keydown="colrsProductPriceEstimateVM.alertKeyHandler($event)">
	<div class="alert-wrapper alert-information" data-colrs-click-ignore=""> 
		<span class="arrow"></span>
         <div class="close is-dark">
             <a data-ng-href="" class="popup-close" title="pop up" data-ng-click="colrsProductPriceEstimateVM.hidePriceAlertMessage()">
                 <svg role="presentation" focusable="false" class="icon icon-cross" aria-hidden="true">
                     <use xmlns:xlink="http://www.w3.org/1999/xlink" xlink:href="#icon-cross"></use>
                 </svg>
             </a>
         </div>
		<div class="alert-content">
			<!----> 
			<!---->
		</div>
	</div>
</div>

</div>
	    <!---->
	</strong></header><strong>
	<!---->
	<!----><div class="product-assoc-link" data-ng-class="{'isVisible': product.assocIsVisible}" data-colrs-product-assoc-link="" data-product="product" data-ng-if="productTileVM.context !== 'MODAL' &amp;&amp; !product.showAsUnavailable">
	
<button class="assoc-link-btn" data-ng-click="productAssocLinkVM.openSizesAndVarietiesModal($event, productAssocLinkVM.product)">
	<span role="text">
		<span data-ng-bind-html="productAssocLinkVM.assocLinkTxt"></span>
		<svg focusable="false" class="icon icon-arrow" role="presentation" aria-hidden="true">
		    <use xmlns:xlink="http://www.w3.org/1999/xlink" xlink:href="#icon-arrow"></use>
		</svg>
	</span>
</button>


</div><!---->
	<!-- Fat controller and lists container -->
	<div class="product-actions-container">
		<!----><div class="product-options-container" data-ng-if="productTileVM.context !== 'MODAL'" data-colrs-product-options="">
	
<!---->

</div><!---->
		<!---->
		<div class="fat-controller is-full-width" data-ng-class="{'is-full-width':!productTileVM.isRegistered}" data-container="tile" data-product="product" data-context="" data-show-savings="false" data-colrs-fat-controller="">
	
<ng-transclude></ng-transclude>
<!----><div class="fc-button" data-colrs-fat-controller-container="" data-colrs-if="fatControllerVM.showFatController" data-ng-class="{'is-expanded': fatControllerVM.isExpanded}">
	<div class="button-main-container clear" data-colrs-fat-controller-responsive="">
		<!---->
		<!---->
		<!----><button type="submit" id="_btn_1198468P" class="button button-main" data-colrs-if="(fatControllerVM.defaultType === 'STANDARD')" data-colrs-fat-controller-button="" data-colrs-fat-controller-button-main="" data-colrs-click="fatControllerVM.toggleItem()">
	
<!---->
<!----><span class="button-main-inner" data-colrs-if="!fatControllerVM.isInTrolley()" ng-transclude="">
			
			<span class="product-cta" aria-hidden="true" data-colrs-fat-controller-responsive-component="Add">
				Add
			</span>
			<span class="accessibility">Add</span>
			<span class="product-qty">1</span>
			<span class="accessibility" data-ng-bind="::fatControllerVM.product.prodA11yHeading">Dairy Farmers Thick N Creamy Strawberry Yoghurt 150g on special</span>
			<span class="product-text">for</span>
			<strong class="product-price">$1.00</strong>
			<span class="accessibility">to the trolley.</span>
			
			<!-- 
			<span class="product-saving" aria-hidden="true" data-colrs-if="fatControllerVM.defaultOption.hasDiscount()"
					data-colrs-fat-controller-responsive-component="Save">
				save 
				<strong>{{fatControllerVM.defaultOption.formattedDiscount}}</strong>
			</span>
			
			<span class="accessibility" data-colrs-if="fatControllerVM.defaultOption.hasDiscount()">
				save 
				{{fatControllerVM.defaultOption.formattedDiscount}}
			</span>
			-->
		</span><!-- end colrsIf: !fatControllerVM.isInTrolley() -->

</button><!-- end colrsIf: (fatControllerVM.defaultType === 'STANDARD') -->
	</div>
	<button id="_down_1198468P" class="button button-down" aria-expanded="false" data-colrs-fat-controller-button="" data-colrs-click="fatControllerVM.toggleSelect()" data-ng-blur="fatControllerVM.resetAnnounceElements(fatControllerVM.product.partNumber)">
		<svg focusable="false" class="icon icon-dropdown-small" role="presentation" aria-hidden="true">
			<use xlink:href="#icon-dropdown-small"></use>
		</svg>
		<span class="accessibility" id="_announce_1198468P"></span>
		<span class="accessibility"><br>choose a different quantity for</span>
		<span class="accessibility" data-ng-bind="::fatControllerVM.product.prodA11yHeading">Dairy Farmers Thick N Creamy Strawberry Yoghurt 150g on special</span>
	</button>
	<div class="button-confirmation">
		<div class="button-confirmation-container clear">
			<div class="button-confirmation-label">
				<span data-colrs-fat-controller-animation-message=""></span>
			</div>
		</div>
		<div class="button-confirmation-icon">
			<span class="icon-loading"></span>
		</div>
	</div>
	<!---->
	<p role="text" id="_proc_1198468P" class="accessibility" tabindex="-1"></p>
</div><!-- end colrsIf: fatControllerVM.showFatController -->

<!---->

</div>
	</div>
</strong></div><strong>

</strong></div><!---->
	<!---->
	<!---->
	<!---->
	<!---->
	<!---->
	<!---->
	<!---->
	<!---->
</div>

</div><!----><div class="colrs-animate tile-animate" data-ng-class="::{'tile-stagger': (productListVM.widget.searchInfo.currentPage > 1)}" data-ng-repeat="tile in productListVM.widget.tiles" data-colrs-tile="">
	
<div id="tile_colrsCatalogEntryListWidget_Data_2_3074457345618260154_3074457345618264559_44" data-tile-seq-no="41" data-ng-switch="::tile.type">
	<!----><div data-ng-switch-when="product" tile="tile" data-colrs-product-tile="">
	
<div class="product product-specials" data-colrs-product-style="::tile.data" data-ng-class="::{'has-merch-assoc':(productTileVM.context !== 'MODAL' &amp;&amp; product.productAssociation.isVisible &amp;&amp; product.productAssociation.isFromAssociation) || (tile.isTPB &amp;&amp; tile.hasTPBMerchAssociation), 'product-specials': tile.isTPB, 'has-flag': product.showAsUnavailable}" data-ng-hide="productTileVM.context === 'MODAL' &amp;&amp; product.showAsUnavailable &amp;&amp; !(product.isSizesVarieties)" aria-hidden="false">
	
	<!---->
 	<!---->
	<!---->
    
    <!---->
	<!---->
	<header role="presentation" class="product-header" data-colrs-product-header="">
		<!----><div class="product-icons" data-ng-if="::(product.badges.length &amp;&amp; ((productTileVM.context !== 'MODAL') || (productTileVM.hasProductTicketType &amp;&amp; productTileVM.context === 'MODAL')))">
			
			<!----><svg focusable="false" class="icon icon-specials-badge" role="presentation" aria-hidden="true"><use xmlns:xlink="http://www.w3.org/1999/xlink" xlink:href="#icon-specials-badge"></use></svg><!---->
		</div><!---->
		<!----><div class="product-image-container" data-ng-if="::productTileVM.context !== 'MODAL'">
			<!---->
	        <a class="product-image-link" data-ng-attr-href="{{::productTileVM.pdpHref}}" data-ng-click="productTileVM.openProduct($event)" href="/a/richmond-south/product/dairy-farmers-yoghurt-thick-creamy-lemon-cream">
	            <div class="product-image">
					<span role="text">
						<img alt="Dairy Farmers Thick &amp; Creamy Lemon Cream Yoghurt 150g on special" data-ng-src="/wcsstore/Coles-CAS/images/1/1/9/1198537-th.jpg" data-colrs-def-product-image="" aria-hidden="true" role="presentation" src="/wcsstore/Coles-CAS/images/1/1/9/1198537-th.jpg">
						<span class="accessibility-inline">Dairy Farmers Thick &amp; Creamy Lemon Cream Yoghurt 150g on special</span>
					</span>
	            </div>
	        </a>
	    </div><!---->
	    <div class="product-main-info">
		    <!----><div data-ng-if="productTileVM.context !== 'MODAL'" class="accessibility-inline" data-colrs-page-focus-point="next_product41" colrs-product-option-temp-message=""></div><!---->
	    	<h3 class="product-title" data-ng-class="::{'product-no-desc': !product.showOnlineSizeDesc, 'short-width-title': product.hasRoundelPromo &amp;&amp; productTileVM.context !== 'MODAL'}" data-ng-attr-data-partnumber="{{::product.partNumber}}" data-ng-attr-data-itemid="{{::product.singleSKUCatalogEntryID}}" data-partnumber="1198537P" data-itemid="249616">
				<a data-ng-attr-href="{{::productTileVM.pdpHref}}" data-ng-click="productTileVM.openProduct($event)" href="/a/richmond-south/product/dairy-farmers-yoghurt-thick-creamy-lemon-cream">
					<span role="text">
						<!---->
						<span class="product-brand" data-ng-bind="::product.displayBrandText">Dairy Farmers</span>
						<span class="product-name" data-ng-bind="::product.displayNameText">Thick &amp; Creamy Lemon Cream Yoghurt</span>
						<span class="package-size accessibility-inline" data-ng-bind="::product.prodA11yHeadingSuffix">150g on special</span>
						<!---->
						<!---->
						<!---->
					</span>
				</a>
			</h3>
			<!---->
			<!----><span class="product-pricing-info" role="text" data-ng-if="::!product.price.isNaN">
	            <span class="price-container">
	            	<!---->
	            	<!--To reduce the space between $ and Hero price for Accessibility, combined span tags in same line-->
	            	<span class="currency-sign">$</span><span class="dollar-value" data-ng-bind="::product.price.dollarValue">1</span><span class="cent-value">.00</span>
	                <!---->
	            </span>
	            
               <!----><span class="saving-container" data-colrs-if="((productTileVM.defaultOption.hasDiscount()  &amp;&amp; !product.isMultiBuyPromo &amp;&amp; !product.tickettypeObject.isRedRing) || productTileVM.product.hasDownDown)">
                    <!----><span class="product-saving" data-colrs-if="!productTileVM.product.hasDownDown &amp;&amp; productTileVM.product.tickettype != 'X'">
                        <span class="product-save-prefix">
                            save
                        </span>
                        <span class="product-save-value">
                            <strong>$1.20</strong>
                        </span>
                    </span><!-- end colrsIf: !productTileVM.product.hasDownDown && productTileVM.product.tickettype != 'X' -->
                    <!----><strong>
                </strong></span><!-- end colrsIf: ((productTileVM.defaultOption.hasDiscount()  && !product.isMultiBuyPromo && !product.tickettypeObject.isRedRing) || productTileVM.product.hasDownDown) --><strong>
               
	        </strong></span><!----><strong>
	        <!---->
		</strong></div><strong>
        <div class="product-info">
			<p tabindex="-1">
				<!----><span class="package-size" aria-hidden="true" data-ng-if="::product.showOnlineSizeDesc" data-ng-bind="::product.sizeDescription">150g</span><!---->
				<!----><span class="delimeter" role="presentation" aria-hidden="true" data-ng-if="::(product.showOnlineSizeDesc &amp;&amp; product.unitPrice)"></span><!---->
				<span role="text">
					<span class="package-price" data-ng-bind="::product.unitPrice">$0.67 per 100G</span>
					<span class="accessibility-inline" data-ng-bind="::product.unitPriceA11y">Unit Price</span>
				</span>
			</p>
			<!---->
			<!---->
		</div>
		<!---->
	    <div class="product-price-estimate" data-colrs-product-price-estimate="" data-product="product">
	
<button class="action-alert-active ng-hide" role="text" data-ng-show="::colrsProductPriceEstimateVM.product.isWeightedItem" data-colrs-click="colrsProductPriceEstimateVM.showPriceAlertMessage()" aria-hidden="true">
    <svg focusable="false" class="icon icon-info-circle" aria-hidden="true" role="presentation">
        <use xlink:href="#icon-info-circle"></use>
    </svg>
    <span class="product-price-estimate-text">
	    Price is an estimate
		<span class="accessibility-inline">
			<!----> 
			<!---->
		</span>
	</span>
</button>
<div class="alert" aria-hidden="true" role="alert" data-ng-blur="colrsProductPriceEstimateVM.closePriceAlertMessageOnBodyClick($event)" data-ng-keydown="colrsProductPriceEstimateVM.alertKeyHandler($event)">
	<div class="alert-wrapper alert-information" data-colrs-click-ignore=""> 
		<span class="arrow"></span>
         <div class="close is-dark">
             <a data-ng-href="" class="popup-close" title="pop up" data-ng-click="colrsProductPriceEstimateVM.hidePriceAlertMessage()">
                 <svg role="presentation" focusable="false" class="icon icon-cross" aria-hidden="true">
                     <use xmlns:xlink="http://www.w3.org/1999/xlink" xlink:href="#icon-cross"></use>
                 </svg>
             </a>
         </div>
		<div class="alert-content">
			<!----> 
			<!---->
		</div>
	</div>
</div>

</div>
	    <!---->
	</strong></header><strong>
	<!---->
	<!----><div class="product-assoc-link" data-ng-class="{'isVisible': product.assocIsVisible}" data-colrs-product-assoc-link="" data-product="product" data-ng-if="productTileVM.context !== 'MODAL' &amp;&amp; !product.showAsUnavailable">
	
<button class="assoc-link-btn" data-ng-click="productAssocLinkVM.openSizesAndVarietiesModal($event, productAssocLinkVM.product)">
	<span role="text">
		<span data-ng-bind-html="productAssocLinkVM.assocLinkTxt"></span>
		<svg focusable="false" class="icon icon-arrow" role="presentation" aria-hidden="true">
		    <use xmlns:xlink="http://www.w3.org/1999/xlink" xlink:href="#icon-arrow"></use>
		</svg>
	</span>
</button>


</div><!---->
	<!-- Fat controller and lists container -->
	<div class="product-actions-container">
		<!----><div class="product-options-container" data-ng-if="productTileVM.context !== 'MODAL'" data-colrs-product-options="">
	
<!---->

</div><!---->
		<!---->
		<div class="fat-controller is-full-width" data-ng-class="{'is-full-width':!productTileVM.isRegistered}" data-container="tile" data-product="product" data-context="" data-show-savings="false" data-colrs-fat-controller="">
	
<ng-transclude></ng-transclude>
<!----><div class="fc-button" data-colrs-fat-controller-container="" data-colrs-if="fatControllerVM.showFatController" data-ng-class="{'is-expanded': fatControllerVM.isExpanded}">
	<div class="button-main-container clear" data-colrs-fat-controller-responsive="">
		<!---->
		<!---->
		<!----><button type="submit" id="_btn_1198537P" class="button button-main" data-colrs-if="(fatControllerVM.defaultType === 'STANDARD')" data-colrs-fat-controller-button="" data-colrs-fat-controller-button-main="" data-colrs-click="fatControllerVM.toggleItem()">
	
<!---->
<!----><span class="button-main-inner" data-colrs-if="!fatControllerVM.isInTrolley()" ng-transclude="">
			
			<span class="product-cta" aria-hidden="true" data-colrs-fat-controller-responsive-component="Add">
				Add
			</span>
			<span class="accessibility">Add</span>
			<span class="product-qty">1</span>
			<span class="accessibility" data-ng-bind="::fatControllerVM.product.prodA11yHeading">Dairy Farmers Thick &amp; Creamy Lemon Cream Yoghurt 150g on special</span>
			<span class="product-text">for</span>
			<strong class="product-price">$1.00</strong>
			<span class="accessibility">to the trolley.</span>
			
			<!-- 
			<span class="product-saving" aria-hidden="true" data-colrs-if="fatControllerVM.defaultOption.hasDiscount()"
					data-colrs-fat-controller-responsive-component="Save">
				save 
				<strong>{{fatControllerVM.defaultOption.formattedDiscount}}</strong>
			</span>
			
			<span class="accessibility" data-colrs-if="fatControllerVM.defaultOption.hasDiscount()">
				save 
				{{fatControllerVM.defaultOption.formattedDiscount}}
			</span>
			-->
		</span><!-- end colrsIf: !fatControllerVM.isInTrolley() -->

</button><!-- end colrsIf: (fatControllerVM.defaultType === 'STANDARD') -->
	</div>
	<button id="_down_1198537P" class="button button-down" aria-expanded="false" data-colrs-fat-controller-button="" data-colrs-click="fatControllerVM.toggleSelect()" data-ng-blur="fatControllerVM.resetAnnounceElements(fatControllerVM.product.partNumber)">
		<svg focusable="false" class="icon icon-dropdown-small" role="presentation" aria-hidden="true">
			<use xlink:href="#icon-dropdown-small"></use>
		</svg>
		<span class="accessibility" id="_announce_1198537P"></span>
		<span class="accessibility"><br>choose a different quantity for</span>
		<span class="accessibility" data-ng-bind="::fatControllerVM.product.prodA11yHeading">Dairy Farmers Thick &amp; Creamy Lemon Cream Yoghurt 150g on special</span>
	</button>
	<div class="button-confirmation">
		<div class="button-confirmation-container clear">
			<div class="button-confirmation-label">
				<span data-colrs-fat-controller-animation-message=""></span>
			</div>
		</div>
		<div class="button-confirmation-icon">
			<span class="icon-loading"></span>
		</div>
	</div>
	<!---->
	<p role="text" id="_proc_1198537P" class="accessibility" tabindex="-1"></p>
</div><!-- end colrsIf: fatControllerVM.showFatController -->

<!---->

</div>
	</div>
</strong></div><strong>

</strong></div><!---->
	<!---->
	<!---->
	<!---->
	<!---->
	<!---->
	<!---->
	<!---->
	<!---->
</div>

</div><!----><div class="colrs-animate tile-animate" data-ng-class="::{'tile-stagger': (productListVM.widget.searchInfo.currentPage > 1)}" data-ng-repeat="tile in productListVM.widget.tiles" data-colrs-tile="">
	
<div id="tile_colrsCatalogEntryListWidget_Data_2_3074457345618260154_3074457345618264559_45" data-tile-seq-no="42" data-ng-switch="::tile.type">
	<!----><div data-ng-switch-when="product" tile="tile" data-colrs-product-tile="">
	
<div class="product product-specials" data-colrs-product-style="::tile.data" data-ng-class="::{'has-merch-assoc':(productTileVM.context !== 'MODAL' &amp;&amp; product.productAssociation.isVisible &amp;&amp; product.productAssociation.isFromAssociation) || (tile.isTPB &amp;&amp; tile.hasTPBMerchAssociation), 'product-specials': tile.isTPB, 'has-flag': product.showAsUnavailable}" data-ng-hide="productTileVM.context === 'MODAL' &amp;&amp; product.showAsUnavailable &amp;&amp; !(product.isSizesVarieties)" aria-hidden="false">
	
	<!---->
 	<!---->
	<!---->
    
    <!---->
	<!---->
	<header role="presentation" class="product-header" data-colrs-product-header="">
		<!----><div class="product-icons" data-ng-if="::(product.badges.length &amp;&amp; ((productTileVM.context !== 'MODAL') || (productTileVM.hasProductTicketType &amp;&amp; productTileVM.context === 'MODAL')))">
			
			<!----><svg focusable="false" class="icon icon-specials-badge" role="presentation" aria-hidden="true"><use xmlns:xlink="http://www.w3.org/1999/xlink" xlink:href="#icon-specials-badge"></use></svg><!---->
		</div><!---->
		<!----><div class="product-image-container" data-ng-if="::productTileVM.context !== 'MODAL'">
			<!---->
	        <a class="product-image-link" data-ng-attr-href="{{::productTileVM.pdpHref}}" data-ng-click="productTileVM.openProduct($event)" href="/a/richmond-south/product/cadbury-family-block-chocolate-hazelnut">
	            <div class="product-image">
					<span role="text">
						<img alt="Cadbury Dairy Milk Hazelnut Chocolate Family Block 180g on special" data-ng-src="/wcsstore/Coles-CAS/images/2/3/5/2351720-th.jpg" data-colrs-def-product-image="" aria-hidden="true" role="presentation" src="/wcsstore/Coles-CAS/images/2/3/5/2351720-th.jpg">
						<span class="accessibility-inline">Cadbury Dairy Milk Hazelnut Chocolate Family Block 180g on special</span>
					</span>
	            </div>
	        </a>
	    </div><!---->
	    <div class="product-main-info">
		    <!----><div data-ng-if="productTileVM.context !== 'MODAL'" class="accessibility-inline" data-colrs-page-focus-point="next_product42" colrs-product-option-temp-message=""></div><!---->
	    	<h3 class="product-title" data-ng-class="::{'product-no-desc': !product.showOnlineSizeDesc, 'short-width-title': product.hasRoundelPromo &amp;&amp; productTileVM.context !== 'MODAL'}" data-ng-attr-data-partnumber="{{::product.partNumber}}" data-ng-attr-data-itemid="{{::product.singleSKUCatalogEntryID}}" data-partnumber="2351720P" data-itemid="445688">
				<a data-ng-attr-href="{{::productTileVM.pdpHref}}" data-ng-click="productTileVM.openProduct($event)" href="/a/richmond-south/product/cadbury-family-block-chocolate-hazelnut">
					<span role="text">
						<!---->
						<span class="product-brand" data-ng-bind="::product.displayBrandText">Cadbury</span>
						<span class="product-name" data-ng-bind="::product.displayNameText">Dairy Milk Hazelnut Chocolate Family Block</span>
						<span class="package-size accessibility-inline" data-ng-bind="::product.prodA11yHeadingSuffix">180g on special</span>
						<!---->
						<!---->
						<!---->
					</span>
				</a>
			</h3>
			<!---->
			<!----><span class="product-pricing-info" role="text" data-ng-if="::!product.price.isNaN">
	            <span class="price-container">
	            	<!---->
	            	<!--To reduce the space between $ and Hero price for Accessibility, combined span tags in same line-->
	            	<span class="currency-sign">$</span><span class="dollar-value" data-ng-bind="::product.price.dollarValue">2</span><span class="cent-value">.50</span>
	                <!---->
	            </span>
	            
               <!----><span class="saving-container" data-colrs-if="((productTileVM.defaultOption.hasDiscount()  &amp;&amp; !product.isMultiBuyPromo &amp;&amp; !product.tickettypeObject.isRedRing) || productTileVM.product.hasDownDown)">
                    <!----><span class="product-saving" data-colrs-if="!productTileVM.product.hasDownDown &amp;&amp; productTileVM.product.tickettype != 'X'">
                        <span class="product-save-prefix">
                            save
                        </span>
                        <span class="product-save-value">
                            <strong>$2.50</strong>
                        </span>
                    </span><!-- end colrsIf: !productTileVM.product.hasDownDown && productTileVM.product.tickettype != 'X' -->
                    <!----><strong>
                </strong></span><!-- end colrsIf: ((productTileVM.defaultOption.hasDiscount()  && !product.isMultiBuyPromo && !product.tickettypeObject.isRedRing) || productTileVM.product.hasDownDown) --><strong>
               
	        </strong></span><!----><strong>
	        <!---->
		</strong></div><strong>
        <div class="product-info">
			<p tabindex="-1">
				<!----><span class="package-size" aria-hidden="true" data-ng-if="::product.showOnlineSizeDesc" data-ng-bind="::product.sizeDescription">180g</span><!---->
				<!----><span class="delimeter" role="presentation" aria-hidden="true" data-ng-if="::(product.showOnlineSizeDesc &amp;&amp; product.unitPrice)"></span><!---->
				<span role="text">
					<span class="package-price" data-ng-bind="::product.unitPrice">$1.39 per 100G</span>
					<span class="accessibility-inline" data-ng-bind="::product.unitPriceA11y">Unit Price</span>
				</span>
			</p>
			<!---->
			<!---->
		</div>
		<!---->
	    <div class="product-price-estimate" data-colrs-product-price-estimate="" data-product="product">
	
<button class="action-alert-active ng-hide" role="text" data-ng-show="::colrsProductPriceEstimateVM.product.isWeightedItem" data-colrs-click="colrsProductPriceEstimateVM.showPriceAlertMessage()" aria-hidden="true">
    <svg focusable="false" class="icon icon-info-circle" aria-hidden="true" role="presentation">
        <use xlink:href="#icon-info-circle"></use>
    </svg>
    <span class="product-price-estimate-text">
	    Price is an estimate
		<span class="accessibility-inline">
			<!----> 
			<!---->
		</span>
	</span>
</button>
<div class="alert" aria-hidden="true" role="alert" data-ng-blur="colrsProductPriceEstimateVM.closePriceAlertMessageOnBodyClick($event)" data-ng-keydown="colrsProductPriceEstimateVM.alertKeyHandler($event)">
	<div class="alert-wrapper alert-information" data-colrs-click-ignore=""> 
		<span class="arrow"></span>
         <div class="close is-dark">
             <a data-ng-href="" class="popup-close" title="pop up" data-ng-click="colrsProductPriceEstimateVM.hidePriceAlertMessage()">
                 <svg role="presentation" focusable="false" class="icon icon-cross" aria-hidden="true">
                     <use xmlns:xlink="http://www.w3.org/1999/xlink" xlink:href="#icon-cross"></use>
                 </svg>
             </a>
         </div>
		<div class="alert-content">
			<!----> 
			<!---->
		</div>
	</div>
</div>

</div>
	    <!---->
	</strong></header><strong>
	<!---->
	<!----><div class="product-assoc-link" data-ng-class="{'isVisible': product.assocIsVisible}" data-colrs-product-assoc-link="" data-product="product" data-ng-if="productTileVM.context !== 'MODAL' &amp;&amp; !product.showAsUnavailable">
	
<button class="assoc-link-btn" data-ng-click="productAssocLinkVM.openSizesAndVarietiesModal($event, productAssocLinkVM.product)">
	<span role="text">
		<span data-ng-bind-html="productAssocLinkVM.assocLinkTxt"></span>
		<svg focusable="false" class="icon icon-arrow" role="presentation" aria-hidden="true">
		    <use xmlns:xlink="http://www.w3.org/1999/xlink" xlink:href="#icon-arrow"></use>
		</svg>
	</span>
</button>


</div><!---->
	<!-- Fat controller and lists container -->
	<div class="product-actions-container">
		<!----><div class="product-options-container" data-ng-if="productTileVM.context !== 'MODAL'" data-colrs-product-options="">
	
<!---->

</div><!---->
		<!---->
		<div class="fat-controller is-full-width" data-ng-class="{'is-full-width':!productTileVM.isRegistered}" data-container="tile" data-product="product" data-context="" data-show-savings="false" data-colrs-fat-controller="">
	
<ng-transclude></ng-transclude>
<!----><div class="fc-button" data-colrs-fat-controller-container="" data-colrs-if="fatControllerVM.showFatController" data-ng-class="{'is-expanded': fatControllerVM.isExpanded}">
	<div class="button-main-container clear" data-colrs-fat-controller-responsive="">
		<!---->
		<!---->
		<!----><button type="submit" id="_btn_2351720P" class="button button-main" data-colrs-if="(fatControllerVM.defaultType === 'STANDARD')" data-colrs-fat-controller-button="" data-colrs-fat-controller-button-main="" data-colrs-click="fatControllerVM.toggleItem()">
	
<!---->
<!----><span class="button-main-inner" data-colrs-if="!fatControllerVM.isInTrolley()" ng-transclude="">
			
			<span class="product-cta" aria-hidden="true" data-colrs-fat-controller-responsive-component="Add">
				Add
			</span>
			<span class="accessibility">Add</span>
			<span class="product-qty">1</span>
			<span class="accessibility" data-ng-bind="::fatControllerVM.product.prodA11yHeading">Cadbury Dairy Milk Hazelnut Chocolate Family Block 180g on special</span>
			<span class="product-text">for</span>
			<strong class="product-price">$2.50</strong>
			<span class="accessibility">to the trolley.</span>
			
			<!-- 
			<span class="product-saving" aria-hidden="true" data-colrs-if="fatControllerVM.defaultOption.hasDiscount()"
					data-colrs-fat-controller-responsive-component="Save">
				save 
				<strong>{{fatControllerVM.defaultOption.formattedDiscount}}</strong>
			</span>
			
			<span class="accessibility" data-colrs-if="fatControllerVM.defaultOption.hasDiscount()">
				save 
				{{fatControllerVM.defaultOption.formattedDiscount}}
			</span>
			-->
		</span><!-- end colrsIf: !fatControllerVM.isInTrolley() -->

</button><!-- end colrsIf: (fatControllerVM.defaultType === 'STANDARD') -->
	</div>
	<button id="_down_2351720P" class="button button-down" aria-expanded="false" data-colrs-fat-controller-button="" data-colrs-click="fatControllerVM.toggleSelect()" data-ng-blur="fatControllerVM.resetAnnounceElements(fatControllerVM.product.partNumber)">
		<svg focusable="false" class="icon icon-dropdown-small" role="presentation" aria-hidden="true">
			<use xlink:href="#icon-dropdown-small"></use>
		</svg>
		<span class="accessibility" id="_announce_2351720P"></span>
		<span class="accessibility"><br>choose a different quantity for</span>
		<span class="accessibility" data-ng-bind="::fatControllerVM.product.prodA11yHeading">Cadbury Dairy Milk Hazelnut Chocolate Family Block 180g on special</span>
	</button>
	<div class="button-confirmation">
		<div class="button-confirmation-container clear">
			<div class="button-confirmation-label">
				<span data-colrs-fat-controller-animation-message=""></span>
			</div>
		</div>
		<div class="button-confirmation-icon">
			<span class="icon-loading"></span>
		</div>
	</div>
	<!---->
	<p role="text" id="_proc_2351720P" class="accessibility" tabindex="-1"></p>
</div><!-- end colrsIf: fatControllerVM.showFatController -->

<!---->

</div>
	</div>
</strong></div><strong>

</strong></div><!---->
	<!---->
	<!---->
	<!---->
	<!---->
	<!---->
	<!---->
	<!---->
	<!---->
</div>

</div><!----><div class="colrs-animate tile-animate" data-ng-class="::{'tile-stagger': (productListVM.widget.searchInfo.currentPage > 1)}" data-ng-repeat="tile in productListVM.widget.tiles" data-colrs-tile="">
	
<div id="tile_colrsCatalogEntryListWidget_Data_2_3074457345618260154_3074457345618264559_46" data-tile-seq-no="43" data-ng-switch="::tile.type">
	<!----><div data-ng-switch-when="product" tile="tile" data-colrs-product-tile="">
	
<div class="product product-specials" data-colrs-product-style="::tile.data" data-ng-class="::{'has-merch-assoc':(productTileVM.context !== 'MODAL' &amp;&amp; product.productAssociation.isVisible &amp;&amp; product.productAssociation.isFromAssociation) || (tile.isTPB &amp;&amp; tile.hasTPBMerchAssociation), 'product-specials': tile.isTPB, 'has-flag': product.showAsUnavailable}" data-ng-hide="productTileVM.context === 'MODAL' &amp;&amp; product.showAsUnavailable &amp;&amp; !(product.isSizesVarieties)" aria-hidden="false">
	
	<!---->
 	<!---->
	<!---->
    
    <!---->
	<!---->
	<header role="presentation" class="product-header" data-colrs-product-header="">
		<!----><div class="product-icons" data-ng-if="::(product.badges.length &amp;&amp; ((productTileVM.context !== 'MODAL') || (productTileVM.hasProductTicketType &amp;&amp; productTileVM.context === 'MODAL')))">
			
			<!----><svg focusable="false" class="icon icon-specials-badge" role="presentation" aria-hidden="true"><use xmlns:xlink="http://www.w3.org/1999/xlink" xlink:href="#icon-specials-badge"></use></svg><!---->
		</div><!---->
		<!----><div class="product-image-container" data-ng-if="::productTileVM.context !== 'MODAL'">
			<!---->
	        <a class="product-image-link" data-ng-attr-href="{{::productTileVM.pdpHref}}" data-ng-click="productTileVM.openProduct($event)" href="/a/richmond-south/product/hong-kong-dim-sim-kitchen-bbq-pork-buns">
	            <div class="product-image">
					<span role="text">
						<img alt="Hong Kong Dim Sim Kitchen Frozen BBQ Pork Buns 6 Pieces 200g on special" data-ng-src="/wcsstore/Coles-CAS/images/2/3/5/2356688-th.jpg" data-colrs-def-product-image="" aria-hidden="true" role="presentation" src="/wcsstore/Coles-CAS/images/2/3/5/2356688-th.jpg">
						<span class="accessibility-inline">Hong Kong Dim Sim Kitchen Frozen BBQ Pork Buns 6 Pieces 200g on special</span>
					</span>
	            </div>
	        </a>
	    </div><!---->
	    <div class="product-main-info">
		    <!----><div data-ng-if="productTileVM.context !== 'MODAL'" class="accessibility-inline" data-colrs-page-focus-point="next_product43" colrs-product-option-temp-message=""></div><!---->
	    	<h3 class="product-title" data-ng-class="::{'product-no-desc': !product.showOnlineSizeDesc, 'short-width-title': product.hasRoundelPromo &amp;&amp; productTileVM.context !== 'MODAL'}" data-ng-attr-data-partnumber="{{::product.partNumber}}" data-ng-attr-data-itemid="{{::product.singleSKUCatalogEntryID}}" data-partnumber="2356688P" data-itemid="462519">
				<a data-ng-attr-href="{{::productTileVM.pdpHref}}" data-ng-click="productTileVM.openProduct($event)" href="/a/richmond-south/product/hong-kong-dim-sim-kitchen-bbq-pork-buns">
					<span role="text">
						<!---->
						<span class="product-brand" data-ng-bind="::product.displayBrandText">Hong Kong Dim Sim Kitchen</span>
						<span class="product-name" data-ng-bind="::product.displayNameText">Frozen BBQ Pork Buns 6 Pieces</span>
						<span class="package-size accessibility-inline" data-ng-bind="::product.prodA11yHeadingSuffix">200g on special</span>
						<!---->
						<!---->
						<!---->
					</span>
				</a>
			</h3>
			<!---->
			<!----><span class="product-pricing-info" role="text" data-ng-if="::!product.price.isNaN">
	            <span class="price-container">
	            	<!---->
	            	<!--To reduce the space between $ and Hero price for Accessibility, combined span tags in same line-->
	            	<span class="currency-sign">$</span><span class="dollar-value" data-ng-bind="::product.price.dollarValue">2</span><span class="cent-value">.50</span>
	                <!---->
	            </span>
	            
               <!----><span class="saving-container" data-colrs-if="((productTileVM.defaultOption.hasDiscount()  &amp;&amp; !product.isMultiBuyPromo &amp;&amp; !product.tickettypeObject.isRedRing) || productTileVM.product.hasDownDown)">
                    <!----><span class="product-saving" data-colrs-if="!productTileVM.product.hasDownDown &amp;&amp; productTileVM.product.tickettype != 'X'">
                        <span class="product-save-prefix">
                            save
                        </span>
                        <span class="product-save-value">
                            <strong>$2.50</strong>
                        </span>
                    </span><!-- end colrsIf: !productTileVM.product.hasDownDown && productTileVM.product.tickettype != 'X' -->
                    <!----><strong>
                </strong></span><!-- end colrsIf: ((productTileVM.defaultOption.hasDiscount()  && !product.isMultiBuyPromo && !product.tickettypeObject.isRedRing) || productTileVM.product.hasDownDown) --><strong>
               
	        </strong></span><!----><strong>
	        <!---->
		</strong></div><strong>
        <div class="product-info">
			<p tabindex="-1">
				<!----><span class="package-size" aria-hidden="true" data-ng-if="::product.showOnlineSizeDesc" data-ng-bind="::product.sizeDescription">200g</span><!---->
				<!----><span class="delimeter" role="presentation" aria-hidden="true" data-ng-if="::(product.showOnlineSizeDesc &amp;&amp; product.unitPrice)"></span><!---->
				<span role="text">
					<span class="package-price" data-ng-bind="::product.unitPrice">$1.25 per 100G</span>
					<span class="accessibility-inline" data-ng-bind="::product.unitPriceA11y">Unit Price</span>
				</span>
			</p>
			<!---->
			<!---->
		</div>
		<!---->
	    <div class="product-price-estimate" data-colrs-product-price-estimate="" data-product="product">
	
<button class="action-alert-active ng-hide" role="text" data-ng-show="::colrsProductPriceEstimateVM.product.isWeightedItem" data-colrs-click="colrsProductPriceEstimateVM.showPriceAlertMessage()" aria-hidden="true">
    <svg focusable="false" class="icon icon-info-circle" aria-hidden="true" role="presentation">
        <use xlink:href="#icon-info-circle"></use>
    </svg>
    <span class="product-price-estimate-text">
	    Price is an estimate
		<span class="accessibility-inline">
			<!----> 
			<!---->
		</span>
	</span>
</button>
<div class="alert" aria-hidden="true" role="alert" data-ng-blur="colrsProductPriceEstimateVM.closePriceAlertMessageOnBodyClick($event)" data-ng-keydown="colrsProductPriceEstimateVM.alertKeyHandler($event)">
	<div class="alert-wrapper alert-information" data-colrs-click-ignore=""> 
		<span class="arrow"></span>
         <div class="close is-dark">
             <a data-ng-href="" class="popup-close" title="pop up" data-ng-click="colrsProductPriceEstimateVM.hidePriceAlertMessage()">
                 <svg role="presentation" focusable="false" class="icon icon-cross" aria-hidden="true">
                     <use xmlns:xlink="http://www.w3.org/1999/xlink" xlink:href="#icon-cross"></use>
                 </svg>
             </a>
         </div>
		<div class="alert-content">
			<!----> 
			<!---->
		</div>
	</div>
</div>

</div>
	    <!---->
	</strong></header><strong>
	<!---->
	<!----><div class="product-assoc-link" data-ng-class="{'isVisible': product.assocIsVisible}" data-colrs-product-assoc-link="" data-product="product" data-ng-if="productTileVM.context !== 'MODAL' &amp;&amp; !product.showAsUnavailable">
	
<button class="assoc-link-btn" data-ng-click="productAssocLinkVM.openSizesAndVarietiesModal($event, productAssocLinkVM.product)">
	<span role="text">
		<span data-ng-bind-html="productAssocLinkVM.assocLinkTxt"></span>
		<svg focusable="false" class="icon icon-arrow" role="presentation" aria-hidden="true">
		    <use xmlns:xlink="http://www.w3.org/1999/xlink" xlink:href="#icon-arrow"></use>
		</svg>
	</span>
</button>


</div><!---->
	<!-- Fat controller and lists container -->
	<div class="product-actions-container">
		<!----><div class="product-options-container" data-ng-if="productTileVM.context !== 'MODAL'" data-colrs-product-options="">
	
<!---->

</div><!---->
		<!---->
		<div class="fat-controller is-full-width" data-ng-class="{'is-full-width':!productTileVM.isRegistered}" data-container="tile" data-product="product" data-context="" data-show-savings="false" data-colrs-fat-controller="">
	
<ng-transclude></ng-transclude>
<!----><div class="fc-button" data-colrs-fat-controller-container="" data-colrs-if="fatControllerVM.showFatController" data-ng-class="{'is-expanded': fatControllerVM.isExpanded}">
	<div class="button-main-container clear" data-colrs-fat-controller-responsive="">
		<!---->
		<!---->
		<!----><button type="submit" id="_btn_2356688P" class="button button-main" data-colrs-if="(fatControllerVM.defaultType === 'STANDARD')" data-colrs-fat-controller-button="" data-colrs-fat-controller-button-main="" data-colrs-click="fatControllerVM.toggleItem()">
	
<!---->
<!----><span class="button-main-inner" data-colrs-if="!fatControllerVM.isInTrolley()" ng-transclude="">
			
			<span class="product-cta" aria-hidden="true" data-colrs-fat-controller-responsive-component="Add">
				Add
			</span>
			<span class="accessibility">Add</span>
			<span class="product-qty">1</span>
			<span class="accessibility" data-ng-bind="::fatControllerVM.product.prodA11yHeading">Hong Kong Dim Sim Kitchen Frozen BBQ Pork Buns 6 Pieces 200g on special</span>
			<span class="product-text">for</span>
			<strong class="product-price">$2.50</strong>
			<span class="accessibility">to the trolley.</span>
			
			<!-- 
			<span class="product-saving" aria-hidden="true" data-colrs-if="fatControllerVM.defaultOption.hasDiscount()"
					data-colrs-fat-controller-responsive-component="Save">
				save 
				<strong>{{fatControllerVM.defaultOption.formattedDiscount}}</strong>
			</span>
			
			<span class="accessibility" data-colrs-if="fatControllerVM.defaultOption.hasDiscount()">
				save 
				{{fatControllerVM.defaultOption.formattedDiscount}}
			</span>
			-->
		</span><!-- end colrsIf: !fatControllerVM.isInTrolley() -->

</button><!-- end colrsIf: (fatControllerVM.defaultType === 'STANDARD') -->
	</div>
	<button id="_down_2356688P" class="button button-down" aria-expanded="false" data-colrs-fat-controller-button="" data-colrs-click="fatControllerVM.toggleSelect()" data-ng-blur="fatControllerVM.resetAnnounceElements(fatControllerVM.product.partNumber)">
		<svg focusable="false" class="icon icon-dropdown-small" role="presentation" aria-hidden="true">
			<use xlink:href="#icon-dropdown-small"></use>
		</svg>
		<span class="accessibility" id="_announce_2356688P"></span>
		<span class="accessibility"><br>choose a different quantity for</span>
		<span class="accessibility" data-ng-bind="::fatControllerVM.product.prodA11yHeading">Hong Kong Dim Sim Kitchen Frozen BBQ Pork Buns 6 Pieces 200g on special</span>
	</button>
	<div class="button-confirmation">
		<div class="button-confirmation-container clear">
			<div class="button-confirmation-label">
				<span data-colrs-fat-controller-animation-message=""></span>
			</div>
		</div>
		<div class="button-confirmation-icon">
			<span class="icon-loading"></span>
		</div>
	</div>
	<!---->
	<p role="text" id="_proc_2356688P" class="accessibility" tabindex="-1"></p>
</div><!-- end colrsIf: fatControllerVM.showFatController -->

<!---->

</div>
	</div>
</strong></div><strong>

</strong></div><!---->
	<!---->
	<!---->
	<!---->
	<!---->
	<!---->
	<!---->
	<!---->
	<!---->
</div>

</div><!----><div class="colrs-animate tile-animate" data-ng-class="::{'tile-stagger': (productListVM.widget.searchInfo.currentPage > 1)}" data-ng-repeat="tile in productListVM.widget.tiles" data-colrs-tile="">
	
<div id="tile_colrsCatalogEntryListWidget_Data_2_3074457345618260154_3074457345618264559_47" data-tile-seq-no="44" data-ng-switch="::tile.type">
	<!----><div data-ng-switch-when="product" tile="tile" data-colrs-product-tile="">
	
<div class="product product-specials" data-colrs-product-style="::tile.data" data-ng-class="::{'has-merch-assoc':(productTileVM.context !== 'MODAL' &amp;&amp; product.productAssociation.isVisible &amp;&amp; product.productAssociation.isFromAssociation) || (tile.isTPB &amp;&amp; tile.hasTPBMerchAssociation), 'product-specials': tile.isTPB, 'has-flag': product.showAsUnavailable}" data-ng-hide="productTileVM.context === 'MODAL' &amp;&amp; product.showAsUnavailable &amp;&amp; !(product.isSizesVarieties)" aria-hidden="false">
	
	<!---->
 	<!---->
	<!---->
    
    <!---->
	<!---->
	<header role="presentation" class="product-header" data-colrs-product-header="">
		<!----><div class="product-icons" data-ng-if="::(product.badges.length &amp;&amp; ((productTileVM.context !== 'MODAL') || (productTileVM.hasProductTicketType &amp;&amp; productTileVM.context === 'MODAL')))">
			
			<!----><svg focusable="false" class="icon icon-specials-badge" role="presentation" aria-hidden="true"><use xmlns:xlink="http://www.w3.org/1999/xlink" xlink:href="#icon-specials-badge"></use></svg><!---->
		</div><!---->
		<!----><div class="product-image-container" data-ng-if="::productTileVM.context !== 'MODAL'">
			<!---->
	        <a class="product-image-link" data-ng-attr-href="{{::productTileVM.pdpHref}}" data-ng-click="productTileVM.openProduct($event)" href="/a/richmond-south/product/herbal-essences-argan-oil-of-marocco-bio-renew-conditioner">
	            <div class="product-image">
					<span role="text">
						<img alt="Herbal Essences Bio Renew Conditioner Morocco Argan Oil 400mL on special" data-ng-src="/wcsstore/Coles-CAS/images/3/0/0/3004937-th.jpg" data-colrs-def-product-image="" aria-hidden="true" role="presentation" src="/wcsstore/Coles-CAS/images/3/0/0/3004937-th.jpg">
						<span class="accessibility-inline">Herbal Essences Bio Renew Conditioner Morocco Argan Oil 400mL on special</span>
					</span>
	            </div>
	        </a>
	    </div><!---->
	    <div class="product-main-info">
		    <!----><div data-ng-if="productTileVM.context !== 'MODAL'" class="accessibility-inline" data-colrs-page-focus-point="next_product44" colrs-product-option-temp-message=""></div><!---->
	    	<h3 class="product-title" data-ng-class="::{'product-no-desc': !product.showOnlineSizeDesc, 'short-width-title': product.hasRoundelPromo &amp;&amp; productTileVM.context !== 'MODAL'}" data-ng-attr-data-partnumber="{{::product.partNumber}}" data-ng-attr-data-itemid="{{::product.singleSKUCatalogEntryID}}" data-partnumber="3004937P" data-itemid="722096">
				<a data-ng-attr-href="{{::productTileVM.pdpHref}}" data-ng-click="productTileVM.openProduct($event)" href="/a/richmond-south/product/herbal-essences-argan-oil-of-marocco-bio-renew-conditioner">
					<span role="text">
						<!---->
						<span class="product-brand" data-ng-bind="::product.displayBrandText">Herbal Essences</span>
						<span class="product-name" data-ng-bind="::product.displayNameText">Bio Renew Conditioner Morocco Argan Oil</span>
						<span class="package-size accessibility-inline" data-ng-bind="::product.prodA11yHeadingSuffix">400mL on special</span>
						<!---->
						<!---->
						<!---->
					</span>
				</a>
			</h3>
			<!---->
			<!----><span class="product-pricing-info" role="text" data-ng-if="::!product.price.isNaN">
	            <span class="price-container">
	            	<!---->
	            	<!--To reduce the space between $ and Hero price for Accessibility, combined span tags in same line-->
	            	<span class="currency-sign">$</span><span class="dollar-value" data-ng-bind="::product.price.dollarValue">5</span><span class="cent-value">.50</span>
	                <!---->
	            </span>
	            
               <!----><span class="saving-container" data-colrs-if="((productTileVM.defaultOption.hasDiscount()  &amp;&amp; !product.isMultiBuyPromo &amp;&amp; !product.tickettypeObject.isRedRing) || productTileVM.product.hasDownDown)">
                    <!----><span class="product-saving" data-colrs-if="!productTileVM.product.hasDownDown &amp;&amp; productTileVM.product.tickettype != 'X'">
                        <span class="product-save-prefix">
                            save
                        </span>
                        <span class="product-save-value">
                            <strong>$5.50</strong>
                        </span>
                    </span><!-- end colrsIf: !productTileVM.product.hasDownDown && productTileVM.product.tickettype != 'X' -->
                    <!----><strong>
                </strong></span><!-- end colrsIf: ((productTileVM.defaultOption.hasDiscount()  && !product.isMultiBuyPromo && !product.tickettypeObject.isRedRing) || productTileVM.product.hasDownDown) --><strong>
               
	        </strong></span><!----><strong>
	        <!---->
		</strong></div><strong>
        <div class="product-info">
			<p tabindex="-1">
				<!----><span class="package-size" aria-hidden="true" data-ng-if="::product.showOnlineSizeDesc" data-ng-bind="::product.sizeDescription">400mL</span><!---->
				<!----><span class="delimeter" role="presentation" aria-hidden="true" data-ng-if="::(product.showOnlineSizeDesc &amp;&amp; product.unitPrice)"></span><!---->
				<span role="text">
					<span class="package-price" data-ng-bind="::product.unitPrice">$1.38 per 100mL</span>
					<span class="accessibility-inline" data-ng-bind="::product.unitPriceA11y">Unit Price</span>
				</span>
			</p>
			<!---->
			<!---->
		</div>
		<!---->
	    <div class="product-price-estimate" data-colrs-product-price-estimate="" data-product="product">
	
<button class="action-alert-active ng-hide" role="text" data-ng-show="::colrsProductPriceEstimateVM.product.isWeightedItem" data-colrs-click="colrsProductPriceEstimateVM.showPriceAlertMessage()" aria-hidden="true">
    <svg focusable="false" class="icon icon-info-circle" aria-hidden="true" role="presentation">
        <use xlink:href="#icon-info-circle"></use>
    </svg>
    <span class="product-price-estimate-text">
	    Price is an estimate
		<span class="accessibility-inline">
			<!----> 
			<!---->
		</span>
	</span>
</button>
<div class="alert" aria-hidden="true" role="alert" data-ng-blur="colrsProductPriceEstimateVM.closePriceAlertMessageOnBodyClick($event)" data-ng-keydown="colrsProductPriceEstimateVM.alertKeyHandler($event)">
	<div class="alert-wrapper alert-information" data-colrs-click-ignore=""> 
		<span class="arrow"></span>
         <div class="close is-dark">
             <a data-ng-href="" class="popup-close" title="pop up" data-ng-click="colrsProductPriceEstimateVM.hidePriceAlertMessage()">
                 <svg role="presentation" focusable="false" class="icon icon-cross" aria-hidden="true">
                     <use xmlns:xlink="http://www.w3.org/1999/xlink" xlink:href="#icon-cross"></use>
                 </svg>
             </a>
         </div>
		<div class="alert-content">
			<!----> 
			<!---->
		</div>
	</div>
</div>

</div>
	    <!---->
	</strong></header><strong>
	<!---->
	<!----><div class="product-assoc-link" data-ng-class="{'isVisible': product.assocIsVisible}" data-colrs-product-assoc-link="" data-product="product" data-ng-if="productTileVM.context !== 'MODAL' &amp;&amp; !product.showAsUnavailable">
	
<button class="assoc-link-btn" data-ng-click="productAssocLinkVM.openSizesAndVarietiesModal($event, productAssocLinkVM.product)">
	<span role="text">
		<span data-ng-bind-html="productAssocLinkVM.assocLinkTxt"></span>
		<svg focusable="false" class="icon icon-arrow" role="presentation" aria-hidden="true">
		    <use xmlns:xlink="http://www.w3.org/1999/xlink" xlink:href="#icon-arrow"></use>
		</svg>
	</span>
</button>


</div><!---->
	<!-- Fat controller and lists container -->
	<div class="product-actions-container">
		<!----><div class="product-options-container" data-ng-if="productTileVM.context !== 'MODAL'" data-colrs-product-options="">
	
<!---->

</div><!---->
		<!---->
		<div class="fat-controller is-full-width" data-ng-class="{'is-full-width':!productTileVM.isRegistered}" data-container="tile" data-product="product" data-context="" data-show-savings="false" data-colrs-fat-controller="">
	
<ng-transclude></ng-transclude>
<!----><div class="fc-button" data-colrs-fat-controller-container="" data-colrs-if="fatControllerVM.showFatController" data-ng-class="{'is-expanded': fatControllerVM.isExpanded}">
	<div class="button-main-container clear" data-colrs-fat-controller-responsive="">
		<!---->
		<!---->
		<!----><button type="submit" id="_btn_3004937P" class="button button-main" data-colrs-if="(fatControllerVM.defaultType === 'STANDARD')" data-colrs-fat-controller-button="" data-colrs-fat-controller-button-main="" data-colrs-click="fatControllerVM.toggleItem()">
	
<!---->
<!----><span class="button-main-inner" data-colrs-if="!fatControllerVM.isInTrolley()" ng-transclude="">
			
			<span class="product-cta" aria-hidden="true" data-colrs-fat-controller-responsive-component="Add">
				Add
			</span>
			<span class="accessibility">Add</span>
			<span class="product-qty">1</span>
			<span class="accessibility" data-ng-bind="::fatControllerVM.product.prodA11yHeading">Herbal Essences Bio Renew Conditioner Morocco Argan Oil 400mL on special</span>
			<span class="product-text">for</span>
			<strong class="product-price">$5.50</strong>
			<span class="accessibility">to the trolley.</span>
			
			<!-- 
			<span class="product-saving" aria-hidden="true" data-colrs-if="fatControllerVM.defaultOption.hasDiscount()"
					data-colrs-fat-controller-responsive-component="Save">
				save 
				<strong>{{fatControllerVM.defaultOption.formattedDiscount}}</strong>
			</span>
			
			<span class="accessibility" data-colrs-if="fatControllerVM.defaultOption.hasDiscount()">
				save 
				{{fatControllerVM.defaultOption.formattedDiscount}}
			</span>
			-->
		</span><!-- end colrsIf: !fatControllerVM.isInTrolley() -->

</button><!-- end colrsIf: (fatControllerVM.defaultType === 'STANDARD') -->
	</div>
	<button id="_down_3004937P" class="button button-down" aria-expanded="false" data-colrs-fat-controller-button="" data-colrs-click="fatControllerVM.toggleSelect()" data-ng-blur="fatControllerVM.resetAnnounceElements(fatControllerVM.product.partNumber)">
		<svg focusable="false" class="icon icon-dropdown-small" role="presentation" aria-hidden="true">
			<use xlink:href="#icon-dropdown-small"></use>
		</svg>
		<span class="accessibility" id="_announce_3004937P"></span>
		<span class="accessibility"><br>choose a different quantity for</span>
		<span class="accessibility" data-ng-bind="::fatControllerVM.product.prodA11yHeading">Herbal Essences Bio Renew Conditioner Morocco Argan Oil 400mL on special</span>
	</button>
	<div class="button-confirmation">
		<div class="button-confirmation-container clear">
			<div class="button-confirmation-label">
				<span data-colrs-fat-controller-animation-message=""></span>
			</div>
		</div>
		<div class="button-confirmation-icon">
			<span class="icon-loading"></span>
		</div>
	</div>
	<!---->
	<p role="text" id="_proc_3004937P" class="accessibility" tabindex="-1"></p>
</div><!-- end colrsIf: fatControllerVM.showFatController -->

<!---->

</div>
	</div>
</strong></div><strong>

</strong></div><!---->
	<!---->
	<!---->
	<!---->
	<!---->
	<!---->
	<!---->
	<!---->
	<!---->
</div>

</div><!----><div class="colrs-animate tile-animate" data-ng-class="::{'tile-stagger': (productListVM.widget.searchInfo.currentPage > 1)}" data-ng-repeat="tile in productListVM.widget.tiles" data-colrs-tile="">
	
<div id="tile_colrsCatalogEntryListWidget_Data_2_3074457345618260154_3074457345618264559_48" data-tile-seq-no="45" data-ng-switch="::tile.type">
	<!----><div data-ng-switch-when="product" tile="tile" data-colrs-product-tile="">
	
<div class="product product-specials" data-colrs-product-style="::tile.data" data-ng-class="::{'has-merch-assoc':(productTileVM.context !== 'MODAL' &amp;&amp; product.productAssociation.isVisible &amp;&amp; product.productAssociation.isFromAssociation) || (tile.isTPB &amp;&amp; tile.hasTPBMerchAssociation), 'product-specials': tile.isTPB, 'has-flag': product.showAsUnavailable}" data-ng-hide="productTileVM.context === 'MODAL' &amp;&amp; product.showAsUnavailable &amp;&amp; !(product.isSizesVarieties)" aria-hidden="false">
	
	<!---->
 	<!---->
	<!---->
    
    <!---->
	<!---->
	<header role="presentation" class="product-header" data-colrs-product-header="">
		<!----><div class="product-icons" data-ng-if="::(product.badges.length &amp;&amp; ((productTileVM.context !== 'MODAL') || (productTileVM.hasProductTicketType &amp;&amp; productTileVM.context === 'MODAL')))">
			
			<!----><svg focusable="false" class="icon icon-specials-badge" role="presentation" aria-hidden="true"><use xmlns:xlink="http://www.w3.org/1999/xlink" xlink:href="#icon-specials-badge"></use></svg><!---->
		</div><!---->
		<!----><div class="product-image-container" data-ng-if="::productTileVM.context !== 'MODAL'">
			<!---->
	        <a class="product-image-link" data-ng-attr-href="{{::productTileVM.pdpHref}}" data-ng-click="productTileVM.openProduct($event)" href="/a/richmond-south/product/nature-valley-protein-salted-caramel-bar">
	            <div class="product-image">
					<span role="text">
						<img alt="Nature Valley Salted Caramel Protein Bar 160g on special" data-ng-src="/wcsstore/Coles-CAS/images/3/0/2/3022010-th.jpg" data-colrs-def-product-image="" aria-hidden="true" role="presentation" src="/wcsstore/Coles-CAS/images/3/0/2/3022010-th.jpg">
						<span class="accessibility-inline">Nature Valley Salted Caramel Protein Bar 160g on special</span>
					</span>
	            </div>
	        </a>
	    </div><!---->
	    <div class="product-main-info">
		    <!----><div data-ng-if="productTileVM.context !== 'MODAL'" class="accessibility-inline" data-colrs-page-focus-point="next_product45" colrs-product-option-temp-message=""></div><!---->
	    	<h3 class="product-title" data-ng-class="::{'product-no-desc': !product.showOnlineSizeDesc, 'short-width-title': product.hasRoundelPromo &amp;&amp; productTileVM.context !== 'MODAL'}" data-ng-attr-data-partnumber="{{::product.partNumber}}" data-ng-attr-data-itemid="{{::product.singleSKUCatalogEntryID}}" data-partnumber="3022010P" data-itemid="724575">
				<a data-ng-attr-href="{{::productTileVM.pdpHref}}" data-ng-click="productTileVM.openProduct($event)" href="/a/richmond-south/product/nature-valley-protein-salted-caramel-bar">
					<span role="text">
						<!---->
						<span class="product-brand" data-ng-bind="::product.displayBrandText">Nature Valley</span>
						<span class="product-name" data-ng-bind="::product.displayNameText">Salted Caramel Protein Bar</span>
						<span class="package-size accessibility-inline" data-ng-bind="::product.prodA11yHeadingSuffix">160g on special</span>
						<!---->
						<!---->
						<!---->
					</span>
				</a>
			</h3>
			<!---->
			<!----><span class="product-pricing-info" role="text" data-ng-if="::!product.price.isNaN">
	            <span class="price-container">
	            	<!---->
	            	<!--To reduce the space between $ and Hero price for Accessibility, combined span tags in same line-->
	            	<span class="currency-sign">$</span><span class="dollar-value" data-ng-bind="::product.price.dollarValue">2</span><span class="cent-value">.65</span>
	                <!---->
	            </span>
	            
               <!----><span class="saving-container" data-colrs-if="((productTileVM.defaultOption.hasDiscount()  &amp;&amp; !product.isMultiBuyPromo &amp;&amp; !product.tickettypeObject.isRedRing) || productTileVM.product.hasDownDown)">
                    <!----><span class="product-saving" data-colrs-if="!productTileVM.product.hasDownDown &amp;&amp; productTileVM.product.tickettype != 'X'">
                        <span class="product-save-prefix">
                            save
                        </span>
                        <span class="product-save-value">
                            <strong>$2.65</strong>
                        </span>
                    </span><!-- end colrsIf: !productTileVM.product.hasDownDown && productTileVM.product.tickettype != 'X' -->
                    <!----><strong>
                </strong></span><!-- end colrsIf: ((productTileVM.defaultOption.hasDiscount()  && !product.isMultiBuyPromo && !product.tickettypeObject.isRedRing) || productTileVM.product.hasDownDown) --><strong>
               
	        </strong></span><!----><strong>
	        <!---->
		</strong></div><strong>
        <div class="product-info">
			<p tabindex="-1">
				<!----><span class="package-size" aria-hidden="true" data-ng-if="::product.showOnlineSizeDesc" data-ng-bind="::product.sizeDescription">160g</span><!---->
				<!----><span class="delimeter" role="presentation" aria-hidden="true" data-ng-if="::(product.showOnlineSizeDesc &amp;&amp; product.unitPrice)"></span><!---->
				<span role="text">
					<span class="package-price" data-ng-bind="::product.unitPrice">$1.66 per 100G</span>
					<span class="accessibility-inline" data-ng-bind="::product.unitPriceA11y">Unit Price</span>
				</span>
			</p>
			<!---->
			<!---->
		</div>
		<!---->
	    <div class="product-price-estimate" data-colrs-product-price-estimate="" data-product="product">
	
<button class="action-alert-active ng-hide" role="text" data-ng-show="::colrsProductPriceEstimateVM.product.isWeightedItem" data-colrs-click="colrsProductPriceEstimateVM.showPriceAlertMessage()" aria-hidden="true">
    <svg focusable="false" class="icon icon-info-circle" aria-hidden="true" role="presentation">
        <use xlink:href="#icon-info-circle"></use>
    </svg>
    <span class="product-price-estimate-text">
	    Price is an estimate
		<span class="accessibility-inline">
			<!----> 
			<!---->
		</span>
	</span>
</button>
<div class="alert" aria-hidden="true" role="alert" data-ng-blur="colrsProductPriceEstimateVM.closePriceAlertMessageOnBodyClick($event)" data-ng-keydown="colrsProductPriceEstimateVM.alertKeyHandler($event)">
	<div class="alert-wrapper alert-information" data-colrs-click-ignore=""> 
		<span class="arrow"></span>
         <div class="close is-dark">
             <a data-ng-href="" class="popup-close" title="pop up" data-ng-click="colrsProductPriceEstimateVM.hidePriceAlertMessage()">
                 <svg role="presentation" focusable="false" class="icon icon-cross" aria-hidden="true">
                     <use xmlns:xlink="http://www.w3.org/1999/xlink" xlink:href="#icon-cross"></use>
                 </svg>
             </a>
         </div>
		<div class="alert-content">
			<!----> 
			<!---->
		</div>
	</div>
</div>

</div>
	    <!---->
	</strong></header><strong>
	<!---->
	<!----><div class="product-assoc-link" data-ng-class="{'isVisible': product.assocIsVisible}" data-colrs-product-assoc-link="" data-product="product" data-ng-if="productTileVM.context !== 'MODAL' &amp;&amp; !product.showAsUnavailable">
	
<button class="assoc-link-btn" data-ng-click="productAssocLinkVM.openSizesAndVarietiesModal($event, productAssocLinkVM.product)">
	<span role="text">
		<span data-ng-bind-html="productAssocLinkVM.assocLinkTxt"></span>
		<svg focusable="false" class="icon icon-arrow" role="presentation" aria-hidden="true">
		    <use xmlns:xlink="http://www.w3.org/1999/xlink" xlink:href="#icon-arrow"></use>
		</svg>
	</span>
</button>


</div><!---->
	<!-- Fat controller and lists container -->
	<div class="product-actions-container">
		<!----><div class="product-options-container" data-ng-if="productTileVM.context !== 'MODAL'" data-colrs-product-options="">
	
<!---->

</div><!---->
		<!---->
		<div class="fat-controller is-full-width" data-ng-class="{'is-full-width':!productTileVM.isRegistered}" data-container="tile" data-product="product" data-context="" data-show-savings="false" data-colrs-fat-controller="">
	
<ng-transclude></ng-transclude>
<!----><div class="fc-button" data-colrs-fat-controller-container="" data-colrs-if="fatControllerVM.showFatController" data-ng-class="{'is-expanded': fatControllerVM.isExpanded}">
	<div class="button-main-container clear" data-colrs-fat-controller-responsive="">
		<!---->
		<!---->
		<!----><button type="submit" id="_btn_3022010P" class="button button-main" data-colrs-if="(fatControllerVM.defaultType === 'STANDARD')" data-colrs-fat-controller-button="" data-colrs-fat-controller-button-main="" data-colrs-click="fatControllerVM.toggleItem()">
	
<!---->
<!----><span class="button-main-inner" data-colrs-if="!fatControllerVM.isInTrolley()" ng-transclude="">
			
			<span class="product-cta" aria-hidden="true" data-colrs-fat-controller-responsive-component="Add">
				Add
			</span>
			<span class="accessibility">Add</span>
			<span class="product-qty">1</span>
			<span class="accessibility" data-ng-bind="::fatControllerVM.product.prodA11yHeading">Nature Valley Salted Caramel Protein Bar 160g on special</span>
			<span class="product-text">for</span>
			<strong class="product-price">$2.65</strong>
			<span class="accessibility">to the trolley.</span>
			
			<!-- 
			<span class="product-saving" aria-hidden="true" data-colrs-if="fatControllerVM.defaultOption.hasDiscount()"
					data-colrs-fat-controller-responsive-component="Save">
				save 
				<strong>{{fatControllerVM.defaultOption.formattedDiscount}}</strong>
			</span>
			
			<span class="accessibility" data-colrs-if="fatControllerVM.defaultOption.hasDiscount()">
				save 
				{{fatControllerVM.defaultOption.formattedDiscount}}
			</span>
			-->
		</span><!-- end colrsIf: !fatControllerVM.isInTrolley() -->

</button><!-- end colrsIf: (fatControllerVM.defaultType === 'STANDARD') -->
	</div>
	<button id="_down_3022010P" class="button button-down" aria-expanded="false" data-colrs-fat-controller-button="" data-colrs-click="fatControllerVM.toggleSelect()" data-ng-blur="fatControllerVM.resetAnnounceElements(fatControllerVM.product.partNumber)">
		<svg focusable="false" class="icon icon-dropdown-small" role="presentation" aria-hidden="true">
			<use xlink:href="#icon-dropdown-small"></use>
		</svg>
		<span class="accessibility" id="_announce_3022010P"></span>
		<span class="accessibility"><br>choose a different quantity for</span>
		<span class="accessibility" data-ng-bind="::fatControllerVM.product.prodA11yHeading">Nature Valley Salted Caramel Protein Bar 160g on special</span>
	</button>
	<div class="button-confirmation">
		<div class="button-confirmation-container clear">
			<div class="button-confirmation-label">
				<span data-colrs-fat-controller-animation-message=""></span>
			</div>
		</div>
		<div class="button-confirmation-icon">
			<span class="icon-loading"></span>
		</div>
	</div>
	<!---->
	<p role="text" id="_proc_3022010P" class="accessibility" tabindex="-1"></p>
</div><!-- end colrsIf: fatControllerVM.showFatController -->

<!---->

</div>
	</div>
</strong></div><strong>

</strong></div><!---->
	<!---->
	<!---->
	<!---->
	<!---->
	<!---->
	<!---->
	<!---->
	<!---->
</div>

</div><!----><div class="colrs-animate tile-animate" data-ng-class="::{'tile-stagger': (productListVM.widget.searchInfo.currentPage > 1)}" data-ng-repeat="tile in productListVM.widget.tiles" data-colrs-tile="">
	
<div id="tile_colrsCatalogEntryListWidget_Data_2_3074457345618260154_3074457345618264559_49" data-tile-seq-no="46" data-ng-switch="::tile.type">
	<!----><div data-ng-switch-when="product" tile="tile" data-colrs-product-tile="">
	
<div class="product product-specials" data-colrs-product-style="::tile.data" data-ng-class="::{'has-merch-assoc':(productTileVM.context !== 'MODAL' &amp;&amp; product.productAssociation.isVisible &amp;&amp; product.productAssociation.isFromAssociation) || (tile.isTPB &amp;&amp; tile.hasTPBMerchAssociation), 'product-specials': tile.isTPB, 'has-flag': product.showAsUnavailable}" data-ng-hide="productTileVM.context === 'MODAL' &amp;&amp; product.showAsUnavailable &amp;&amp; !(product.isSizesVarieties)" aria-hidden="false">
	
	<!---->
 	<!---->
	<!---->
    
    <!---->
	<!---->
	<header role="presentation" class="product-header" data-colrs-product-header="">
		<!----><div class="product-icons" data-ng-if="::(product.badges.length &amp;&amp; ((productTileVM.context !== 'MODAL') || (productTileVM.hasProductTicketType &amp;&amp; productTileVM.context === 'MODAL')))">
			
			<!----><svg focusable="false" class="icon icon-specials-badge" role="presentation" aria-hidden="true"><use xmlns:xlink="http://www.w3.org/1999/xlink" xlink:href="#icon-specials-badge"></use></svg><!---->
		</div><!---->
		<!----><div class="product-image-container" data-ng-if="::productTileVM.context !== 'MODAL'">
			<!---->
	        <a class="product-image-link" data-ng-attr-href="{{::productTileVM.pdpHref}}" data-ng-click="productTileVM.openProduct($event)" href="/a/richmond-south/product/steggles-honey-soy-tenders">
	            <div class="product-image">
					<span role="text">
						<img alt="Steggles Frozen Honey Soy Frozen Chicken Breast Tenders 400g on special" data-ng-src="/wcsstore/Coles-CAS/images/3/2/3/3230754-th.jpg" data-colrs-def-product-image="" aria-hidden="true" role="presentation" src="/wcsstore/Coles-CAS/images/3/2/3/3230754-th.jpg">
						<span class="accessibility-inline">Steggles Frozen Honey Soy Frozen Chicken Breast Tenders 400g on special</span>
					</span>
	            </div>
	        </a>
	    </div><!---->
	    <div class="product-main-info">
		    <!----><div data-ng-if="productTileVM.context !== 'MODAL'" class="accessibility-inline" data-colrs-page-focus-point="next_product46" colrs-product-option-temp-message=""></div><!---->
	    	<h3 class="product-title" data-ng-class="::{'product-no-desc': !product.showOnlineSizeDesc, 'short-width-title': product.hasRoundelPromo &amp;&amp; productTileVM.context !== 'MODAL'}" data-ng-attr-data-partnumber="{{::product.partNumber}}" data-ng-attr-data-itemid="{{::product.singleSKUCatalogEntryID}}" data-partnumber="3230754P" data-itemid="932025">
				<a data-ng-attr-href="{{::productTileVM.pdpHref}}" data-ng-click="productTileVM.openProduct($event)" href="/a/richmond-south/product/steggles-honey-soy-tenders">
					<span role="text">
						<!---->
						<span class="product-brand" data-ng-bind="::product.displayBrandText">Steggles</span>
						<span class="product-name" data-ng-bind="::product.displayNameText">Frozen Honey Soy Frozen Chicken Breast Tenders</span>
						<span class="package-size accessibility-inline" data-ng-bind="::product.prodA11yHeadingSuffix">400g on special</span>
						<!---->
						<!---->
						<!---->
					</span>
				</a>
			</h3>
			<!---->
			<!----><span class="product-pricing-info" role="text" data-ng-if="::!product.price.isNaN">
	            <span class="price-container">
	            	<!---->
	            	<!--To reduce the space between $ and Hero price for Accessibility, combined span tags in same line-->
	            	<span class="currency-sign">$</span><span class="dollar-value" data-ng-bind="::product.price.dollarValue">3</span><span class="cent-value">.97</span>
	                <!---->
	            </span>
	            
               <!----><span class="saving-container" data-colrs-if="((productTileVM.defaultOption.hasDiscount()  &amp;&amp; !product.isMultiBuyPromo &amp;&amp; !product.tickettypeObject.isRedRing) || productTileVM.product.hasDownDown)">
                    <!----><span class="product-saving" data-colrs-if="!productTileVM.product.hasDownDown &amp;&amp; productTileVM.product.tickettype != 'X'">
                        <span class="product-save-prefix">
                            save
                        </span>
                        <span class="product-save-value">
                            <strong>$3.98</strong>
                        </span>
                    </span><!-- end colrsIf: !productTileVM.product.hasDownDown && productTileVM.product.tickettype != 'X' -->
                    <!----><strong>
                </strong></span><!-- end colrsIf: ((productTileVM.defaultOption.hasDiscount()  && !product.isMultiBuyPromo && !product.tickettypeObject.isRedRing) || productTileVM.product.hasDownDown) --><strong>
               
	        </strong></span><!----><strong>
	        <!---->
		</strong></div><strong>
        <div class="product-info">
			<p tabindex="-1">
				<!----><span class="package-size" aria-hidden="true" data-ng-if="::product.showOnlineSizeDesc" data-ng-bind="::product.sizeDescription">400g</span><!---->
				<!----><span class="delimeter" role="presentation" aria-hidden="true" data-ng-if="::(product.showOnlineSizeDesc &amp;&amp; product.unitPrice)"></span><!---->
				<span role="text">
					<span class="package-price" data-ng-bind="::product.unitPrice">$9.93 per 1Kg</span>
					<span class="accessibility-inline" data-ng-bind="::product.unitPriceA11y">Unit Price</span>
				</span>
			</p>
			<!---->
			<!---->
		</div>
		<!---->
	    <div class="product-price-estimate" data-colrs-product-price-estimate="" data-product="product">
	
<button class="action-alert-active ng-hide" role="text" data-ng-show="::colrsProductPriceEstimateVM.product.isWeightedItem" data-colrs-click="colrsProductPriceEstimateVM.showPriceAlertMessage()" aria-hidden="true">
    <svg focusable="false" class="icon icon-info-circle" aria-hidden="true" role="presentation">
        <use xlink:href="#icon-info-circle"></use>
    </svg>
    <span class="product-price-estimate-text">
	    Price is an estimate
		<span class="accessibility-inline">
			<!----> 
			<!---->
		</span>
	</span>
</button>
<div class="alert" aria-hidden="true" role="alert" data-ng-blur="colrsProductPriceEstimateVM.closePriceAlertMessageOnBodyClick($event)" data-ng-keydown="colrsProductPriceEstimateVM.alertKeyHandler($event)">
	<div class="alert-wrapper alert-information" data-colrs-click-ignore=""> 
		<span class="arrow"></span>
         <div class="close is-dark">
             <a data-ng-href="" class="popup-close" title="pop up" data-ng-click="colrsProductPriceEstimateVM.hidePriceAlertMessage()">
                 <svg role="presentation" focusable="false" class="icon icon-cross" aria-hidden="true">
                     <use xmlns:xlink="http://www.w3.org/1999/xlink" xlink:href="#icon-cross"></use>
                 </svg>
             </a>
         </div>
		<div class="alert-content">
			<!----> 
			<!---->
		</div>
	</div>
</div>

</div>
	    <!---->
	</strong></header><strong>
	<!---->
	<!----><div class="product-assoc-link" data-ng-class="{'isVisible': product.assocIsVisible}" data-colrs-product-assoc-link="" data-product="product" data-ng-if="productTileVM.context !== 'MODAL' &amp;&amp; !product.showAsUnavailable">
	
<button class="assoc-link-btn" data-ng-click="productAssocLinkVM.openSizesAndVarietiesModal($event, productAssocLinkVM.product)">
	<span role="text">
		<span data-ng-bind-html="productAssocLinkVM.assocLinkTxt"></span>
		<svg focusable="false" class="icon icon-arrow" role="presentation" aria-hidden="true">
		    <use xmlns:xlink="http://www.w3.org/1999/xlink" xlink:href="#icon-arrow"></use>
		</svg>
	</span>
</button>


</div><!---->
	<!-- Fat controller and lists container -->
	<div class="product-actions-container">
		<!----><div class="product-options-container" data-ng-if="productTileVM.context !== 'MODAL'" data-colrs-product-options="">
	
<!---->

</div><!---->
		<!---->
		<div class="fat-controller is-full-width" data-ng-class="{'is-full-width':!productTileVM.isRegistered}" data-container="tile" data-product="product" data-context="" data-show-savings="false" data-colrs-fat-controller="">
	
<ng-transclude></ng-transclude>
<!----><div class="fc-button" data-colrs-fat-controller-container="" data-colrs-if="fatControllerVM.showFatController" data-ng-class="{'is-expanded': fatControllerVM.isExpanded}">
	<div class="button-main-container clear" data-colrs-fat-controller-responsive="">
		<!---->
		<!---->
		<!----><button type="submit" id="_btn_3230754P" class="button button-main" data-colrs-if="(fatControllerVM.defaultType === 'STANDARD')" data-colrs-fat-controller-button="" data-colrs-fat-controller-button-main="" data-colrs-click="fatControllerVM.toggleItem()">
	
<!---->
<!----><span class="button-main-inner" data-colrs-if="!fatControllerVM.isInTrolley()" ng-transclude="">
			
			<span class="product-cta" aria-hidden="true" data-colrs-fat-controller-responsive-component="Add">
				Add
			</span>
			<span class="accessibility">Add</span>
			<span class="product-qty">1</span>
			<span class="accessibility" data-ng-bind="::fatControllerVM.product.prodA11yHeading">Steggles Frozen Honey Soy Frozen Chicken Breast Tenders 400g on special</span>
			<span class="product-text">for</span>
			<strong class="product-price">$3.97</strong>
			<span class="accessibility">to the trolley.</span>
			
			<!-- 
			<span class="product-saving" aria-hidden="true" data-colrs-if="fatControllerVM.defaultOption.hasDiscount()"
					data-colrs-fat-controller-responsive-component="Save">
				save 
				<strong>{{fatControllerVM.defaultOption.formattedDiscount}}</strong>
			</span>
			
			<span class="accessibility" data-colrs-if="fatControllerVM.defaultOption.hasDiscount()">
				save 
				{{fatControllerVM.defaultOption.formattedDiscount}}
			</span>
			-->
		</span><!-- end colrsIf: !fatControllerVM.isInTrolley() -->

</button><!-- end colrsIf: (fatControllerVM.defaultType === 'STANDARD') -->
	</div>
	<button id="_down_3230754P" class="button button-down" aria-expanded="false" data-colrs-fat-controller-button="" data-colrs-click="fatControllerVM.toggleSelect()" data-ng-blur="fatControllerVM.resetAnnounceElements(fatControllerVM.product.partNumber)">
		<svg focusable="false" class="icon icon-dropdown-small" role="presentation" aria-hidden="true">
			<use xlink:href="#icon-dropdown-small"></use>
		</svg>
		<span class="accessibility" id="_announce_3230754P"></span>
		<span class="accessibility"><br>choose a different quantity for</span>
		<span class="accessibility" data-ng-bind="::fatControllerVM.product.prodA11yHeading">Steggles Frozen Honey Soy Frozen Chicken Breast Tenders 400g on special</span>
	</button>
	<div class="button-confirmation">
		<div class="button-confirmation-container clear">
			<div class="button-confirmation-label">
				<span data-colrs-fat-controller-animation-message=""></span>
			</div>
		</div>
		<div class="button-confirmation-icon">
			<span class="icon-loading"></span>
		</div>
	</div>
	<!---->
	<p role="text" id="_proc_3230754P" class="accessibility" tabindex="-1"></p>
</div><!-- end colrsIf: fatControllerVM.showFatController -->

<!---->

</div>
	</div>
</strong></div><strong>

</strong></div><!---->
	<!---->
	<!---->
	<!---->
	<!---->
	<!---->
	<!---->
	<!---->
	<!---->
</div>

</div><!----><div class="colrs-animate tile-animate" data-ng-class="::{'tile-stagger': (productListVM.widget.searchInfo.currentPage > 1)}" data-ng-repeat="tile in productListVM.widget.tiles" data-colrs-tile="">
	
<div id="tile_colrsCatalogEntryListWidget_Data_2_3074457345618260154_3074457345618264559_50" data-tile-seq-no="47" data-ng-switch="::tile.type">
	<!----><div data-ng-switch-when="product" tile="tile" data-colrs-product-tile="">
	
<div class="product product-specials" data-colrs-product-style="::tile.data" data-ng-class="::{'has-merch-assoc':(productTileVM.context !== 'MODAL' &amp;&amp; product.productAssociation.isVisible &amp;&amp; product.productAssociation.isFromAssociation) || (tile.isTPB &amp;&amp; tile.hasTPBMerchAssociation), 'product-specials': tile.isTPB, 'has-flag': product.showAsUnavailable}" data-ng-hide="productTileVM.context === 'MODAL' &amp;&amp; product.showAsUnavailable &amp;&amp; !(product.isSizesVarieties)" aria-hidden="false">
	
	<!---->
 	<!---->
	<!---->
    
    <!---->
	<!---->
	<header role="presentation" class="product-header" data-colrs-product-header="">
		<!----><div class="product-icons" data-ng-if="::(product.badges.length &amp;&amp; ((productTileVM.context !== 'MODAL') || (productTileVM.hasProductTicketType &amp;&amp; productTileVM.context === 'MODAL')))">
			
			<!----><svg focusable="false" class="icon icon-specials-badge" role="presentation" aria-hidden="true"><use xmlns:xlink="http://www.w3.org/1999/xlink" xlink:href="#icon-specials-badge"></use></svg><!---->
		</div><!---->
		<!----><div class="product-image-container" data-ng-if="::productTileVM.context !== 'MODAL'">
			<!---->
	        <a class="product-image-link" data-ng-attr-href="{{::productTileVM.pdpHref}}" data-ng-click="productTileVM.openProduct($event)" href="/a/richmond-south/product/omo-laundry-powder-ultimate-front-top">
	            <div class="product-image">
					<span role="text">
						<img alt="OMO Ultimate Front &amp; Top Laundry Powder 1.8kg on special" data-ng-src="/wcsstore/Coles-CAS/images/3/5/3/3536233-th.jpg" data-colrs-def-product-image="" aria-hidden="true" role="presentation" src="/wcsstore/Coles-CAS/images/3/5/3/3536233-th.jpg">
						<span class="accessibility-inline">OMO Ultimate Front &amp; Top Laundry Powder 1.8kg on special</span>
					</span>
	            </div>
	        </a>
	    </div><!---->
	    <div class="product-main-info">
		    <!----><div data-ng-if="productTileVM.context !== 'MODAL'" class="accessibility-inline" data-colrs-page-focus-point="next_product47" colrs-product-option-temp-message=""></div><!---->
	    	<h3 class="product-title" data-ng-class="::{'product-no-desc': !product.showOnlineSizeDesc, 'short-width-title': product.hasRoundelPromo &amp;&amp; productTileVM.context !== 'MODAL'}" data-ng-attr-data-partnumber="{{::product.partNumber}}" data-ng-attr-data-itemid="{{::product.singleSKUCatalogEntryID}}" data-partnumber="3536233P" data-itemid="1073083">
				<a data-ng-attr-href="{{::productTileVM.pdpHref}}" data-ng-click="productTileVM.openProduct($event)" href="/a/richmond-south/product/omo-laundry-powder-ultimate-front-top">
					<span role="text">
						<!---->
						<span class="product-brand" data-ng-bind="::product.displayBrandText">OMO</span>
						<span class="product-name" data-ng-bind="::product.displayNameText">Ultimate Front &amp; Top Laundry Powder</span>
						<span class="package-size accessibility-inline" data-ng-bind="::product.prodA11yHeadingSuffix">1.8kg on special</span>
						<!---->
						<!---->
						<!---->
					</span>
				</a>
			</h3>
			<!---->
			<!----><span class="product-pricing-info" role="text" data-ng-if="::!product.price.isNaN">
	            <span class="price-container">
	            	<!---->
	            	<!--To reduce the space between $ and Hero price for Accessibility, combined span tags in same line-->
	            	<span class="currency-sign">$</span><span class="dollar-value" data-ng-bind="::product.price.dollarValue">11</span><span class="cent-value">.00</span>
	                <!---->
	            </span>
	            
               <!----><span class="saving-container" data-colrs-if="((productTileVM.defaultOption.hasDiscount()  &amp;&amp; !product.isMultiBuyPromo &amp;&amp; !product.tickettypeObject.isRedRing) || productTileVM.product.hasDownDown)">
                    <!----><span class="product-saving" data-colrs-if="!productTileVM.product.hasDownDown &amp;&amp; productTileVM.product.tickettype != 'X'">
                        <span class="product-save-prefix">
                            save
                        </span>
                        <span class="product-save-value">
                            <strong>$11.00</strong>
                        </span>
                    </span><!-- end colrsIf: !productTileVM.product.hasDownDown && productTileVM.product.tickettype != 'X' -->
                    <!----><strong>
                </strong></span><!-- end colrsIf: ((productTileVM.defaultOption.hasDiscount()  && !product.isMultiBuyPromo && !product.tickettypeObject.isRedRing) || productTileVM.product.hasDownDown) --><strong>
               
	        </strong></span><!----><strong>
	        <!---->
		</strong></div><strong>
        <div class="product-info">
			<p tabindex="-1">
				<!----><span class="package-size" aria-hidden="true" data-ng-if="::product.showOnlineSizeDesc" data-ng-bind="::product.sizeDescription">1.8kg</span><!---->
				<!----><span class="delimeter" role="presentation" aria-hidden="true" data-ng-if="::(product.showOnlineSizeDesc &amp;&amp; product.unitPrice)"></span><!---->
				<span role="text">
					<span class="package-price" data-ng-bind="::product.unitPrice">$6.11 per 1Kg</span>
					<span class="accessibility-inline" data-ng-bind="::product.unitPriceA11y">Unit Price</span>
				</span>
			</p>
			<!---->
			<!---->
		</div>
		<!---->
	    <div class="product-price-estimate" data-colrs-product-price-estimate="" data-product="product">
	
<button class="action-alert-active ng-hide" role="text" data-ng-show="::colrsProductPriceEstimateVM.product.isWeightedItem" data-colrs-click="colrsProductPriceEstimateVM.showPriceAlertMessage()" aria-hidden="true">
    <svg focusable="false" class="icon icon-info-circle" aria-hidden="true" role="presentation">
        <use xlink:href="#icon-info-circle"></use>
    </svg>
    <span class="product-price-estimate-text">
	    Price is an estimate
		<span class="accessibility-inline">
			<!----> 
			<!---->
		</span>
	</span>
</button>
<div class="alert" aria-hidden="true" role="alert" data-ng-blur="colrsProductPriceEstimateVM.closePriceAlertMessageOnBodyClick($event)" data-ng-keydown="colrsProductPriceEstimateVM.alertKeyHandler($event)">
	<div class="alert-wrapper alert-information" data-colrs-click-ignore=""> 
		<span class="arrow"></span>
         <div class="close is-dark">
             <a data-ng-href="" class="popup-close" title="pop up" data-ng-click="colrsProductPriceEstimateVM.hidePriceAlertMessage()">
                 <svg role="presentation" focusable="false" class="icon icon-cross" aria-hidden="true">
                     <use xmlns:xlink="http://www.w3.org/1999/xlink" xlink:href="#icon-cross"></use>
                 </svg>
             </a>
         </div>
		<div class="alert-content">
			<!----> 
			<!---->
		</div>
	</div>
</div>

</div>
	    <!---->
	</strong></header><strong>
	<!---->
	<!----><div class="product-assoc-link" data-ng-class="{'isVisible': product.assocIsVisible}" data-colrs-product-assoc-link="" data-product="product" data-ng-if="productTileVM.context !== 'MODAL' &amp;&amp; !product.showAsUnavailable">
	
<button class="assoc-link-btn" data-ng-click="productAssocLinkVM.openSizesAndVarietiesModal($event, productAssocLinkVM.product)">
	<span role="text">
		<span data-ng-bind-html="productAssocLinkVM.assocLinkTxt"></span>
		<svg focusable="false" class="icon icon-arrow" role="presentation" aria-hidden="true">
		    <use xmlns:xlink="http://www.w3.org/1999/xlink" xlink:href="#icon-arrow"></use>
		</svg>
	</span>
</button>


</div><!---->
	<!-- Fat controller and lists container -->
	<div class="product-actions-container">
		<!----><div class="product-options-container" data-ng-if="productTileVM.context !== 'MODAL'" data-colrs-product-options="">
	
<!---->

</div><!---->
		<!---->
		<div class="fat-controller is-full-width" data-ng-class="{'is-full-width':!productTileVM.isRegistered}" data-container="tile" data-product="product" data-context="" data-show-savings="false" data-colrs-fat-controller="">
	
<ng-transclude></ng-transclude>
<!----><div class="fc-button" data-colrs-fat-controller-container="" data-colrs-if="fatControllerVM.showFatController" data-ng-class="{'is-expanded': fatControllerVM.isExpanded}">
	<div class="button-main-container clear" data-colrs-fat-controller-responsive="">
		<!---->
		<!---->
		<!----><button type="submit" id="_btn_3536233P" class="button button-main" data-colrs-if="(fatControllerVM.defaultType === 'STANDARD')" data-colrs-fat-controller-button="" data-colrs-fat-controller-button-main="" data-colrs-click="fatControllerVM.toggleItem()">
	
<!---->
<!----><span class="button-main-inner" data-colrs-if="!fatControllerVM.isInTrolley()" ng-transclude="">
			
			<span class="product-cta" aria-hidden="true" data-colrs-fat-controller-responsive-component="Add">
				Add
			</span>
			<span class="accessibility">Add</span>
			<span class="product-qty">1</span>
			<span class="accessibility" data-ng-bind="::fatControllerVM.product.prodA11yHeading">OMO Ultimate Front &amp; Top Laundry Powder 1.8kg on special</span>
			<span class="product-text">for</span>
			<strong class="product-price">$11.00</strong>
			<span class="accessibility">to the trolley.</span>
			
			<!-- 
			<span class="product-saving" aria-hidden="true" data-colrs-if="fatControllerVM.defaultOption.hasDiscount()"
					data-colrs-fat-controller-responsive-component="Save">
				save 
				<strong>{{fatControllerVM.defaultOption.formattedDiscount}}</strong>
			</span>
			
			<span class="accessibility" data-colrs-if="fatControllerVM.defaultOption.hasDiscount()">
				save 
				{{fatControllerVM.defaultOption.formattedDiscount}}
			</span>
			-->
		</span><!-- end colrsIf: !fatControllerVM.isInTrolley() -->

</button><!-- end colrsIf: (fatControllerVM.defaultType === 'STANDARD') -->
	</div>
	<button id="_down_3536233P" class="button button-down" aria-expanded="false" data-colrs-fat-controller-button="" data-colrs-click="fatControllerVM.toggleSelect()" data-ng-blur="fatControllerVM.resetAnnounceElements(fatControllerVM.product.partNumber)">
		<svg focusable="false" class="icon icon-dropdown-small" role="presentation" aria-hidden="true">
			<use xlink:href="#icon-dropdown-small"></use>
		</svg>
		<span class="accessibility" id="_announce_3536233P"></span>
		<span class="accessibility"><br>choose a different quantity for</span>
		<span class="accessibility" data-ng-bind="::fatControllerVM.product.prodA11yHeading">OMO Ultimate Front &amp; Top Laundry Powder 1.8kg on special</span>
	</button>
	<div class="button-confirmation">
		<div class="button-confirmation-container clear">
			<div class="button-confirmation-label">
				<span data-colrs-fat-controller-animation-message=""></span>
			</div>
		</div>
		<div class="button-confirmation-icon">
			<span class="icon-loading"></span>
		</div>
	</div>
	<!---->
	<p role="text" id="_proc_3536233P" class="accessibility" tabindex="-1"></p>
</div><!-- end colrsIf: fatControllerVM.showFatController -->

<!---->

</div>
	</div>
</strong></div><strong>

</strong></div><!---->
	<!---->
	<!---->
	<!---->
	<!---->
	<!---->
	<!---->
	<!---->
	<!---->
</div>

</div><!----><div class="colrs-animate tile-animate" data-ng-class="::{'tile-stagger': (productListVM.widget.searchInfo.currentPage > 1)}" data-ng-repeat="tile in productListVM.widget.tiles" data-colrs-tile="">
	
<div id="tile_colrsCatalogEntryListWidget_Data_2_3074457345618260154_3074457345618264559_51" data-tile-seq-no="48" data-ng-switch="::tile.type">
	<!----><div data-ng-switch-when="product" tile="tile" data-colrs-product-tile="">
	
<div class="product product-specials" data-colrs-product-style="::tile.data" data-ng-class="::{'has-merch-assoc':(productTileVM.context !== 'MODAL' &amp;&amp; product.productAssociation.isVisible &amp;&amp; product.productAssociation.isFromAssociation) || (tile.isTPB &amp;&amp; tile.hasTPBMerchAssociation), 'product-specials': tile.isTPB, 'has-flag': product.showAsUnavailable}" data-ng-hide="productTileVM.context === 'MODAL' &amp;&amp; product.showAsUnavailable &amp;&amp; !(product.isSizesVarieties)" aria-hidden="false">
	
	<!---->
 	<!---->
	<!---->
    
    <!---->
	<!---->
	<header role="presentation" class="product-header" data-colrs-product-header="">
		<!----><div class="product-icons" data-ng-if="::(product.badges.length &amp;&amp; ((productTileVM.context !== 'MODAL') || (productTileVM.hasProductTicketType &amp;&amp; productTileVM.context === 'MODAL')))">
			
			<!----><svg focusable="false" class="icon icon-specials-badge" role="presentation" aria-hidden="true"><use xmlns:xlink="http://www.w3.org/1999/xlink" xlink:href="#icon-specials-badge"></use></svg><!---->
		</div><!---->
		<!----><div class="product-image-container" data-ng-if="::productTileVM.context !== 'MODAL'">
			<!---->
	        <a class="product-image-link" data-ng-attr-href="{{::productTileVM.pdpHref}}" data-ng-click="productTileVM.openProduct($event)" href="/a/richmond-south/product/creative-gourmet-passionfruit">
	            <div class="product-image">
					<span role="text">
						<img alt="Creative Gourmet Frozen Passionfruit Pulp 300g on special" data-ng-src="/wcsstore/Coles-CAS/images/3/5/7/3573047-th.jpg" data-colrs-def-product-image="" aria-hidden="true" role="presentation" src="/wcsstore/Coles-CAS/images/3/5/7/3573047-th.jpg">
						<span class="accessibility-inline">Creative Gourmet Frozen Passionfruit Pulp 300g on special</span>
					</span>
	            </div>
	        </a>
	    </div><!---->
	    <div class="product-main-info">
		    <!----><div data-ng-if="productTileVM.context !== 'MODAL'" class="accessibility-inline" data-colrs-page-focus-point="next_product48" colrs-product-option-temp-message=""></div><!---->
	    	<h3 class="product-title" data-ng-class="::{'product-no-desc': !product.showOnlineSizeDesc, 'short-width-title': product.hasRoundelPromo &amp;&amp; productTileVM.context !== 'MODAL'}" data-ng-attr-data-partnumber="{{::product.partNumber}}" data-ng-attr-data-itemid="{{::product.singleSKUCatalogEntryID}}" data-partnumber="3573047P" data-itemid="1098653">
				<a data-ng-attr-href="{{::productTileVM.pdpHref}}" data-ng-click="productTileVM.openProduct($event)" href="/a/richmond-south/product/creative-gourmet-passionfruit">
					<span role="text">
						<!---->
						<span class="product-brand" data-ng-bind="::product.displayBrandText">Creative Gourmet</span>
						<span class="product-name" data-ng-bind="::product.displayNameText">Frozen Passionfruit Pulp</span>
						<span class="package-size accessibility-inline" data-ng-bind="::product.prodA11yHeadingSuffix">300g on special</span>
						<!---->
						<!---->
						<!---->
					</span>
				</a>
			</h3>
			<!---->
			<!----><span class="product-pricing-info" role="text" data-ng-if="::!product.price.isNaN">
	            <span class="price-container">
	            	<!---->
	            	<!--To reduce the space between $ and Hero price for Accessibility, combined span tags in same line-->
	            	<span class="currency-sign">$</span><span class="dollar-value" data-ng-bind="::product.price.dollarValue">2</span><span class="cent-value">.82</span>
	                <!---->
	            </span>
	            
               <!----><span class="saving-container" data-colrs-if="((productTileVM.defaultOption.hasDiscount()  &amp;&amp; !product.isMultiBuyPromo &amp;&amp; !product.tickettypeObject.isRedRing) || productTileVM.product.hasDownDown)">
                    <!----><span class="product-saving" data-colrs-if="!productTileVM.product.hasDownDown &amp;&amp; productTileVM.product.tickettype != 'X'">
                        <span class="product-save-prefix">
                            save
                        </span>
                        <span class="product-save-value">
                            <strong>$2.83</strong>
                        </span>
                    </span><!-- end colrsIf: !productTileVM.product.hasDownDown && productTileVM.product.tickettype != 'X' -->
                    <!----><strong>
                </strong></span><!-- end colrsIf: ((productTileVM.defaultOption.hasDiscount()  && !product.isMultiBuyPromo && !product.tickettypeObject.isRedRing) || productTileVM.product.hasDownDown) --><strong>
               
	        </strong></span><!----><strong>
	        <!---->
		</strong></div><strong>
        <div class="product-info">
			<p tabindex="-1">
				<!----><span class="package-size" aria-hidden="true" data-ng-if="::product.showOnlineSizeDesc" data-ng-bind="::product.sizeDescription">300g</span><!---->
				<!----><span class="delimeter" role="presentation" aria-hidden="true" data-ng-if="::(product.showOnlineSizeDesc &amp;&amp; product.unitPrice)"></span><!---->
				<span role="text">
					<span class="package-price" data-ng-bind="::product.unitPrice">$9.40 per 1Kg</span>
					<span class="accessibility-inline" data-ng-bind="::product.unitPriceA11y">Unit Price</span>
				</span>
			</p>
			<!---->
			<!---->
		</div>
		<!---->
	    <div class="product-price-estimate" data-colrs-product-price-estimate="" data-product="product">
	
<button class="action-alert-active ng-hide" role="text" data-ng-show="::colrsProductPriceEstimateVM.product.isWeightedItem" data-colrs-click="colrsProductPriceEstimateVM.showPriceAlertMessage()" aria-hidden="true">
    <svg focusable="false" class="icon icon-info-circle" aria-hidden="true" role="presentation">
        <use xlink:href="#icon-info-circle"></use>
    </svg>
    <span class="product-price-estimate-text">
	    Price is an estimate
		<span class="accessibility-inline">
			<!----> 
			<!---->
		</span>
	</span>
</button>
<div class="alert" aria-hidden="true" role="alert" data-ng-blur="colrsProductPriceEstimateVM.closePriceAlertMessageOnBodyClick($event)" data-ng-keydown="colrsProductPriceEstimateVM.alertKeyHandler($event)">
	<div class="alert-wrapper alert-information" data-colrs-click-ignore=""> 
		<span class="arrow"></span>
         <div class="close is-dark">
             <a data-ng-href="" class="popup-close" title="pop up" data-ng-click="colrsProductPriceEstimateVM.hidePriceAlertMessage()">
                 <svg role="presentation" focusable="false" class="icon icon-cross" aria-hidden="true">
                     <use xmlns:xlink="http://www.w3.org/1999/xlink" xlink:href="#icon-cross"></use>
                 </svg>
             </a>
         </div>
		<div class="alert-content">
			<!----> 
			<!---->
		</div>
	</div>
</div>

</div>
	    <!---->
	</strong></header><strong>
	<!---->
	<!----><div class="product-assoc-link" data-ng-class="{'isVisible': product.assocIsVisible}" data-colrs-product-assoc-link="" data-product="product" data-ng-if="productTileVM.context !== 'MODAL' &amp;&amp; !product.showAsUnavailable">
	
<button class="assoc-link-btn" data-ng-click="productAssocLinkVM.openSizesAndVarietiesModal($event, productAssocLinkVM.product)">
	<span role="text">
		<span data-ng-bind-html="productAssocLinkVM.assocLinkTxt"></span>
		<svg focusable="false" class="icon icon-arrow" role="presentation" aria-hidden="true">
		    <use xmlns:xlink="http://www.w3.org/1999/xlink" xlink:href="#icon-arrow"></use>
		</svg>
	</span>
</button>


</div><!---->
	<!-- Fat controller and lists container -->
	<div class="product-actions-container">
		<!----><div class="product-options-container" data-ng-if="productTileVM.context !== 'MODAL'" data-colrs-product-options="">
	
<!---->

</div><!---->
		<!---->
		<div class="fat-controller is-full-width" data-ng-class="{'is-full-width':!productTileVM.isRegistered}" data-container="tile" data-product="product" data-context="" data-show-savings="false" data-colrs-fat-controller="">
	
<ng-transclude></ng-transclude>
<!----><div class="fc-button" data-colrs-fat-controller-container="" data-colrs-if="fatControllerVM.showFatController" data-ng-class="{'is-expanded': fatControllerVM.isExpanded}">
	<div class="button-main-container clear" data-colrs-fat-controller-responsive="">
		<!---->
		<!---->
		<!----><button type="submit" id="_btn_3573047P" class="button button-main" data-colrs-if="(fatControllerVM.defaultType === 'STANDARD')" data-colrs-fat-controller-button="" data-colrs-fat-controller-button-main="" data-colrs-click="fatControllerVM.toggleItem()">
	
<!---->
<!----><span class="button-main-inner" data-colrs-if="!fatControllerVM.isInTrolley()" ng-transclude="">
			
			<span class="product-cta" aria-hidden="true" data-colrs-fat-controller-responsive-component="Add">
				Add
			</span>
			<span class="accessibility">Add</span>
			<span class="product-qty">1</span>
			<span class="accessibility" data-ng-bind="::fatControllerVM.product.prodA11yHeading">Creative Gourmet Frozen Passionfruit Pulp 300g on special</span>
			<span class="product-text">for</span>
			<strong class="product-price">$2.82</strong>
			<span class="accessibility">to the trolley.</span>
			
			<!-- 
			<span class="product-saving" aria-hidden="true" data-colrs-if="fatControllerVM.defaultOption.hasDiscount()"
					data-colrs-fat-controller-responsive-component="Save">
				save 
				<strong>{{fatControllerVM.defaultOption.formattedDiscount}}</strong>
			</span>
			
			<span class="accessibility" data-colrs-if="fatControllerVM.defaultOption.hasDiscount()">
				save 
				{{fatControllerVM.defaultOption.formattedDiscount}}
			</span>
			-->
		</span><!-- end colrsIf: !fatControllerVM.isInTrolley() -->

</button><!-- end colrsIf: (fatControllerVM.defaultType === 'STANDARD') -->
	</div>
	<button id="_down_3573047P" class="button button-down" aria-expanded="false" data-colrs-fat-controller-button="" data-colrs-click="fatControllerVM.toggleSelect()" data-ng-blur="fatControllerVM.resetAnnounceElements(fatControllerVM.product.partNumber)">
		<svg focusable="false" class="icon icon-dropdown-small" role="presentation" aria-hidden="true">
			<use xlink:href="#icon-dropdown-small"></use>
		</svg>
		<span class="accessibility" id="_announce_3573047P"></span>
		<span class="accessibility"><br>choose a different quantity for</span>
		<span class="accessibility" data-ng-bind="::fatControllerVM.product.prodA11yHeading">Creative Gourmet Frozen Passionfruit Pulp 300g on special</span>
	</button>
	<div class="button-confirmation">
		<div class="button-confirmation-container clear">
			<div class="button-confirmation-label">
				<span data-colrs-fat-controller-animation-message=""></span>
			</div>
		</div>
		<div class="button-confirmation-icon">
			<span class="icon-loading"></span>
		</div>
	</div>
	<!---->
	<p role="text" id="_proc_3573047P" class="accessibility" tabindex="-1"></p>
</div><!-- end colrsIf: fatControllerVM.showFatController -->

<!---->

</div>
	</div>
</strong></div><strong>

</strong></div><!---->
	<!---->
	<!---->
	<!---->
	<!---->
	<!---->
	<!---->
	<!---->
	<!---->
</div>

</div><!----><div class="colrs-animate tile-animate" data-ng-class="::{'tile-stagger': (productListVM.widget.searchInfo.currentPage > 1)}" data-ng-repeat="tile in productListVM.widget.tiles" data-colrs-tile="">
	
<div id="tile_colrsCatalogEntryListWidget_Data_2_3074457345618260154_3074457345618264559_52" data-tile-seq-no="49" data-ng-switch="::tile.type">
	<!----><div data-ng-switch-when="product" tile="tile" data-colrs-product-tile="">
	
<div class="product product-specials" data-colrs-product-style="::tile.data" data-ng-class="::{'has-merch-assoc':(productTileVM.context !== 'MODAL' &amp;&amp; product.productAssociation.isVisible &amp;&amp; product.productAssociation.isFromAssociation) || (tile.isTPB &amp;&amp; tile.hasTPBMerchAssociation), 'product-specials': tile.isTPB, 'has-flag': product.showAsUnavailable}" data-ng-hide="productTileVM.context === 'MODAL' &amp;&amp; product.showAsUnavailable &amp;&amp; !(product.isSizesVarieties)" aria-hidden="false">
	
	<!---->
 	<!---->
	<!---->
    
    <!---->
	<!---->
	<header role="presentation" class="product-header" data-colrs-product-header="">
		<!----><div class="product-icons" data-ng-if="::(product.badges.length &amp;&amp; ((productTileVM.context !== 'MODAL') || (productTileVM.hasProductTicketType &amp;&amp; productTileVM.context === 'MODAL')))">
			
			<!----><svg focusable="false" class="icon icon-specials-badge" role="presentation" aria-hidden="true"><use xmlns:xlink="http://www.w3.org/1999/xlink" xlink:href="#icon-specials-badge"></use></svg><!---->
		</div><!---->
		<!----><div class="product-image-container" data-ng-if="::productTileVM.context !== 'MODAL'">
			<!---->
	        <a class="product-image-link" data-ng-attr-href="{{::productTileVM.pdpHref}}" data-ng-click="productTileVM.openProduct($event)" href="/a/richmond-south/product/cca-coca-cola-diet-125l-soft-drink-diet-coke">
	            <div class="product-image">
					<span role="text">
						<img alt="Coca-Cola Diet Coke Soft Drink 1.25L on special" data-ng-src="/wcsstore/Coles-CAS/images/4/1/9/419211-th.jpg" data-colrs-def-product-image="" aria-hidden="true" role="presentation" src="/wcsstore/Coles-CAS/images/4/1/9/419211-th.jpg">
						<span class="accessibility-inline">Coca-Cola Diet Coke Soft Drink 1.25L on special</span>
					</span>
	            </div>
	        </a>
	    </div><!---->
	    <div class="product-main-info">
		    <!----><div data-ng-if="productTileVM.context !== 'MODAL'" class="accessibility-inline" data-colrs-page-focus-point="next_product49" colrs-product-option-temp-message=""></div><!---->
	    	<h3 class="product-title" data-ng-class="::{'product-no-desc': !product.showOnlineSizeDesc, 'short-width-title': product.hasRoundelPromo &amp;&amp; productTileVM.context !== 'MODAL'}" data-ng-attr-data-partnumber="{{::product.partNumber}}" data-ng-attr-data-itemid="{{::product.singleSKUCatalogEntryID}}" data-partnumber="419211P" data-itemid="1118140">
				<a data-ng-attr-href="{{::productTileVM.pdpHref}}" data-ng-click="productTileVM.openProduct($event)" href="/a/richmond-south/product/cca-coca-cola-diet-125l-soft-drink-diet-coke">
					<span role="text">
						<!---->
						<span class="product-brand" data-ng-bind="::product.displayBrandText">Coca-Cola</span>
						<span class="product-name" data-ng-bind="::product.displayNameText">Diet Coke Soft Drink</span>
						<span class="package-size accessibility-inline" data-ng-bind="::product.prodA11yHeadingSuffix">1.25L on special</span>
						<!---->
						<!---->
						<!---->
					</span>
				</a>
			</h3>
			<!---->
			<!----><span class="product-pricing-info" role="text" data-ng-if="::!product.price.isNaN">
	            <span class="price-container">
	            	<!---->
	            	<!--To reduce the space between $ and Hero price for Accessibility, combined span tags in same line-->
	            	<span class="currency-sign">$</span><span class="dollar-value" data-ng-bind="::product.price.dollarValue">1</span><span class="cent-value">.50</span>
	                <!---->
	            </span>
	            
               <!----><span class="saving-container" data-colrs-if="((productTileVM.defaultOption.hasDiscount()  &amp;&amp; !product.isMultiBuyPromo &amp;&amp; !product.tickettypeObject.isRedRing) || productTileVM.product.hasDownDown)">
                    <!----><span class="product-saving" data-colrs-if="!productTileVM.product.hasDownDown &amp;&amp; productTileVM.product.tickettype != 'X'">
                        <span class="product-save-prefix">
                            save
                        </span>
                        <span class="product-save-value">
                            <strong>$1.50</strong>
                        </span>
                    </span><!-- end colrsIf: !productTileVM.product.hasDownDown && productTileVM.product.tickettype != 'X' -->
                    <!----><strong>
                </strong></span><!-- end colrsIf: ((productTileVM.defaultOption.hasDiscount()  && !product.isMultiBuyPromo && !product.tickettypeObject.isRedRing) || productTileVM.product.hasDownDown) --><strong>
               
	        </strong></span><!----><strong>
	        <!---->
		</strong></div><strong>
        <div class="product-info">
			<p tabindex="-1">
				<!----><span class="package-size" aria-hidden="true" data-ng-if="::product.showOnlineSizeDesc" data-ng-bind="::product.sizeDescription">1.25L</span><!---->
				<!----><span class="delimeter" role="presentation" aria-hidden="true" data-ng-if="::(product.showOnlineSizeDesc &amp;&amp; product.unitPrice)"></span><!---->
				<span role="text">
					<span class="package-price" data-ng-bind="::product.unitPrice">$1.20 per 1L</span>
					<span class="accessibility-inline" data-ng-bind="::product.unitPriceA11y">Unit Price</span>
				</span>
			</p>
			<!---->
			<!---->
		</div>
		<!---->
	    <div class="product-price-estimate" data-colrs-product-price-estimate="" data-product="product">
	
<button class="action-alert-active ng-hide" role="text" data-ng-show="::colrsProductPriceEstimateVM.product.isWeightedItem" data-colrs-click="colrsProductPriceEstimateVM.showPriceAlertMessage()" aria-hidden="true">
    <svg focusable="false" class="icon icon-info-circle" aria-hidden="true" role="presentation">
        <use xlink:href="#icon-info-circle"></use>
    </svg>
    <span class="product-price-estimate-text">
	    Price is an estimate
		<span class="accessibility-inline">
			<!----> 
			<!---->
		</span>
	</span>
</button>
<div class="alert" aria-hidden="true" role="alert" data-ng-blur="colrsProductPriceEstimateVM.closePriceAlertMessageOnBodyClick($event)" data-ng-keydown="colrsProductPriceEstimateVM.alertKeyHandler($event)">
	<div class="alert-wrapper alert-information" data-colrs-click-ignore=""> 
		<span class="arrow"></span>
         <div class="close is-dark">
             <a data-ng-href="" class="popup-close" title="pop up" data-ng-click="colrsProductPriceEstimateVM.hidePriceAlertMessage()">
                 <svg role="presentation" focusable="false" class="icon icon-cross" aria-hidden="true">
                     <use xmlns:xlink="http://www.w3.org/1999/xlink" xlink:href="#icon-cross"></use>
                 </svg>
             </a>
         </div>
		<div class="alert-content">
			<!----> 
			<!---->
		</div>
	</div>
</div>

</div>
	    <!---->
	</strong></header><strong>
	<!---->
	<!----><div class="product-assoc-link" data-ng-class="{'isVisible': product.assocIsVisible}" data-colrs-product-assoc-link="" data-product="product" data-ng-if="productTileVM.context !== 'MODAL' &amp;&amp; !product.showAsUnavailable">
	
<button class="assoc-link-btn" data-ng-click="productAssocLinkVM.openSizesAndVarietiesModal($event, productAssocLinkVM.product)">
	<span role="text">
		<span data-ng-bind-html="productAssocLinkVM.assocLinkTxt"></span>
		<svg focusable="false" class="icon icon-arrow" role="presentation" aria-hidden="true">
		    <use xmlns:xlink="http://www.w3.org/1999/xlink" xlink:href="#icon-arrow"></use>
		</svg>
	</span>
</button>


</div><!---->
	<!-- Fat controller and lists container -->
	<div class="product-actions-container">
		<!----><div class="product-options-container" data-ng-if="productTileVM.context !== 'MODAL'" data-colrs-product-options="">
	
<!---->

</div><!---->
		<!---->
		<div class="fat-controller is-full-width" data-ng-class="{'is-full-width':!productTileVM.isRegistered}" data-container="tile" data-product="product" data-context="" data-show-savings="false" data-colrs-fat-controller="">
	
<ng-transclude></ng-transclude>
<!----><div class="fc-button" data-colrs-fat-controller-container="" data-colrs-if="fatControllerVM.showFatController" data-ng-class="{'is-expanded': fatControllerVM.isExpanded}">
	<div class="button-main-container clear" data-colrs-fat-controller-responsive="">
		<!---->
		<!---->
		<!----><button type="submit" id="_btn_419211P" class="button button-main" data-colrs-if="(fatControllerVM.defaultType === 'STANDARD')" data-colrs-fat-controller-button="" data-colrs-fat-controller-button-main="" data-colrs-click="fatControllerVM.toggleItem()">
	
<!---->
<!----><span class="button-main-inner" data-colrs-if="!fatControllerVM.isInTrolley()" ng-transclude="">
			
			<span class="product-cta" aria-hidden="true" data-colrs-fat-controller-responsive-component="Add">
				Add
			</span>
			<span class="accessibility">Add</span>
			<span class="product-qty">1</span>
			<span class="accessibility" data-ng-bind="::fatControllerVM.product.prodA11yHeading">Coca-Cola Diet Coke Soft Drink 1.25L on special</span>
			<span class="product-text">for</span>
			<strong class="product-price">$1.50</strong>
			<span class="accessibility">to the trolley.</span>
			
			<!-- 
			<span class="product-saving" aria-hidden="true" data-colrs-if="fatControllerVM.defaultOption.hasDiscount()"
					data-colrs-fat-controller-responsive-component="Save">
				save 
				<strong>{{fatControllerVM.defaultOption.formattedDiscount}}</strong>
			</span>
			
			<span class="accessibility" data-colrs-if="fatControllerVM.defaultOption.hasDiscount()">
				save 
				{{fatControllerVM.defaultOption.formattedDiscount}}
			</span>
			-->
		</span><!-- end colrsIf: !fatControllerVM.isInTrolley() -->

</button><!-- end colrsIf: (fatControllerVM.defaultType === 'STANDARD') -->
	</div>
	<button id="_down_419211P" class="button button-down" aria-expanded="false" data-colrs-fat-controller-button="" data-colrs-click="fatControllerVM.toggleSelect()" data-ng-blur="fatControllerVM.resetAnnounceElements(fatControllerVM.product.partNumber)">
		<svg focusable="false" class="icon icon-dropdown-small" role="presentation" aria-hidden="true">
			<use xlink:href="#icon-dropdown-small"></use>
		</svg>
		<span class="accessibility" id="_announce_419211P"></span>
		<span class="accessibility"><br>choose a different quantity for</span>
		<span class="accessibility" data-ng-bind="::fatControllerVM.product.prodA11yHeading">Coca-Cola Diet Coke Soft Drink 1.25L on special</span>
	</button>
	<div class="button-confirmation">
		<div class="button-confirmation-container clear">
			<div class="button-confirmation-label">
				<span data-colrs-fat-controller-animation-message=""></span>
			</div>
		</div>
		<div class="button-confirmation-icon">
			<span class="icon-loading"></span>
		</div>
	</div>
	<!---->
	<p role="text" id="_proc_419211P" class="accessibility" tabindex="-1"></p>
</div><!-- end colrsIf: fatControllerVM.showFatController -->

<!---->

</div>
	</div>
</strong></div><strong>

</strong></div><!---->
	<!---->
	<!---->
	<!---->
	<!---->
	<!---->
	<!---->
	<!---->
	<!---->
</div>

</div><!----><div class="colrs-animate tile-animate" data-ng-class="::{'tile-stagger': (productListVM.widget.searchInfo.currentPage > 1)}" data-ng-repeat="tile in productListVM.widget.tiles" data-colrs-tile="">
	
<div id="tile_colrsCatalogEntryListWidget_Data_2_3074457345618260154_3074457345618264559_53" data-tile-seq-no="50" data-ng-switch="::tile.type">
	<!----><div data-ng-switch-when="product" tile="tile" data-colrs-product-tile="">
	
<div class="product has-flag product-specials" data-colrs-product-style="::tile.data" data-ng-class="::{'has-merch-assoc':(productTileVM.context !== 'MODAL' &amp;&amp; product.productAssociation.isVisible &amp;&amp; product.productAssociation.isFromAssociation) || (tile.isTPB &amp;&amp; tile.hasTPBMerchAssociation), 'product-specials': tile.isTPB, 'has-flag': product.showAsUnavailable}" data-ng-hide="productTileVM.context === 'MODAL' &amp;&amp; product.showAsUnavailable &amp;&amp; !(product.isSizesVarieties)" aria-hidden="false">
	
	<!---->
 	<!---->
	<!---->
    
    <!---->
	<!---->
	<header role="presentation" class="product-header" data-colrs-product-header="">
		<!----><div class="product-icons" data-ng-if="::(product.badges.length &amp;&amp; ((productTileVM.context !== 'MODAL') || (productTileVM.hasProductTicketType &amp;&amp; productTileVM.context === 'MODAL')))">
			
			<!----><svg focusable="false" class="icon icon-specials-badge" role="presentation" aria-hidden="true"><use xmlns:xlink="http://www.w3.org/1999/xlink" xlink:href="#icon-specials-badge"></use></svg><!---->
		</div><!---->
		<!----><div class="product-image-container" data-ng-if="::productTileVM.context !== 'MODAL'">
			<!---->
	        <a class="product-image-link" data-ng-attr-href="{{::productTileVM.pdpHref}}" data-ng-click="productTileVM.openProduct($event)" href="/a/richmond-south/product/omo-ultimate-sensitive-laundry-liquid">
	            <div class="product-image">
					<span role="text">
						<img alt="OMO Ultimate Sensitive Laundry Liquid 1.8L on special" data-ng-src="/wcsstore/Coles-CAS/images/3/6/7/3671024-th.jpg" data-colrs-def-product-image="" aria-hidden="true" role="presentation" src="/wcsstore/Coles-CAS/images/3/6/7/3671024-th.jpg">
						<span class="accessibility-inline">OMO Ultimate Sensitive Laundry Liquid 1.8L on special</span>
					</span>
	            </div>
	        </a>
	    </div><!---->
	    <div class="product-main-info">
		    <!----><div data-ng-if="productTileVM.context !== 'MODAL'" class="accessibility-inline" data-colrs-page-focus-point="next_product50" colrs-product-option-temp-message=""></div><!---->
	    	<h3 class="product-title" data-ng-class="::{'product-no-desc': !product.showOnlineSizeDesc, 'short-width-title': product.hasRoundelPromo &amp;&amp; productTileVM.context !== 'MODAL'}" data-ng-attr-data-partnumber="{{::product.partNumber}}" data-ng-attr-data-itemid="{{::product.singleSKUCatalogEntryID}}" data-partnumber="3671024P" data-itemid="1164118">
				<a data-ng-attr-href="{{::productTileVM.pdpHref}}" data-ng-click="productTileVM.openProduct($event)" href="/a/richmond-south/product/omo-ultimate-sensitive-laundry-liquid">
					<span role="text">
						<!---->
						<span class="product-brand" data-ng-bind="::product.displayBrandText">OMO</span>
						<span class="product-name" data-ng-bind="::product.displayNameText">Ultimate Sensitive Laundry Liquid</span>
						<span class="package-size accessibility-inline" data-ng-bind="::product.prodA11yHeadingSuffix">1.8L on special</span>
						<!---->
						<!---->
						<!---->
					</span>
				</a>
			</h3>
			<!---->
			<!----><span class="product-pricing-info" role="text" data-ng-if="::!product.price.isNaN">
	            <span class="price-container">
	            	<!---->
	            	<!--To reduce the space between $ and Hero price for Accessibility, combined span tags in same line-->
	            	<span class="currency-sign">$</span><span class="dollar-value" data-ng-bind="::product.price.dollarValue">11</span><span class="cent-value">.00</span>
	                <!---->
	            </span>
	            
               <!----><span class="saving-container" data-colrs-if="((productTileVM.defaultOption.hasDiscount()  &amp;&amp; !product.isMultiBuyPromo &amp;&amp; !product.tickettypeObject.isRedRing) || productTileVM.product.hasDownDown)">
                    <!----><span class="product-saving" data-colrs-if="!productTileVM.product.hasDownDown &amp;&amp; productTileVM.product.tickettype != 'X'">
                        <span class="product-save-prefix">
                            save
                        </span>
                        <span class="product-save-value">
                            <strong>$11.00</strong>
                        </span>
                    </span><!-- end colrsIf: !productTileVM.product.hasDownDown && productTileVM.product.tickettype != 'X' -->
                    <!----><strong>
                </strong></span><!-- end colrsIf: ((productTileVM.defaultOption.hasDiscount()  && !product.isMultiBuyPromo && !product.tickettypeObject.isRedRing) || productTileVM.product.hasDownDown) --><strong>
               
	        </strong></span><!----><strong>
	        <!---->
		</strong></div><strong>
        <div class="product-info">
			<p tabindex="-1">
				<!----><span class="package-size" aria-hidden="true" data-ng-if="::product.showOnlineSizeDesc" data-ng-bind="::product.sizeDescription">1.8L</span><!---->
				<!----><span class="delimeter" role="presentation" aria-hidden="true" data-ng-if="::(product.showOnlineSizeDesc &amp;&amp; product.unitPrice)"></span><!---->
				<span role="text">
					<span class="package-price" data-ng-bind="::product.unitPrice">$6.11 per 1L</span>
					<span class="accessibility-inline" data-ng-bind="::product.unitPriceA11y">Unit Price</span>
				</span>
			</p>
			<!---->
			<!---->
		</div>
		<!---->
	    <div class="product-price-estimate" data-colrs-product-price-estimate="" data-product="product">
	
<button class="action-alert-active ng-hide" role="text" data-ng-show="::colrsProductPriceEstimateVM.product.isWeightedItem" data-colrs-click="colrsProductPriceEstimateVM.showPriceAlertMessage()" aria-hidden="true">
    <svg focusable="false" class="icon icon-info-circle" aria-hidden="true" role="presentation">
        <use xlink:href="#icon-info-circle"></use>
    </svg>
    <span class="product-price-estimate-text">
	    Price is an estimate
		<span class="accessibility-inline">
			<!----> 
			<!---->
		</span>
	</span>
</button>
<div class="alert" aria-hidden="true" role="alert" data-ng-blur="colrsProductPriceEstimateVM.closePriceAlertMessageOnBodyClick($event)" data-ng-keydown="colrsProductPriceEstimateVM.alertKeyHandler($event)">
	<div class="alert-wrapper alert-information" data-colrs-click-ignore=""> 
		<span class="arrow"></span>
         <div class="close is-dark">
             <a data-ng-href="" class="popup-close" title="pop up" data-ng-click="colrsProductPriceEstimateVM.hidePriceAlertMessage()">
                 <svg role="presentation" focusable="false" class="icon icon-cross" aria-hidden="true">
                     <use xmlns:xlink="http://www.w3.org/1999/xlink" xlink:href="#icon-cross"></use>
                 </svg>
             </a>
         </div>
		<div class="alert-content">
			<!----> 
			<!---->
		</div>
	</div>
</div>

</div>
	    <!---->
	</strong></header><strong>
	<!----><div class="product-desc" data-colrs-product-desc="" data-product="product" data-ng-if="(productTileVM.context !== 'MODAL' &amp;&amp; product.shortDescription) || (productTileVM.context !== 'MODAL' &amp;&amp; product.showAsUnavailable)">
	
<button class="product-desc-action ng-hide" role="text" aria-hidden="false" data-colrs-click="colrsProductDescVM.showPriceAlertMessage()" data-ng-show="::colrsProductDescVM.product.shortDescription">
    <span class="product-desc-text" data-ng-bind="::colrsProductDescVM.product.shortDescription" data-ng-class="{'short-desc': colrsProductDescVM.checkProductDescLength(colrsProductDescVM.product)}"></span>
</button>
<div class="alert" role="alert" aria-hidden="true" data-ng-blur="colrsProductDescVM.closePriceAlertMessageOnBodyClick($event)" data-ng-keydown="colrsProductDescVM.alertKeyHandler($event)">
    <div class="alert-wrapper alert-information" data-colrs-click-ignore="">
        <span class="arrow"></span>
         <div class="close is-dark">
             <a data-ng-href="" class="popup-close" title="pop up" data-ng-click="colrsProductDescVM.hidePriceAlertMessage()">
                 <svg role="presentation" focusable="false" class="icon icon-cross" aria-hidden="true">
                     <use xmlns:xlink="http://www.w3.org/1999/xlink" xlink:href="#icon-cross"></use>
                 </svg>
             </a>
         </div>
        <div class="alert-content">
            <p class="product-desc-text" ng-bind="::colrsProductDescVM.product.shortDescription" data-colrs-click-ignore=""></p>
        </div>
    </div>
</div>
<!----><div class="product-flag" data-colrs-if="colrsProductDescVM.product.showAsUnavailable">
	Temporarily unavailable
</div><!-- end colrsIf: colrsProductDescVM.product.showAsUnavailable -->

</div><!---->
	<!---->
	<!-- Fat controller and lists container -->
	<div class="product-actions-container">
		<!----><div class="product-options-container" data-ng-if="productTileVM.context !== 'MODAL'" data-colrs-product-options="">
	
<!---->

</div><!---->
		<!---->
		<div class="fat-controller is-full-width" data-ng-class="{'is-full-width':!productTileVM.isRegistered}" data-container="tile" data-product="product" data-context="" data-show-savings="false" data-colrs-fat-controller="">
	
<ng-transclude></ng-transclude>
<!---->

<!---->

</div>
	</div>
</strong></div><strong>

</strong></div><!---->
	<!---->
	<!---->
	<!---->
	<!---->
	<!---->
	<!---->
	<!---->
	<!---->
</div>

</div><!---->
   			
   			<!---->				
		</section>	
		
		
		<div class="pagination-container" data-colrs-pagination="">        
            <!----><span class="accessibility-inline" data-ng-if="::paginationVM.paginationObjects.length > 1">
                Go to 
            </span><!---->                                                
			<!----><ul class="pagination" data-ng-if="::paginationVM.paginationObjects.length > 1">                        
				<!----><li class="page-number" data-ng-class="::{'truncated' : paginationVM.isTruncated($index)}" data-ng-repeat="paginationObject in paginationVM.paginationObjects track by $index">
					<!----><span class="button is-active" data-ng-if="::paginationVM.isActive($index)" tabindex="0">
						<span class="accessibility-inline">
							Current page page 1 
						</span>
						<span class="number" aria-hidden="true">1</span>
					</span><!---->
					<!---->
					<!---->
				</li><!----><li class="page-number" data-ng-class="::{'truncated' : paginationVM.isTruncated($index)}" data-ng-repeat="paginationObject in paginationVM.paginationObjects track by $index">
					<!---->
					<!----><a data-ng-href="/a/richmond-south/specials/search/half-price-specials?pageNumber=2" class="button" data-ng-if="!paginationVM.isTruncated($index) &amp;&amp; !paginationVM.isActive($index)" data-ng-click="productListVM.pagination(paginationObject.number,$event)" href="/a/richmond-south/specials/search/half-price-specials?pageNumber=2">
						<span class="accessibility-inline">Page</span>  
						<span class="number">2</span>      
					</a><!---->
					<!---->
				</li><!----><li class="page-number" data-ng-class="::{'truncated' : paginationVM.isTruncated($index)}" data-ng-repeat="paginationObject in paginationVM.paginationObjects track by $index">
					<!---->
					<!----><a data-ng-href="/a/richmond-south/specials/search/half-price-specials?pageNumber=3" class="button" data-ng-if="!paginationVM.isTruncated($index) &amp;&amp; !paginationVM.isActive($index)" data-ng-click="productListVM.pagination(paginationObject.number,$event)" href="/a/richmond-south/specials/search/half-price-specials?pageNumber=3">
						<span class="accessibility-inline">Page</span>  
						<span class="number">3</span>      
					</a><!---->
					<!---->
				</li><!----><li class="page-number" data-ng-class="::{'truncated' : paginationVM.isTruncated($index)}" data-ng-repeat="paginationObject in paginationVM.paginationObjects track by $index">
					<!---->
					<!----><a data-ng-href="/a/richmond-south/specials/search/half-price-specials?pageNumber=4" class="button" data-ng-if="!paginationVM.isTruncated($index) &amp;&amp; !paginationVM.isActive($index)" data-ng-click="productListVM.pagination(paginationObject.number,$event)" href="/a/richmond-south/specials/search/half-price-specials?pageNumber=4">
						<span class="accessibility-inline">Page</span>  
						<span class="number">4</span>      
					</a><!---->
					<!---->
				</li><!----><li class="page-number" data-ng-class="::{'truncated' : paginationVM.isTruncated($index)}" data-ng-repeat="paginationObject in paginationVM.paginationObjects track by $index">
					<!---->
					<!----><a data-ng-href="/a/richmond-south/specials/search/half-price-specials?pageNumber=5" class="button" data-ng-if="!paginationVM.isTruncated($index) &amp;&amp; !paginationVM.isActive($index)" data-ng-click="productListVM.pagination(paginationObject.number,$event)" href="/a/richmond-south/specials/search/half-price-specials?pageNumber=5">
						<span class="accessibility-inline">Page</span>  
						<span class="number">5</span>      
					</a><!---->
					<!---->
				</li><!----><li class="page-number" data-ng-class="::{'truncated' : paginationVM.isTruncated($index)}" data-ng-repeat="paginationObject in paginationVM.paginationObjects track by $index">
					<!---->
					<!----><a data-ng-href="/a/richmond-south/specials/search/half-price-specials?pageNumber=6" class="button" data-ng-if="!paginationVM.isTruncated($index) &amp;&amp; !paginationVM.isActive($index)" data-ng-click="productListVM.pagination(paginationObject.number,$event)" href="/a/richmond-south/specials/search/half-price-specials?pageNumber=6">
						<span class="accessibility-inline">Page</span>  
						<span class="number">6</span>      
					</a><!---->
					<!---->
				</li><!----><li class="page-number" data-ng-class="::{'truncated' : paginationVM.isTruncated($index)}" data-ng-repeat="paginationObject in paginationVM.paginationObjects track by $index">
					<!---->
					<!----><a data-ng-href="/a/richmond-south/specials/search/half-price-specials?pageNumber=7" class="button" data-ng-if="!paginationVM.isTruncated($index) &amp;&amp; !paginationVM.isActive($index)" data-ng-click="productListVM.pagination(paginationObject.number,$event)" href="/a/richmond-south/specials/search/half-price-specials?pageNumber=7">
						<span class="accessibility-inline">Page</span>  
						<span class="number">7</span>      
					</a><!---->
					<!---->
				</li><!----><li class="page-number" data-ng-class="::{'truncated' : paginationVM.isTruncated($index)}" data-ng-repeat="paginationObject in paginationVM.paginationObjects track by $index">
					<!---->
					<!----><a data-ng-href="/a/richmond-south/specials/search/half-price-specials?pageNumber=8" class="button" data-ng-if="!paginationVM.isTruncated($index) &amp;&amp; !paginationVM.isActive($index)" data-ng-click="productListVM.pagination(paginationObject.number,$event)" href="/a/richmond-south/specials/search/half-price-specials?pageNumber=8">
						<span class="accessibility-inline">Page</span>  
						<span class="number">8</span>      
					</a><!---->
					<!---->
				</li><!----><li class="page-number" data-ng-class="::{'truncated' : paginationVM.isTruncated($index)}" data-ng-repeat="paginationObject in paginationVM.paginationObjects track by $index">
					<!---->
					<!----><a data-ng-href="/a/richmond-south/specials/search/half-price-specials?pageNumber=9" class="button" data-ng-if="!paginationVM.isTruncated($index) &amp;&amp; !paginationVM.isActive($index)" data-ng-click="productListVM.pagination(paginationObject.number,$event)" href="/a/richmond-south/specials/search/half-price-specials?pageNumber=9">
						<span class="accessibility-inline">Page</span>  
						<span class="number">9</span>      
					</a><!---->
					<!---->
				</li><!---->
			</ul><!---->
		</div>        
	</div><!---->	
</div>


</div>
	</div>
		</div>
	</div>
</div><!---->

	</div>
</div>
</div><!---->
			</main>
		</div>
	</div>
</div>

</div>
		<!----><div data-ui-view="full-page" data-ng-hide="mainVM.colrsState.current.data.showTabs" aria-hidden="true" class="ng-hide"></div>
		<!----><div id="main-checkout" data-ui-view="main-checkout" data-ng-hide="mainVM.colrsState.current.data.showTabs" aria-hidden="true" class="ng-hide"></div>
	</div> 
	
</div>


<div id="draw-wrapper" class="colrs-animate draw-wrapper" data-colrs-superbar="">
	<!----><div id="colrs-sw-prodl-superbar-is-closed-dir" mbox="" data-mboxname="colrs-sw-prodl-superbar-is-closed" class="mboxDefault" data-ng-if="!superbarVM.isOpen" aria-hidden="false">
	</div><!---->
	<div class="colrs-animate draw hidden">
		<div class="draw-nav" id="draw-nav">
			<button class="nav-scroll up" aria-hidden="true">
                <svg focusable="false" class="icon icon-arrow" role="presentation" aria-hidden="true">
                    <use xmlns:xlink="http://www.w3.org/1999/xlink" xlink:href="#icon-arrow"></use>
                </svg>
                <span class="accessibility-inline">
                	Scroll navigation up
                </span>
            </button>
            <!---->
			<ul ng-class="{true: 'draw-links', false: 'draw-links is-logged-in'}[superbarVM.userVM.user.isGuest == true]" class="draw-links">
				<!----><li data-ng-repeat="link in superbarVM.manager.panels" data-colrs-superbar-link="" data-ng-show="superbarVM.manager.showPanel($index, superbarVM.userVM.user.isGuest)" aria-hidden="false"><!----><div data-ng-include="::superbarLinkVM.templateUrl">
	

<a href="#" class="draw-link-cart colrs-animate" data-colrs-trolley-link="">
	<span role="text">
		<svg focusable="false" class="icon icon-trolley" role="presentation" aria-hidden="true">
			<use xlink:href="#icon-trolley"></use>
		</svg>
		<span class="accessibility-inline">
			View trolley and checkout
		</span>
		<!----><span class="accessibility-inline" data-ng-if="!trolleyLinkVM.manager.trolley.hasItems"> 
			<span data-ng-bind="trolleyLinkVM.manager.trolley.itemCount">0</span> 
			Items
		</span><!---->
		<!---->
		<span class="draw-text" data-ng-bind="trolleyLinkVM.manager.trolley.formattedTotalPrice">$0.00</span>
		<span class="draw-text secondary" aria-hidden="true">
			Trolley and checkout
		</span>
		<span class="draw-text secondary is-small" aria-hidden="true">
			Trolley
		</span>
	</span>
</a>


</div></li><!----><li data-ng-repeat="link in superbarVM.manager.panels" data-colrs-superbar-link="" data-ng-show="superbarVM.manager.showPanel($index, superbarVM.userVM.user.isGuest)" aria-hidden="false"><!----><div data-ng-include="::superbarLinkVM.templateUrl">
	

<a href="#" class="draw-link-delivery colrs-animate" data-colrs-dss-link="">
	<span role="text">
		<!---->
		<svg focusable="false" class="icon  icon-delivery" role="presentation" aria-hidden="true">
			<use data-ng-attr-xlink:href="{{'#'+dssLinkVM.icon}}" xlink:href="#icon-delivery"></use>
		</svg>
		
		<!----><span class="accessibility-inline" data-ng-if="!dssLinkVM.manager.trolley.deliverySlot.isValid">
			Choose a delivery time
		</span><!---->
		<!----><span class="draw-text" aria-hidden="true" data-ng-if="!dssLinkVM.manager.trolley.deliverySlot.isValid">
			Choose a delivery time
		</span><!---->
		
		<!---->
		<!---->
		
		
		<span class="draw-text is-small" aria-hidden="true" data-ng-bind="dssLinkVM.drawText">Delivery</span>
	</span>
</a>


</div></li><!----><li data-ng-repeat="link in superbarVM.manager.panels" data-colrs-superbar-link="" data-ng-show="superbarVM.manager.showPanel($index, superbarVM.userVM.user.isGuest)" aria-hidden="true" class="ng-hide"><!----><div data-ng-include="::superbarLinkVM.templateUrl">
	

<!---->


</div></li><!----><li data-ng-repeat="link in superbarVM.manager.panels" data-colrs-superbar-link="" data-ng-show="superbarVM.manager.showPanel($index, superbarVM.userVM.user.isGuest)" aria-hidden="false"><!----><div data-ng-include="::superbarLinkVM.templateUrl">
	

<!----><a href="#" class="draw-link-login" data-ng-if="superbarVM.userVM.user.isGuest">
	<span role="text">
		<svg focusable="false" class="icon icon-account" role="presentation" aria-hidden="true">
		    <use xmlns:xlink="http://www.w3.org/1999/xlink" xlink:href="#icon-account"></use>
		</svg>
		<span class="accessibility-inline">
			Login or sign up
		</span>
		<span class="draw-text" aria-hidden="true">
			Log in / Signup
		</span>
		<span class="draw-text is-small" aria-hidden="true">
			Log in
		</span>
	</span>
</a><!---->


</div></li><!----><li data-ng-repeat="link in superbarVM.manager.panels" data-colrs-superbar-link="" data-ng-show="superbarVM.manager.showPanel($index, superbarVM.userVM.user.isGuest)" aria-hidden="true" class="ng-hide"><!----><div data-ng-include="::superbarLinkVM.templateUrl">
	

<!---->


</div></li><!----><li data-ng-repeat="link in superbarVM.manager.panels" data-colrs-superbar-link="" data-ng-show="superbarVM.manager.showPanel($index, superbarVM.userVM.user.isGuest)" aria-hidden="false"><!----><div data-ng-include="::superbarLinkVM.templateUrl">
	
<a data-ng-href="#" class="draw-link-feedback" target="_self" href="#">
	<span role="text">
		<svg focusable="false" class="icon icon-feedback" role="presentation" aria-hidden="true">
			<use xlink:href="#icon-feedback"></use>
		</svg>
		<span class="accessibility-inline hide-from-mobile">
			Help / Support
		</span>
		<span class="accessibility-inline hide-from-desktop">
			Help
		</span>
		<span class="draw-text" aria-hidden="true">
			Help / Support
		</span>
		<span class="draw-text is-small" aria-hidden="true">
			Help
		</span>
	</span>
</a>

</div></li><!---->
			</ul>
			<button class="nav-scroll down" aria-hidden="true">
                <svg focusable="false" class="icon icon-arrow" role="presentation" aria-hidden="true">
                	<use xmlns:xlink="http://www.w3.org/1999/xlink" xlink:href="#icon-arrow"></use>
                </svg>
                <span class="accessibility-inline">
                	Scroll navigation down
                </span>
            </button>
		</div>
		<div class="draw-view-wrapper">
			<div class="draw-header">
				<div class="coles-logo-container">
					<svg focusable="false" class="coles-logo" role="presentation" aria-hidden="true">
						<use xlink:href="#coles-logo"></use>
					</svg>
				</div>
				<button class="button button-close-draw" data-ng-click="superbarVM.close()">
					<svg focusable="false" class="icon icon-cross" aria-hidden="true">
						<use xmlns:xlink="http://www.w3.org/1999/xlink" xlink:href="#icon-cross"></use>
					</svg>
					<span class="accessibility-inline">
						Close this pop up dialog box
					</span>
				</button>
			</div>

			<div id="draw-content" class="draw-content">

				<div id="draw-content-wrapper" data-colrs-superbar-content=""></div>
			</div>
		</div>
	</div>
</div>
<!----><div role="presentation" id="draw-overlay" class="draw-overlay" data-ng-if="superbarVM.hideOverlay" data-ng-click="superbarVM.close()">

</div><!---->



<a href="#" role="button" class="cat-nav-container-overlay" data-ng-click="mainVM.closeCatNav($event)" aria-label="Close menu"></a>


<footer role="contentinfo" id="footer" class="footer no-extra-padding" data-colrs-hidden-scrollbar-class="no-extra-padding">
	<!----><div data-ui-view="footer">
	
<div class="footer-inner-wrapper" data-colrs-enhance-links="">
	<div class="footer-row">
	    <div class="footer-col-wrapper">
	        <div class="footer-col left">
	            <!-- BEGIN Widgets_701/ContentRecommendation.jsp --><!-- JSPs References: HomePage.jsp, BundleDisplay.jsp , CategoryNavigationDisplay.jsp, CompareProductsDisplay.jsp
					  DynamicKitDisplay.jsp, PackageDisplay.jsp, ProductDisplay.jsp, 
					  SearchResultDisplay.jsp, SubCategoryPage.jsp, TopCategoryPage.jsp
					   , Footer.jsp , OrderCancelNotify.jsp , OrderCreateNotify.jsp
					  OrderShipmentNotify.jsp, AccountActivationNotify.jsp, PasswordChangeNotify.jsp,
					  PasswordResetNotify.jsp, WishlistCreateNotify.jsp,  LandingPage.jsp, 	
					  ShippingDetailDisplay.jsp, ShopCartDisplay.jsp, StaticContent, 
					  Static JSPs, Footer_UI.jsp, Header_UI.jsp, ProductDescription_UI.jsp  
					  UserTime-->
<div style="display:none" aria-hidden="true">[[RS_FOOTER_CONTACTUS]]</div>
<!-- BEGIN ContentRecommendation_UI.jspf -->
			<div id="contentRecommendationWidget_RS_FOOTER_CONTACTUS" class="contentRecommendationWidget">
			<!-- BEGIN Content_UI.jspf -->

<div class="left_espot">
	
	
					<!-- Fix for unsafe sms link -->
<img src="/wcsstore/ColesResponsiveStorefrontAssetStore/images/pixel.png" onload="javascript:(function(){ var textUsLink = document.getElementById('text-us-link'); if(document.body.contains(textUsLink)) { textUsLink.setAttribute('href', 'sms:0429989656');}})();" style="display:none;" aria-hidden="true">

<h2 class="title from-espot">Help</h2>
<div id="colrs-sw-prodl-espot-checkout-footer" mbox="" data-mboxname="colrs-sw-prodl-espot-checkout-footer" class="at-element-marker"></div>
<div class="footer-text">
    <a href="/a/a-national/content/faqs" target="_self">
        Frequently Asked Questions
    </a>
</div>
<h2 class="title from-espot sndtitle">Contact Us</h2>
<div class="footer-text">
    <p>
        Call us on
        <a href="tel:1800455400" class="red-link" target="_self">
            1800 455 400
        </a>
    </p>
	<p>
        Text us on
        <a href="sms:0429989656" id="text-us-link" class="red-link" target="_self">
            0429 989 656
        </a>
		*
    </p>
	<p>* Please include your full name, your email address and your order ID (if you have one) in your first text to us.</p>
</div>

<h3 class="sub-title">Customer Care Hours</h3>
<ul class="open-days">
    <li><span class="open-day">Weekdays</span> <span class="open-time">8am - Midnight</span></li>
    <li><span class="open-day">Saturday</span> <span class="open-time">7am - 10pm</span></li>
    <li><span class="open-day">Sunday</span> <span class="open-time">8am - 10pm</span></li>
</ul>
<div class="time-zone">
    <span>
        <span role="text">All times are <span aria-hidden="true"><abbr class="ccAbr" title="Australian Eastern Daylight Standard Time">AEST</abbr></span><span class="accessibility">Australian Eastern Daylight Standard Time</span></span>
    </span>
	
</div>
<div class="head-address">
	<span>
        <span role="text">Coles Group Limited (Coles Online) Hawthorn East, Victoria, Australia 3123</span>
    </span>
</div>
<style>
    .footer .hide-when-superbar{
        display: inline;
    }

    .footer .show-when-superbar{
        display: none;
    }

    .has-draw .footer .hide-when-superbar{
        display: none;
    }

    .has-draw .footer .show-when-superbar{
        display: inline;
    }

    .footer .footer-col-wrapper .footer-col .title:not(.from-espot){
        display: none!important;
    }

    .footer .sub-title {
        font-size: 13px;
        font-weight: bold;
        color: #5c5c5c;
        margin-bottom: 6px;
    }

    .footer .footer-col-wrapper .footer-col .title.from-espot {
        margin-bottom: 10px;
    }

   .footer .footer-col-wrapper .footer-col .title.from-espot.sndtitle {
        margin-top: 20px;
        margin-bottom: 6px;
   }
    .footer .footer-col-wrapper .footer-col .title.contact {
        margin-top: 25px;
        margin-bottom: 10px;
    }

    .footer .footer-text {
        margin-top: 0;
        margin-bottom: 5px;
    }

    .footer .footer-text p {
        margin: 0 0 5px;
    }

    .footer .footer-text a {
        text-decoration: none;
        border-bottom: 1px solid #aaa;
        font-weight: bold;
        color: #5c5c5c;
    }
	
    .footer .footer-text a:hover {
        border-bottom: 1px solid #6d6d6d;
    }

    .footer .footer-text a:focus {
        outline: 1px dotted #6d6d6d;
        border-bottom: 1px solid #6d6d6d;
    }
	.footer .footer-text .red-link{
		color:#e01a22;
		font-size:15px !important;
		border-bottom: 1px solid #e01a22;
	}
	.footer .footer-text .red-link:hover{
		border-bottom: 1px solid #e01a22;
	}
	.footer .footer-text .red-link:focus {
		outline: 1px dotted #e01a22;
        border-bottom: 1px solid #e01a22;
	}
    .footer .footer-col-wrapper.links {
        padding-top: 0;
    }
    .footer .footer-col-wrapper .footer-col .footer-links li {
        margin-bottom: 10px;
    }
    
    @media (min-width: 1200px) {
        .footer .footer-col-wrapper .footer-col .footer-links li {
            margin-bottom: 10px;
        }
    }
    @media (min-width: 1420px) {
        .footer .footer-col-wrapper .footer-col .footer-links li {
            margin-bottom: 10px;
        }
    }

    .footer .footer-col-wrapper .footer-col .open-days li {
        margin-bottom: 5px;
    }

    .footer .footer-col-wrapper .time-zone {
        margin-bottom: 15px;
    }

    .footer .footer-col-wrapper .footer-col.copyright {
    margin-top: 0;
    }

    @media (max-width: 1420px) {
        .footer .footer-col-wrapper .footer-col.copyright {
            margin-top: -30px;
        }
    }

    @media (max-width: 1200px) {
        .footer .footer-col-wrapper .footer-col.copyright {
            margin-top: 10px;
        }
    }

    @media (max-width: 1045px) and (min-width: 1026px) {
        .footer .footer-col-wrapper .footer-col.copyright {
            margin-top: 10px !important;
        }
    }

    @media (max-width: 940px) {
        .footer .footer-col-wrapper .footer-col.copyright {
            margin-top: 10px !important;
        }
    }
    @media (max-width: 1420px) {
        .page-full-width .footer .footer-col-wrapper .footer-col.copyright {
            margin-top: 0;
        }
    }
    @media (max-width: 767px) {
        .footer .footer-col-wrapper .footer-col .title.from-espot {
            font-size: 15px;
        }
       .footer .footer-col-wrapper .footer-col .sub-title {
            font-size: 13px;
       }
    }
</style>
				
	
</div>

<!-- END Content_UI.jspf -->
			</div>
		<!-- END ContentRecommendation_UI.jspf --><!-- END ContentRecommendation.jsp -->
	        </div>
	        <div class="footer-col right">
	        	<!-- BEGIN Widgets_701/ContentRecommendation.jsp --><!-- JSPs References: HomePage.jsp, BundleDisplay.jsp , CategoryNavigationDisplay.jsp, CompareProductsDisplay.jsp
					  DynamicKitDisplay.jsp, PackageDisplay.jsp, ProductDisplay.jsp, 
					  SearchResultDisplay.jsp, SubCategoryPage.jsp, TopCategoryPage.jsp
					   , Footer.jsp , OrderCancelNotify.jsp , OrderCreateNotify.jsp
					  OrderShipmentNotify.jsp, AccountActivationNotify.jsp, PasswordChangeNotify.jsp,
					  PasswordResetNotify.jsp, WishlistCreateNotify.jsp,  LandingPage.jsp, 	
					  ShippingDetailDisplay.jsp, ShopCartDisplay.jsp, StaticContent, 
					  Static JSPs, Footer_UI.jsp, Header_UI.jsp, ProductDescription_UI.jsp  
					  UserTime-->
<div style="display:none" aria-hidden="true">[[RS_CUSTOMER_SERVICE_AVAILABILITY]]</div>
<!-- END ContentRecommendation.jsp --><!-- BEGIN Widgets_701/ContentRecommendation.jsp --><!-- JSPs References: HomePage.jsp, BundleDisplay.jsp , CategoryNavigationDisplay.jsp, CompareProductsDisplay.jsp
					  DynamicKitDisplay.jsp, PackageDisplay.jsp, ProductDisplay.jsp, 
					  SearchResultDisplay.jsp, SubCategoryPage.jsp, TopCategoryPage.jsp
					   , Footer.jsp , OrderCancelNotify.jsp , OrderCreateNotify.jsp
					  OrderShipmentNotify.jsp, AccountActivationNotify.jsp, PasswordChangeNotify.jsp,
					  PasswordResetNotify.jsp, WishlistCreateNotify.jsp,  LandingPage.jsp, 	
					  ShippingDetailDisplay.jsp, ShopCartDisplay.jsp, StaticContent, 
					  Static JSPs, Footer_UI.jsp, Header_UI.jsp, ProductDescription_UI.jsp  
					  UserTime-->
<div style="display:none" aria-hidden="true">[[RS_FOOTER_TIMEZONE]]</div>
<!-- BEGIN ContentRecommendation_UI.jspf -->
			<div id="contentRecommendationWidget_RS_FOOTER_TIMEZONE" class="contentRecommendationWidget">
			<!-- BEGIN Content_UI.jspf -->

<div class="left_espot">
	
	
					<h2 class="title from-espot">Shopping with Us</h2>
<ul class="footer-links">
    <li>
        <a href="/a/a-national/promo/welcome-to-coles" target="_self">
            New to Coles Online
        </a>
    </li>
    <li>
        <a href="/a/a-national/content/HOW-TO-VIDEOS" target="_self">
            Online Shopping Video Guides
        </a>
    </li>
    <li>
        <a href="/a/a-vic-metro-richmond-south/content/collection-information" target="_self">
            Click&amp;Collect
        </a>
    </li>
    <li>
        <a href="/a/a-vic-metro-richmond-south/content/delivery-information" target="_self">
            Delivery Information
        </a>
    </li>
   <li>
        <a href="/a/a-national/content/remote-delivery" target="_self">
            Remote Delivery Information
        </a>
    </li>
   <!-- <li>
        <a href="/a/a-vic-metro-richmond-south/content/delivery-plus">
            Delivery Plus
        </a>
    </li>-->
    <li>
        <a href="/a/a-national/content/coles-online-for-business" target="_self">
            Business Accounts and Orders
        </a>
    </li>
    <li>
        <a href="/a/a-national/content/orders-with-alcohol-and-tobacco" target="_self">
            Orders with Liquor and Tobacco
        </a>
    </li>
    <li>
        <a href="/online/a-national/info/contact-us-by-email" class="hide-when-superbar" target="_self">
            Missing Items from your Order
        </a>
        <a href="#" data-colrs-open-draw="FEEDBACK" data-open-draw-view="DEFAULT" target="_self" class="show-when-superbar">
            Missing Items from your Order
        </a>
    </li>
    <li>
        <a href="/a/a-national/content/accessibility-help" target="_self">
            Accessibility Help
        </a>
    </li>
	<li>
        <a href="#" data-colrs-open-draw="FEEDBACK" data-open-draw-view="DEFAULT" target="_self">
            Liquor Self Exclusion
        </a>
    </li>
</ul>

				
	
</div>

<!-- END Content_UI.jspf -->
			</div>
		<!-- END ContentRecommendation_UI.jspf --><!-- END ContentRecommendation.jsp -->	                    
	        </div>
	    </div>
	
	    <div class="footer-col-wrapper links">
	        <div class="footer-col left">
				<!-- BEGIN Widgets_701/ContentRecommendation.jsp --><!-- JSPs References: HomePage.jsp, BundleDisplay.jsp , CategoryNavigationDisplay.jsp, CompareProductsDisplay.jsp
					  DynamicKitDisplay.jsp, PackageDisplay.jsp, ProductDisplay.jsp, 
					  SearchResultDisplay.jsp, SubCategoryPage.jsp, TopCategoryPage.jsp
					   , Footer.jsp , OrderCancelNotify.jsp , OrderCreateNotify.jsp
					  OrderShipmentNotify.jsp, AccountActivationNotify.jsp, PasswordChangeNotify.jsp,
					  PasswordResetNotify.jsp, WishlistCreateNotify.jsp,  LandingPage.jsp, 	
					  ShippingDetailDisplay.jsp, ShopCartDisplay.jsp, StaticContent, 
					  Static JSPs, Footer_UI.jsp, Header_UI.jsp, ProductDescription_UI.jsp  
					  UserTime-->
<div style="display:none" aria-hidden="true">[[RS_FOOTER_LINKS_LEFT]]</div>
<!-- BEGIN ContentRecommendation_UI.jspf -->
			<div id="contentRecommendationWidget_RS_FOOTER_LINKS_LEFT" class="contentRecommendationWidget">
			<!-- BEGIN Content_UI.jspf -->

<div class="left_espot">
	
	
					<h2 class="title from-espot">Useful Links</h2>
                <ul class="footer-links">
                    <li>
                        <a href="/a/a-national/everything/search/Online-exclusive-savings" target="_self">
                            Online Exclusives
                        </a>
                    </li>
                    <li>
                        <a href="/a/a-national/promo/weekly-recipes" target="_self">
                            Recipe of the Week
                        </a>
                    </li>
                    <li>
                        <a href="https://www.coles.com.au/catalogues-and-specials/view-all-available-catalogues" target="_blank">
                            Coles Catalogue
                        </a>
                    </li>
                    <li>
                        <a href="https://www.coles.com.au/magazine" target="_blank">
                            Coles Magazine
                        </a>
                    </li>
                    <li>
                        <a href="https://www.coles.com.au/store-locator" target="_blank">
                            Store Locations and Hours
                        </a>
                    </li>
                    <li>
                        <a href="https://www.flybuys.com.au" target="_blank">
                            flybuys
                        </a>
                    </li>
                    <li>
                        <a href="/a/a-national/promo/WIN-Free-Delivery" target="_self">
                            Competition Winners
                        </a>
                    </li>
                </ul>

<!-- Below button is used via target in header Mbox-->
<button data-colrs-open-draw="login_register" data-open-draw-view="LOGIN_OPTIONS" href="#" class="wb_bannerFoot__button" id="colttBtn">Get started<span class="accessibility-inline"> with Coles online. Sign up or log in.</span></button>

<button class="button" id="mbox-go-to-flybuys" data-colrs-open-draw="ACCOUNT" data-open-draw-view="FLYBUYS" style="display: none;">
    flybuys
</button>

<style type="text/css">
    .left_espot .wb_bannerFoot__button {
        display:none;
    }

</style>

<!-- CEXP MOV 80 -->
<!-- Sets MOV to $80 for certain stores defined in the script -->
<img src="/wcsstore/ColesResponsiveStorefrontAssetStore/images/pixel.png" onload="javascript:(function(){document.body.appendChild(document.createElement('script')).src='//www.coles.com.au/Portals/edm/colesonline/v7-img/scripts/cexp-mov-80.js';})();" style="display:none;" aria-hidden="true">

<!-- Load google font -->
<img src="/wcsstore/ColesResponsiveStorefrontAssetStore/images/pixel.png" onload="
    javascript:(function(){
        var googleFontLink = document.createElement('link');
            googleFontLink.href = 'https://fonts.googleapis.com/css?family=Source+Sans+Pro:400,700'
            googleFontLink.rel = 'stylesheet'
        document.head.appendChild(googleFontLink);
    })();" style="display:none;" aria-hidden="true">

<!-- Section.io script -->
<img src="/wcsstore/ColesResponsiveStorefrontAssetStore/images/pixel.png" onload="
!function(g,s,q,r,d){r=g[r]=g[r]||function(){(r.q=r.q||[]).push( arguments)};d=s.createElement(q);q=s.getElementsByTagName(q)[0]; d.src='//d1l6p2sc9645hc.cloudfront.net/tracker.js';q.parentNode. insertBefore(d,q)}(window,document,'script','_gs'); _gs('GSN-452615-M'); _gs('set', 'anonymizeIP', true); 
   " style="display:none;" aria-hidden="true">
				
	
</div>

<!-- END Content_UI.jspf -->
			</div>
		<!-- END ContentRecommendation_UI.jspf --><!-- END ContentRecommendation.jsp -->
	        </div>
	        <div class="footer-col right">
				<!-- BEGIN Widgets_701/ContentRecommendation.jsp --><!-- JSPs References: HomePage.jsp, BundleDisplay.jsp , CategoryNavigationDisplay.jsp, CompareProductsDisplay.jsp
					  DynamicKitDisplay.jsp, PackageDisplay.jsp, ProductDisplay.jsp, 
					  SearchResultDisplay.jsp, SubCategoryPage.jsp, TopCategoryPage.jsp
					   , Footer.jsp , OrderCancelNotify.jsp , OrderCreateNotify.jsp
					  OrderShipmentNotify.jsp, AccountActivationNotify.jsp, PasswordChangeNotify.jsp,
					  PasswordResetNotify.jsp, WishlistCreateNotify.jsp,  LandingPage.jsp, 	
					  ShippingDetailDisplay.jsp, ShopCartDisplay.jsp, StaticContent, 
					  Static JSPs, Footer_UI.jsp, Header_UI.jsp, ProductDescription_UI.jsp  
					  UserTime-->
<div style="display:none" aria-hidden="true">[[RS_FOOTER_LINKS_RIGHT]]</div>
<!-- BEGIN ContentRecommendation_UI.jspf -->
			<div id="contentRecommendationWidget_RS_FOOTER_LINKS_RIGHT" class="contentRecommendationWidget">
			<!-- BEGIN Content_UI.jspf -->

<div class="left_espot">
	
	
					<h2 class="title from-espot">Company Information</h2>
<ul class="footer-links">
    <li>
        <a href="https://www.coles.com.au/corporate-responsibility/sustainability/environment" target="_blank">
            Coles Waste and Recycling
        </a>
    </li>
    <li>
        <a href="https://www.coles.com.au/corporate-responsibility/sustainability/responsible-sourcing" target="_blank">
            Coles Responsible Sourcing
        </a>
    </li>
    <li>
        <a href="https://www.coles.com.au/customer-service/product-recalls" target="_blank">
            Product Recalls
        </a>
    </li>
    <li>
        <a href="/a/a-national/content/customer-agreement" target="_self">
            Customer Agreement
        </a>
    </li>
    <li>
        <a href="https://www.coles.com.au/privacy" target="_blank">
            Privacy Policy
        </a>
    </li>
</ul>

<style>
     @media screen and (max-width: 767px){
          .popup {min-width: initial;}
     }
</style>

<style>
    @media screen and (max-width: 519px){
        .is-promo.is-promo-large .promo-header {
            margin-top: 0;
        }
    }

    /* Fix red border in promo pages, remove it when all the promo contents have been updated */
   /* .main-content .header {
        border-bottom: none!important;
    }*/

    /* Fix IE images */
    .is-promo .fluid-images .promo-body {
        align-items: center;
    }
    .is-promo .fluid-images .promo-body img.main-image {
        flex-shrink: 0;
    }

    .page-product-detail .product-title {
        max-height: none;
    }

    /* Backgrounds for product on bench tiles */
    .tile-product-on-bench.bbq-light {
        background-image: url('/wcsstore/ColesResponsiveStorefrontAssetStore/images/backgrounds/tile/bbq-light.jpg');
    }
    .tile-product-on-bench.bbq-dark {
        background-image: url('/wcsstore/ColesResponsiveStorefrontAssetStore/images/backgrounds/tile/bbq-dark.jpg');
    }
    .tile-product-on-bench.backyard-light {
        background-image: url('/wcsstore/ColesResponsiveStorefrontAssetStore/images/backgrounds/tile/backyard-light.jpg');
    }
    .tile-product-on-bench.backyard-dark {
        background-image: url('/wcsstore/ColesResponsiveStorefrontAssetStore/images/backgrounds/tile/backyard-dark.jpg');
    }
    .tile-product-on-bench.kitchen-light {
        background-image: url('/wcsstore/ColesResponsiveStorefrontAssetStore/images/backgrounds/tile/kitchen-light.jpg');
    }
    .tile-product-on-bench.kitchen-dark {
        background-image: url('/wcsstore/ColesResponsiveStorefrontAssetStore/images/backgrounds/tile/kitchen-dark.jpg');
    }
    .tile-product-on-bench.laundry-light {
        background-image: url('/wcsstore/ColesResponsiveStorefrontAssetStore/images/backgrounds/tile/laundry-light.jpg');
    }
    .tile-product-on-bench.laundry-dark {
        background-image: url('/wcsstore/ColesResponsiveStorefrontAssetStore/images/backgrounds/tile/laundry-dark.jpg');
    }
    .tile-product-on-bench.bathroom-light {
        background-image: url('/wcsstore/ColesResponsiveStorefrontAssetStore/images/backgrounds/tile/bathroom-light.jpg');
    }
    .tile-product-on-bench.bathroom-dark {
        background-image: url('/wcsstore/ColesResponsiveStorefrontAssetStore/images/backgrounds/tile/bathroom-dark.jpg'); 
    }

</style>

<!--Hide Register truck click and collect and home delivery message on pop up-->
<style>
	.popup-content .delivery-item{
		display:none !important;
	}

</style>
				
	
</div>

<!-- END Content_UI.jspf -->
			</div>
		<!-- END ContentRecommendation_UI.jspf --><!-- END ContentRecommendation.jsp -->
	        </div>
	    </div>
	    
		<div class="footer-col-wrapper">
		    <div class="footer-col copyright">
		        <ul>
		            <li>
		            	© Copyright Coles 2015
		            </li>
		        </ul>
		    </div> 
		</div>
	</div>
</div>
				
	<a href="#" class="back-to-top" data-colrs-scroll-on-click="" data-colrs-click="scrollOnClickVM.scrollToTop()">
		<div role="text" class="back-to-top-container">					
			<svg class="icon icon-up" focusable="false" role="presentation" aria-hidden="true">
				<use xlink:href="#icon-up"></use>
			</svg>										
			<span class="accessibility-inline">Back to top</span>
		</div>				
	</a>			

<div aria-hidden="true" style="display: none;">
	<iframe ng-src="/empty.html" id="kasada-col-3592" name="kasada" width="0px" height="0px" frameborder="0" scrolling="no" src="/empty.html"></iframe>
</div>

</div>
</footer>


<div id="message-panel-error" data-colrs-message-panel="error" data-ng-show="messagePanelVM.isVisible" aria-hidden="true" class="ng-hide">
	
<div class="alert is-alert-bottom-left is-visible" data-ng-class="{'is-visible':messagePanelVM.isVisible != null}" data-colrs-trap-focus="" data-trap-is-hidden="!messagePanelVM.isVisible" data-trap-allows-external="true">
     
     <!----> 
</div>

</div>
<div id="message-panel-session" data-colrs-message-panel="session" data-ng-show="messagePanelVM.isVisible" aria-hidden="true" class="ng-hide">
	
<div class="alert is-alert-bottom-left is-visible" data-ng-class="{'is-visible':messagePanelVM.isVisible != null}" data-colrs-trap-focus="" data-trap-is-hidden="!messagePanelVM.isVisible" data-trap-allows-external="true">
     
     <!----> 
</div>

</div>
<div id="message-panel-dss" data-colrs-message-panel="dss" data-ng-show="!mainVM.isGuest() &amp;&amp; messagePanelVM.isVisible &amp;&amp; mainVM.colrsState.current.data &amp;&amp; !mainVM.colrsState.current.data.hideSuperbar" aria-hidden="true" class="ng-hide">
	
<div class="alert is-alert-right slot-expiring is-visible" data-ng-class="{'is-visible':messagePanelVM.isVisible != null}" data-colrs-trap-focus="" data-trap-is-hidden="!messagePanelVM.isVisible" data-trap-allows-external="true">
     
     <!----> 
</div>

</div>
<script type="text/javascript" src="/wcsstore/ColesResponsiveStorefrontAssetStore/dist/90b2e798691089e2d47e0a69aa96fa34/app/lib/angular.comb.min.js"></script>
<script type="text/javascript" src="/wcsstore/ColesResponsiveStorefrontAssetStore/dist/90b2e798691089e2d47e0a69aa96fa34/app/lib/colrslib.comb.min.js"></script>
<script type="text/javascript" src="/wcsstore/ColesResponsiveStorefrontAssetStore/dist/90b2e798691089e2d47e0a69aa96fa34/app/common.comb.min.js"></script>
<script type="text/javascript" src="/wcsstore/ColesResponsiveStorefrontAssetStore/dist/90b2e798691089e2d47e0a69aa96fa34/app/app.comb.min.js"></script>

<script src="https://www.google.com/recaptcha/api.js?render=6LdSbtgUAAAAAJUEgYc8SiCj-xr59aw635KGPrFl"></script>




<script type="text/javascript">
(function() {
	"use strict";

	var siteConfig = {
		'storeDir' : '/ColesResponsiveStorefrontAssetStore/',
		'appDir': '/wcsstore/ColesResponsiveStorefrontAssetStore/dist/90b2e798691089e2d47e0a69aa96fa34/app',
		'assetsDir': '/wcsstore/ColesResponsiveStorefrontAssetStore/dist/90b2e798691089e2d47e0a69aa96fa34/img',
		
		'storeImgDir': '/wcsstore/ColesResponsiveStorefrontAssetStore/',
		'storefrontAssetStoreId' : 20201,
		'storeId' : 20501,
		'orderHubStoreId' : 10401,
		'catalogId' : 27101,
		'nationalCatalogId' : 10576,
		'langId' : -1,
		'debugJS' : false,
		'debugInfoEnabled' : false,
		'displayBetaFeedback' : false,
		'displayCheckoutFeedback' : true,
		'forceRecalc' : true,
		'colrsContentToken' : '/content',
		
		'colrsContextPath' : '/a',
		
		'colContextPath' : '/online',
		
		'colrsRelativeHomepagePath' : '/home',
		
		'colrsNationalPath' : '/a/national',
		'colrsNationalSeoStoreToken' : 'national',
		
		'colrsNationalHomepagePath' : '/a/national/home',
		
		'colrsStoreUrl' : 'https://shop.coles.com.au/a/richmond-south',
		
		'classicColrsStoreUrl' : 'https://shop.coles.com.au/online/richmond-south',
		
		'classicColStoreUrl' : 'http://shop.coles.com.au/online/vic-metro-richmond-south',
		
		'colrsStorePrefix' : '',
		
		'inactivityTimeout' : 1800000,
		
		'inactivityWarningDialogDisplayTimer' : 115000,
		
		'colrsCheckoutUrl' : 'https://shop.coles.com.au/online/COLRSCheckout?catalogId=27101&storeId=20501',
		'inactivityWarningDialogBuffer' : 120000,
		'getCartFromSearch' : true,
		'checkNetworkConnection' : true,
		'allowPersonalisedSort' : true,
		
		'userInactiveTime' : 15,
		
		'dssExpiryWarning' : 15,
		
		'dssExpiredWarning' : 10,
		
		'slotExpiryDuration' : 2,
		'alcoholLegalAge' : 18,
		'tobaccoLegalAge' : 18,
		'storeSeoToken' : "richmond-south",
		'minificationCodes' : {"r2":"responseFormat","pq":"promo_min_qty","r3":"responseTemplate","pr":"promo_reward","r4":"returnFields","ps":"personaliseSort","r5":"resourceName","pt":"promo_type","r6":"recordSetComplete","r7":"recordSetTotalMatches","pz":"pageSize","A1":"ALCOHOLVOLUMEPERCENTAGE","A2":"ALLERGEN","A3":"ALLERGENCLAIM","A4":"AVERAGESIZE","A5":"ASSOCIATEDESPOT","s1":"searchSource","s2":"searchTerm","R1":"RETAILLIMIT","s3":"searchType","s4":"seo_token","s5":"searchable","s6":"sequence","s7":"shortDescription","s8":"simpleSavings","s9":"singleSKUCatalogEntryID","c1":"catalogEntryTypeCode","ap":"availablePreferredSubstitute","c2":"catalogGroupID","B1":"BESTDRINKING","c3":"catalogGroupView","B2":"BRANDEDPRODUCTCOLOUR","c4":"catalogId","sD":"storeDisplay","c5":"catalogID","c6":"categoryId","c7":"categoryIdentifier","c8":"categoryName","c9":"categorySequence","sI":"storeID","t1":"tickettype","S1":"SENSITIVEPRODUCTS","t2":"title","S2":"SERVINGSIZE","t3":"totalProduct","S3":"SERVINGSPERPACK","cC":"childCatalogGroupID","S4":"SETUPINSTRUCTIONS","cD":"createDate","A":"ABOUTTHEAUTHOR","B":"BARCODEID","cE":"checkEntitlement","S5":"SIZE","C":"CAREINSTRUCTIONS","S6":"STANDARDDRINKS","D":"DELIVERYRESTRICTIONS","S7":"STORAGEINSTRUCTIONS","E":"ENVIRONMENTALCLAIM","S8":"SUITABLEFOR","F":"FEATURES","cI":"contractId","S9":"SUPPLIER","G":"GENRE","H":"HEIGHT","I":"INGREDIENTS","cN":"contentName","L":"LASTUPDATED","d1":"depthAndLimit","cP":"childProductId","M":"MATERIAL","C1":"CLASSIFICATION","d2":"description","N":"NUTRIENTALCOHOL","C2":"COLOUR","d3":"disallowRecurringOrder","O":"ONLINECOMPARISONUNITOFMEASURE","C3":"CONTAINS","sc":"subscriptionTypeCode","d4":"displayable","cS":"catentrySavings","P":"PACKWEIGHT","sd":"startDate","d5":"dynamicKitConfigurable","d6":"dynamicKitConfigurationDate","R":"REGION","sf":"specialFlag","d7":"dynamicKitDefaultConfiguration","S":"SCALING","d8":"dynamicKitDefaultConfigurationComplete","T":"TAXRATE","d9":"dynamicKitModelReference","U":"UNITOFMEASURE","si":"storeId","W":"WARNING","sn":"specialsCount","u1":"unitOfMeasure","T1":"TOBACCOAGERESTRICTIONFLAG","u2":"unitPrice","T2":"TYPE","u3":"usage","u4":"userData","u5":"userHistoryCount","a":"attributesMap","u6":"userId","b":"buyable","su":"sKUs","d":"dataType","f":"facet","h":"hasSingleSKU","i":"identifier","k":"keyword","l":"langId","co":"comparable","e1":"extendedValue","m":"manufacturer","cp":"contentPath","D1":"DEPTH","n":"name","D2":"DIETARYCLAIM","P10":"PUBLISHER","o":"offerPrice","tc":"totalCount","D3":"DIMENSIONS","cs":"categoryShortDescription","p":"partNumber","D4":"DISTRIBUTOR","q":"quantity","cu":"currency","r":"readSchema","cv":"catalogEntryView","s":"seoToken","t":"thumbnail","cx":"contentShortDescription","u":"uniqueID","v":"value","w":"weight","x":"x_level","v1":"values","U1":"USAGEINSTRUCTIONS","dd":"downDate","f1":"facetable","f2":"facetLimit","E1":"EXCLUDEFROMSUBSTITUTIONFLAG","f3":"facetView","DR":"DISPLAYREVIEWS","f7":"filterFacet","f8":"filterTerm","f9":"filterType","ed":"endDate","F1":"FORMAT","F2":"FREQUENCY","F3":"FULFILMENTCLASS","x1":"x_promoId","W1":"WEIGHTEDITEMINDICATOR","x2":"x_stripResponseFields","W2":"WIDTH","fa":"fullImageAltDescription","x3":"xmaxPersonaliseBoost","x4":"xminPersonaliseBoost","fi":"fullImage","h1":"hostingContractId","fu":"forUserId","wm":"weightUOM","WR":"WRITEREVIEWS","i1":"image1","i2":"image1path","H1":"HIDECOLESPROMOTIONICONFLAG","H2":"HIDEPRODUCTSAVINGSFLAG","N10":"NUTRIENTCHOLINE","N11":"NUTRIENTCHROMIUM","N12":"NUTRIENTCOENZYME","N13":"NUTRIENTCOENZYMEQ10","N14":"NUTRIENTCOPPER","N15":"NUTRIENTDIETARYFIBRETOTAL","N16":"NUTRIENTDISACCHARIDES","N17":"NUTRIENTDOCOSAHEXAENOICACID","N18":"NUTRIENTEICOSAPENTAENOICACID","N19":"NUTRIENTENERGY","I1":"ISLARGEITEM","N20":"NUTRIENTENERGYCAL","N21":"NUTRIENTFOLICACID","N22":"NUTRIENTFRUCTOSE","N23":"NUTRIENTGALACTOSE","N24":"NUTRIENTGLUCOSE","N25":"NUTRIENTGLUCURONOLACTONE","N26":"NUTRIENTGLUTEN","N27":"NUTRIENTINOSITOL","N28":"NUTRIENTINULIN","N29":"NUTRIENTIODINE","N30":"NUTRIENTIRON","N31":"NUTRIENTLACTOSE","N32":"NUTRIENTLIGNIN","N33":"NUTRIENTLYCOPENE","N34":"NUTRIENTMAGNESIUM","N35":"NUTRIENTMALTOSE","N36":"NUTRIENTMANGANESE","N37":"NUTRIENTMOLYBDENUM","N38":"NUTRIENTMONOSACCHARIDES","N39":"NUTRIENTMONOUNSATURATED","l1":"level","l2":"lineItemType","l3":"listprice","l4":"listPrice","l5":"locale","l6":"longDescription","N40":"NUTRIENTOLEICACID","l7":"listId","N41":"NUTRIENTOLIGOSACCHARIDES","l8":"listItemId","N42":"NUTRIENTOMEGA-3","N43":"NUTRIENTOMEGA-6","N44":"NUTRIENTOMEGA-9","N45":"NUTRIENTPABA","N46":"NUTRIENTPHYTICACID","N47":"NUTRIENTPHYTOSTEROLS","N48":"NUTRIENTPOLYUNSATURATED","N49":"NUTRIENTPOTASSIUM","lD":"listDetails","m1":"maxPrice","m2":"maxSlop","L1":"LIFESTYLECLAIM","m3":"merchandisingAssociations","L2":"LIQUORAGERESTRICTIONFLAG","m4":"metaData","L3":"LIQUORREGION","m5":"metaDescription","m6":"metaKeyword","N50":"NUTRIENTPROTEIN","m7":"mimetype","N51":"NUTRIENTSATURATEDFAT","m8":"minMatch","N52":"NUTRIENTSELENIUM","m9":"minPrice","N53":"NUTRIENTSODIUM","N54":"NUTRIENTSUCROSE","N55":"NUTRIENTSUGARS","N56":"NUTRIENTTAURINE","N57":"NUTRIENTTOTALFAT","N58":"NUTRIENTTRANS","N59":"NUTRIENTVITAMINA","d10":"dynamicKitOrgCode","n1":"numberOfSKUs","coo":"countryOfOrigin","d11":"dynamicKitURL","N60":"NUTRIENTVITAMINB","N61":"NUTRIENTVITAMINB1","N62":"NUTRIENTVITAMINB12","N63":"NUTRIENTVITAMINB2","N64":"NUTRIENTVITAMINB3","N65":"NUTRIENTVITAMINB5","N66":"NUTRIENTVITAMINB6","N67":"NUTRIENTVITAMINC","N68":"NUTRIENTVITAMIND","N69":"NUTRIENTVITAMINE","md":"merchandisingAssociationsMetadata","mf":"mfName_ntk","o1":"orderAttributesMap","o2":"orderBy","N1":"NUTRIENTALPHA-LINOLENICACID","o3":"orderDetails","N2":"NUTRIENTBETA-SITOSTEROL","o4":"orderId","N3":"NUTRIENTBIOFLAVOIDS","o5":"orderItemId","N4":"NUTRIENTBIOTIN","o6":"originalSearchTerm","N5":"NUTRIENTCAFFEINE","N70":"NUTRIENTVITAMINK","N6":"NUTRIENTCALCIUM","N71":"NUTRIENTZINC","N7":"NUTRIENTCARBOHYDRATE","N8":"NUTRIENTCARNITINE","N9":"NUTRIENTCHOLESTEROL","p0":"productId","p1":"price","p2":"parentCatalogEntryID","O1":"ONLINECOMPARISONUNITOFMEASUREQUANTITY","p3":"parentCatalogGroupID","O2":"ONLINECOUNTRYOFORIGIN","p4":"parentCategoryId","O3":"ONLINESIZEDESCRIPTION","p5":"parentDynamicKitConfigurable","p6":"published","p7":"parentProductId","p8":"pageNumber","p9":"pastOrder","oa":"cooallystmt","ob":"coobcrq","og":"coologorq","oi":"cooref_id","P1":"PERFECTMATCH","op":"coopercentage","pR":"parentDynamicKitModelReference","P2":"PETFOODCALCIUM","pS":"physicalStoreIds","P3":"PETFOODCRUDEFAT","pT":"productType","P4":"PETFOODCRUDEFIBRE","os":"coostmt","P5":"PETFOODCRUDEPROTEIN","ot":"coostdsind","P6":"PETFOODSALTSODIUMCHLORIDE","P7":"PREPARATIONINSTRUCTIONS","P8":"PRIMARYAISLE","P9":"PROMOTIONALLIMIT","a1":"associationType","a2":"attachmentFilter","pb":"preferredSubstitute","a3":"attachmentId","a4":"attributes","pd":"promo_desc","a5":"addressId","a6":"available","pi":"promo_id","pl":"purchaseLimit","pm":"priceMode","pn":"profileName","r1":"resourceId"}
,
		'minificationEnabled' : true,
		'unminiResponseTemplate' : 2,
		'visibleMerchAssocs' : ["X-SELL","ACCESSORY","REPLACEMENT"]
,
		'visibleTpbMerchAssocs' : ["SIZE-VARIANT"]
,
		'productAssocs' : ["BRAND-PRODUCT-VARIANT","SIZE-VARIANT"]
,
		'pageSize' : 48,
		'paginationRangeSize' : 9,
		'firstTimeCustActivated' : false,
		'filterParams' : ["facet"]
,
		'calcOnAdd' : false,
		'calcOnAddIncrement' : 30,
		'externalSources' : ["*","taste.com.au","recipes.coles.com.au","my-kitchen-rules","coles-lists","coles.com.au","shop-cat","google-ad","coles-edm","microlise","vlocker","rover","eBay","panasonic","citrus"]
,
		'storeLocatorRadius' : 150,
		'cooEnabled' : true,
		'babyFormulaPartNumber' :  ["1546418","1546429","1546430","6763800","8900989","9708670","7733189","1315878","1986851","1986862","1986873","7448717","2140350","4756916","4756927","4756938","2738287","2738298","2738301","2738516","2738527","2738505","2793809","2793795","2793810","2738811","2738822","2738833","1184758","1189398","1023271","6042262","1023260","5578664","1023282","1316940","1317079","2827911","2827922","2827933","8440867","8440878","9871026","2803196","1318129","7167208","9148893","9501785","5720302","5719370","5719358","1850113","1189423","1317148","1318118","2498977","3012720","3025100","3025110","3025121","3025609","3025722","3025766","3025813","3025824","3025835","3025846","3025868","3029585","3029596","8760904","9870985","9870996","9871015"]
,
		'babyFormulaItemLimit' : 2,
		'genericItemLimit' : '',
		'genericLimitedCategories' : '',
		'genericLimitedCategoriesDescriptions' : '',
		'voiceoverFocusDelay' : 1000,
		'filtersLimit' : 6,
		'specialtyStoresLimit' : 24,
		'specialtyStoresEnabled' : true,
		'persistentHeaderEnabled' : true,
		'invoiceStoredDate' : '2017-11-05T00:00:00',
		'environmentParam' : 'prodl',
		'atMboxWhitelist' : ["colrs-sw-prodl-catalog-header","colrs-sw-prodl-hyf-overlay","colrs-sw-prodl-login-overlay-no-products","colrs-sw-prodl-login-overlay-with-products","colrs-sw-prodl-first-time-hd","colrs-sw-prodl-payment-options","colrs-sw-prodl-espot-hp-banner-1","colrs-sw-prodl-espot-double-tile-1","colrs-sw-prodl-espot-single-tile-1","colrs-sw-prodl-espot-single-tile-2","colrs-sw-prodl-espot-single-tile-3","colrs-sw-prodl-register-step1-scroll","colrs-sw-prodl-register-overlay-with-products","colrs-sw-prodl-register-overlay-no-products","colrs-sw-prodl-espot-aisle-banner-1","colrs-sw-prodl-espot-single-tile-4","colrs-sw-prodl-espot-single-tile-5","colrs-sw-prodl-espot-single-tile-6","colrs-sw-prodl-espot-double-tile-2","colrs-sw-prodl-espot-double-tile-3","colrs-sw-prodl-espot-double-tile-4","colrs-sw-prodl-espot-double-tile-5","colrs-sw-prodl-espot-single-tile-7","colrs-sw-prodl-espot-single-tile-8","colrs-sw-prodl-espot-single-tile-9","colrs-sw-prodl-espot-single-tile-10","colrs-sw-prodl-espot-checkout-footer","colrs-sw-prodl-order-modify-warning-panel","colrs-sw-prodl-horizontal-tile-1","colrs-sw-prodl-horizontal-tile-2","colrs-sw-prodl-horizontal-tile-3","colrs-sw-prodl-horizontal-tile-4","colrs-sw-prodl-feature-row-1","colrs-sw-prodl-feature-row-2","colrs-sw-prodl-feature-row-3","colrs-sw-prodl-feature-row-4","colrs-sw-prodl-feature-row-5","colrs-sw-prodl-account-scroll"]
,
		'atOfferTimeout' : 5000,
		'atContentTimeout' : 2000,
		'preferredSortOptions' : ["BB","BR","PN"]
,
		'blockedAddress' : ["GAACT714886012","GAACT714908793","GAACT714908794","GAACT718142538","GANSW703942544","GANSW703949160","GANSW704252570","GANSW704299821","GANSW704986605","GANSW705011735","GANSW705017275","GANSW705092251","GANSW705360974","GANSW705618008","GANSW705642995","GANSW705647594","GANSW705825100","GANSW706001697","GANSW706557136","GANSW707920901","GANSW708083577","GANSW708097230","GANSW709382817","GANSW710287411","GANSW710289744","GANSW710460979","GANSW710465099","GANSW710996953","GANSW711068539","GANSW713209989","GANSW713210205","GANSW715612803","GANSW716436413","GANSW716444698","GANSW716478252","GANSW716635058","GANSW716681370","GANSW716960038","GANSW716960043","GANSW717007844","GANSW717478165","GANSW717790638","GANSW718404872","GANSW718408767","GANSW718558232","GANSW718734116","GANSW718734120","GANSW718734155","GANSW718734162","GANSW718746608","GANSW718971073","GANSW719181816","GANSW719357597","GAVIC411783124","GAVIC413759527","GAVIC413785767","GAVIC419917983","GAVIC419931848","GAVIC419994920","GAVIC420101737","GAVIC420256064","GAVIC420386725","GAVIC420520279","GAVIC420622951","GAVIC420787543","GAVIC421199633","GAVIC421259357","GAVIC421653108","GAVIC421815956","GAVIC423114888","GAVIC423573244","GAVIC423839796","GAVIC423855096","GAVIC423921727","GAVIC424583777","GAVIC424768484","GAVIC425466589","GAVIC425783095","GAVIC719053852","GANSW718734162","GANSW710355240","GAVIC421037039","GAVIC420877823","GAVIC420086050","GANSW718509320","GANSW716757278","GANSW718702177","GAVIC420204509","GAVIC420681929","GAACT718246697","GAQLD157060198","GANSW719062575","GANSW704261549","GANSW710342115","GANSW717666450","GAVIC423230892","GAVIC421694630","GANSW711606958","GATAS702515264","GAVIC421388971","GAQLD163319717","GAACT718334283","GAACT718334808","GANSW717408127","GANSW716830628","GAVIC719244716","GAVIC419930906","GANSW705806349","GAQLD162531991","GATAS702297564","GAWA_162593500","GAWA_146861276","GANSW705624731","GANSW705611514","GANSW704380146","GANSW717852763","GANSW703963643","GAVIC421278169","GAVIC421592268","GAVIC420372822","GAVIC420667069","GAVIC420372821","GAVIC421214675","GAVIC420511822","GAQLD162340315","GAQLD159913963","GAQLD157005839","GAQLD157322772","GAVIC421466118","GAWA_163241078","GAVIC421401203","GAVIC421925586","GANSW704398779","GANSW706608076","GAWA_162593500","GAQLD155661735","GAVIC425421297","GAVIC425306841","GAVIC421199629","GAVIC425734124","GAQLD161698028","GAQLD158647219","GAWA_148226013","GAWA_146582007","GAQLD155751858","GAQLD156263766","GAWA_146876746","GAQLD155284673","GAQLD157855041","GAQLD157703413","GAQLD160083163","GAQLD155344717","GAQLD161860715","GANSW704135986","GAQLD156915430","GAQLD158275850","GAQLD157322772","GAQLD161080412","GAQLD157005838","GANT_718936366","GANT_703843559","GAQLD156991774","GANT_718936366","GANT_703843559","GANSW704688285","GAQLD156991774","GAQLD157322772","GANSW706180177","GAQLD155714639","GAQLD162309260","GAQLD161911955","GAQLD161843211","GANSW705170924","GAVIC425089517","GAQLD154940150","GAQLD163303322","GAQLD156958783"]
,
		'preferredDefaultSortOption' : 'BB',
		'defaultGuestLocation' : '-33.8688,151.2093',
		'ccLocationRadius' : 300,
		'ccLocationMaxStores' : 50,
		'defaultGuestSuburbState' : 'Pagewood, NSW',
		'defaultGuestServiceType' : 'HD',
		'proceedToCheckoutEspotEnabled' : true,
		'proceedToCheckoutEspotTimeout' : 2000,
		'availabilityServiceEnabled' : true,
		'availabilityServiceTimeout' : 1000,
		'associationServiceTimeout' : 3000,
		'availabilityServiceEnabledStores' : ["7645","5588","5792","0822","0911","0337"]
,
		'localisationData' : {"catalogId":"27101","webstoreId":"0482","storeId":"10501","ffmcenterId":"15851"}
,
		'citrusBrowserTimeout' : '2000',
		'citrusExcludedCategories' : 'Fruit & Vegetables||Tobacco||Easter',
		'citrusEnabledOnAislePage' : true,
		'citrusEnabledOnCategoryPage' : true,
		'citrusEnabledOnSearchPage' : true,
		'citrusEnabledOnHomePage' : true,
		'flybuysMaskingEnabled' : true,
		'bazaarVoiceEnabled' : false,
		'weakPasswordScoreLimit' : 60,
		'moderatePasswordScoreLimit' : 80,
		'flybuysMaskingStartPlace' : 7,
		'flybuysMaskingEndPlace' : 12,
		'fpStatusCode' : 429,
		'fpBodyPattern1' : /src=\"js\/fp\.js\"/,
		'fpBodyPattern2' : /fingerprint_useragent/,
		'fpBodyPattern3' : /fingerprintComplete/,
		'googleRecaptchaEnabled' : true,
		'googleRecaptchaActionName' : 'login',
		'googleRecaptchaSiteKey' : '6LdSbtgUAAAAAJUEgYc8SiCj-xr59aw635KGPrFl',
		'existingDSPErrorContentName' : 'existing-subscription',
		'blockedDSPErrorContentName' : 'subscription-user-error',
		'webStoreMoveIdentifier' : 'wsm',
		'colrsPingInterval' : 5
	};
	   
	angular.module('colrs.common')
		.constant('siteConfig', siteConfig);
		 
})();
</script>

	
<script type="text/javascript">
(function() {
	'use strict';
	
	var tabConfig = {"homeTabId":"home","pastOrderTabType":"past-order","boughtBeforeTabId":"bought-before","maxCloseableTabs":3,"everythingTabId":"everything","tabs":{"home":{"loadProductsByDefault":false,"isUserTab":false,"isHideCount":true,"tabStoreType":"Default","isShowCitrusAds":true,"isCloseable":false,"isCategoryCurated":true,"isIconFromImageTag":false,"isHomeTab":true,"isListTab":false,"hasIcon":true,"isTabGroup":false,"isHideCatNav":true,"showCitrusNoOfAds":null,"showAddAllResults":false,"type":"home","id":"home","sort":{"mode":{"multisearch":{"options":[]},"search":{"options":[]},"browse":{"options":[]}},"personalisable":"true"},"iconClass":"icon-home-tab","isShowTpb":false},"everything":{"loadProductsByDefault":false,"isUserTab":false,"searchProfileCategoryCounts":"COLRS_findCategoryCountsBySearchTerm","isHideCount":false,"tabStoreType":"Default","isShowCitrusAds":true,"isCloseable":false,"isCategoryCurated":true,"isIconFromImageTag":false,"isHomeTab":false,"isListTab":false,"hasIcon":true,"isTabGroup":false,"searchProfileTabCounts":"COLRS_findTabCountBySearchTerm","isHideCatNav":false,"showCitrusNoOfAds":null,"showAddAllResults":false,"type":"everything","id":"everything","sort":{"mode":{"multisearch":{"defaultOption":"CL","options":["CL","SP","UP","PR","BR","PN"]},"search":{"defaultOption":"CL","options":["CL","SP","UP","PR","BR","PN"]},"browse":{"defaultOption":"TP","options":["TP","SP","UP","PR","BR","PN"]}},"personalisable":"true"},"iconClass":"icon-everything-tab","isShowTpb":true},"bought-before":{"loadProductsByDefault":true,"isUserTab":true,"searchProfileSearchProductsSearchTerm":"COLRS_findOnlyPersonalisedProductsBySearchTerm","searchProfileProductsCategory":"COLRS_findOnlyPersonalisedProductsByCategory","searchProfileCategoryCounts":"COLRS_findOnlyPersonalisedCategoryCountsBySearchTerm","isHideCount":false,"tabStoreType":"Default","isShowCitrusAds":false,"isCloseable":false,"isCategoryCurated":false,"isIconFromImageTag":false,"isHomeTab":false,"isListTab":true,"hasIcon":true,"isTabGroup":false,"searchProfileTabCounts":"COLRS_findOnlyPersonalisedTabCountBySearchTerm","isHideCatNav":false,"showCitrusNoOfAds":null,"showAddAllResults":false,"type":"bought-before","id":"bought-before","sort":{"mode":{"multisearch":{"defaultOption":"BB","options":["BB","CL","SP","BR","PN"]},"search":{"defaultOption":"BB","options":["BB","CL","SP","BR","PN"]},"browse":{"defaultOption":"BB","options":["BB","SP","BR","PN"]}},"personalisable":"false"},"iconClass":"icon-bought-before-tab","isShowTpb":false},"specials":{"isUserTab":false,"searchProfileSearchProductsSearchTerm":"COLRS_findOnlySpecialsProductsBySearchTerm","searchProfileProductsCategory":"COLRS_findOnlySpecialsProductsByCategory","isShowCitrusAds":true,"searchProfileProductsCitrus":"COLRS_findCitrusSpecialProductByPartNumbers_Summary","isCloseable":false,"isListTab":false,"searchProfileTabCounts":"COLRS_findOnlySpecialsTabCountBySearchTerm","showAddAllResults":false,"isHideCatNav":false,"id":"specials","sort":{"mode":{"multisearch":{"defaultOption":"CL","options":["CL","UP","PR","BR","PN"]},"search":{"defaultOption":"CL","options":["CL","UP","PR","BR","PN"]},"browse":{"defaultOption":"TP","options":["TP","UP","PR","BR","PN"]}},"personalisable":"true"},"isShowTpb":false,"loadProductsByDefault":true,"isHideCount":false,"searchProfileCategoryCounts":"COLRS_findOnlySpecialsCategoryCountsBySearchTerm","tabStoreType":"Default","isCategoryCurated":true,"isHomeTab":false,"isIconFromImageTag":false,"hasIcon":true,"isTabGroup":false,"showCitrusNoOfAds":"7","type":"specials","iconClass":"icon-specials-tab"},"selection":{"isUserTab":false,"loadProductsByDefault":true,"searchProfileSearchProductsSearchTerm":"COLRS_findOnlySpecialtyStoreProductsBySearchTerm","searchProfileProductsCategory":"COLRS_findOnlySpecialtyStoreProductsByCategory","searchProfileCategoryCounts":"COLRS_findOnlySpecialtyStoreCategoryCountsBySearchTerm","isHideCount":false,"searchParam":"ssFilter","tabStoreType":"Specialty","isShowCitrusAds":false,"isCloseable":true,"isCategoryCurated":false,"isIconFromImageTag":true,"isHomeTab":false,"isListTab":false,"hasIcon":true,"isTabGroup":true,"searchProfileTabCounts":"COLRS_findOnlySpecialtyStoreTabCountBySearchTerm","isHideCatNav":false,"showAddAllResults":false,"showCitrusNoOfAds":null,"type":"selection","sort":{"mode":{"multisearch":{"defaultOption":"CL","options":["CL","SP","UP","PR","BR","PN"]},"search":{"defaultOption":"CL","options":["CL","SP","UP","PR","BR","PN"]},"browse":{"defaultOption":"TP","options":["TP","SP","UP","PR","BR","PN"]}},"personalisable":"true"},"isShowTpb":false},"past-order":{"loadProductsByDefault":true,"isUserTab":true,"searchProfileSearchProductsSearchTerm":"COLRS_findOnlyOrderProductsBySearchTerm","searchProfileProductsCategory":"COLRS_findOnlyOrderProductsByCategory","searchProfileCategoryCounts":"COLRS_findOnlyOrderCategoryCountsBySearchTerm","isHideCount":false,"searchParam":"orderId","tabStoreType":"Custom","isShowCitrusAds":false,"isCloseable":true,"isCategoryCurated":false,"isIconFromImageTag":false,"isHomeTab":false,"isListTab":false,"hasIcon":true,"isTabGroup":true,"searchProfileTabCounts":"COLRS_findOnlyOrderTabCountBySearchTerm","isHideCatNav":false,"showAddAllResults":true,"showCitrusNoOfAds":null,"type":"past-order","sort":{"mode":{"multisearch":{"defaultOption":"BB","options":["BB","CL","SP","BR","PN"]},"search":{"defaultOption":"BB","options":["BB","CL","SP","BR","PN"]},"browse":{"defaultOption":"BB","options":["BB","SP","BR","PN"]}},"personalisable":"false"},"iconClass":"icon-past-orders-tab","isShowTpb":false},"lists":{"loadProductsByDefault":true,"isUserTab":true,"searchProfileSearchProductsSearchTerm":"COLRS_findOnlyWishlistProductsBySearchTerm","searchProfileProductsCategory":"COLRS_findOnlyWishlistProductsByCategory","searchProfileCategoryCounts":"COLRS_findOnlyWishlistCategoryCountsBySearchTerm","isHideCount":false,"searchParam":"wishlistId","tabStoreType":"Custom","isShowCitrusAds":false,"isCloseable":true,"isCategoryCurated":false,"isIconFromImageTag":false,"isHomeTab":false,"isListTab":true,"hasIcon":true,"isTabGroup":true,"searchProfileTabCounts":"COLRS_findOnlyWishlistTabCountBySearchTerm","isHideCatNav":false,"showAddAllResults":true,"showCitrusNoOfAds":null,"type":"lists","sort":{"mode":{"multisearch":{"defaultOption":"CL","options":["CL","SP","UP","PR","BR","PN"]},"search":{"defaultOption":"CL","options":["CL","SP","UP","PR","BR","PN"]},"browse":{"defaultOption":"TP","options":["TP","SP","UP","PR","BR","PN"]}},"personalisable":"true"},"iconClass":"icon-list-tab","isShowTpb":false},"product-selections":{"loadProductsByDefault":true,"isUserTab":false,"isHideCount":true,"tabStoreType":"Default","isShowCitrusAds":false,"isCloseable":true,"isCategoryCurated":false,"isIconFromImageTag":false,"isHomeTab":false,"isListTab":false,"hasIcon":true,"isTabGroup":true,"isHideCatNav":false,"showAddAllResults":false,"showCitrusNoOfAds":null,"template":"COLRSSpecialtyStoresPage","type":"product-selections","sort":{"mode":{"multisearch":{"options":[]},"search":{"options":[]},"browse":{"options":[]}},"personalisable":"true"},"iconClass":"icon-specialty-stores","isShowTpb":false}}}
;
	
	angular.module('colrs.tab')
		.constant('tabConfig', tabConfig);
})();
</script>


<script type="text/ng-template" id="/online/COLRSStateNotFound?storeId=20201&amp;langId=-1&amp;requesttype=ajax">
	
<div class="main">	
	<main id="main-content" class="main-content">
		<div id="main-content-inside" class="main-content-inside">
				<div class="main-content-header txt-center">
					<img class="img-error" src="/wcsstore/ColesResponsiveStorefrontAssetStore/dist/90b2e798691089e2d47e0a69aa96fa34/img/img_error.svg"/>

<h1 class="error-heading" tabindex="-1" aria-hidden='false'>
	<span espotTitle="Sorry, we couldn&#039;t find the page you&#039;re looking for" data-colrs-send-content-navigation-event>Sorry, we couldn&#039;t find the page you&#039;re looking for</span>
</h1>
<p class="error-intro intro">
	The page may have moved or you might have typed an incorrect URL
</p>
<p>
	<a role="button" href="#" class="button button-dark button-large" data-colrs-home-state>
		Back to Coles Online
	</a>
</p>

				</div>
			</div>
		</div>
	</main>
</div>
<span data-ng-hide="true" colrs-send-not-found-event data-type="state-definition" ></span>

</script>


<script type="text/ng-template" id="/online/COLRSMainStoreArea?storeId=20501&amp;catalogId=27101&amp;langId=-1&amp;requesttype=ajax">
	
<div id="main" class="main" data-colrs-main-view>
		
	<div id="mobile-cat-nav-header" class="mobile-cat-nav-header" data-ng-if="mainViewVM.model.tabView.count > 0 && !((mainViewVM.model.tabView.isSearchMode || mainViewVM.model.tabView.isMultiSearchMode) && !mainViewVM.model.tabView.showResults)" data-colrs-cat-nav-reveal>		
      	<button id="cat-nav-reveal" class="button button-plain cat-nav-current" aria-expanded="false" 
				data-ng-click="catNavRevealVM.revealCatNav($event)" 
				data-ng-disabled="!mainViewVM.model.tabView.showResults">
			<span role="text" class="accessibility" data-ng-bind="catNavRevealVM.getA11yLabel()"></span>
      		<span aria-hidden="true" data-ng-bind="catNavRevealVM.getLabel()"></span>
      		<svg focusable="false" class="icon icon-arrow" role="presentation" aria-hidden="true">
	    		<use xmlns:xlink="http://www.w3.org/1999/xlink" xlink:href="#icon-arrow"></use>
	    	</svg>
      	</button>
    </div>
	<div id="cat-nav-container" class="colrs-animate cat-nav-container" data-colrs-cat-nav-container data-colrs-trap-focus>
		<p class="accessibility catMobile-menu-text">
			Start of menu
		</p>
		
		<div id="cat-nav-header" class="colrs-animate no-transition cat-nav-header" data-colrs-cat-nav-header></div>
		
		<nav role="navigation" id="cat-nav" class="colrs-animate cat-nav no-transition" data-colrs-cat-nav 
			aria-label='Browse categories' 
			aria-hidden='{{catNavVM.model.tabView.activeTabTotalProductCount === 0}}'></nav>
		<p class="accessibility catMobile-menu-text">
			End of menu
		</p>
    </div>
	<div id="main-content" class="main-content">
		<div id="main-content-inside" class="main-content-inside clear">
			<main> 
				<h1 id="results-h1" class="accessibility" tabindex="-1" 
					data-ng-show="mainViewVM.model.tabView.showResultsHeading"
					data-ng-bind-html="mainViewVM.model.tabView.resultsHeading" >
				</h1>
				<h1 class="accessibility" tabindex="-1" data-ng-if="!mainViewVM.currentState.data.hideHeading">
					Welcome to Coles online 
				</h1>
				<div class="loading-results-placeholders" data-ng-if="!mainViewVM.model.tabView.showResults">
					<colrs-placeholder-tile class="colrs-animate product placeholder" data-ng-repeat="placeholder in mainViewVM.model.placeholders track by $index">
					</colrs-placeholder-tile>
				</div>
				
				<div id="results-{{::tab.id}}" class="results-view" data-ng-repeat="tab in mainViewVM.model.tabs track by tab.id" 
					data-ng-show="mainVM.colrsState.current.data.tab.id === tab.id"
					data-ui-view="results-{{tab.id}}">
				</div>
			</main>
		</div>
	</div>
</div>

</script>

<script type="text/ng-template" id="/online/COLRSNoResultsPage?storeId=20201&amp;langId=-1&amp;requesttype=ajax">
	
<div id="contentWrapper" ng-if="mainViewVM.model.views[tab.id].showResults">
	
	<div id="content-{{::tab.id}}" tabindex="-1">
		
		<div class="callout-container">
			<div data-ng-if="(resultsVM.model.display.showNoResults)" data-colrs-product-list-empty></div>
		</div>
		<div class="products" colrs-pagelayout="no-results" ng-show="resultsVM.model.display.showLayout">
			
			<div style="display: none" data-colrs-bind="colrsCatalogEntryListWidget_NoResults">
			{
				"type":"COLRSCatalogEntryList",
				"products":[],
				"searchInfo":
				{
					"totalCount":0
				}
			}
			</div> 
			<div data-colrs-product-list data-colrs-widget="colrsCatalogEntryListWidget_NoResults" class="widget"></div>
		</div>
	</div>
</div>

</script>
<script type="text/ng-template" id="/online/COLRSProductListAddAllTemplate?storeId=20201&amp;langId=-1&amp;requesttype=ajax">
	
<div class="cart-confirmation" data-ng-if="productListAddAllVM.isVisible">
	<div class="add-products" data-ng-class="{'is-active':(productListAddAllVM.addedCount === productListAddAllVM.totalAvailableCount)}">
	    <span id="{{::tab.id}}-cart-confirmation-label" class="add-products-label" tabindex="-1">
		    <strong data-ng-if="(productListAddAllVM.filtersManager.activeFilters.length > 0 && productListAddAllVM.addedCount === productListAddAllVM.totalAvailableCount)">
		    	All the available items in this filtered list have been added to your trolley
		    </strong>
		    <strong data-ng-if="(productListAddAllVM.filtersManager.activeFilters.length === 0 && productListAddAllVM.addedCount === productListAddAllVM.totalAvailableCount)">
		    	All the available items in this list have been added to your trolley
		    </strong>
		    <span role="text" data-ng-if="(productListAddAllVM.addedCount !== productListAddAllVM.totalAvailableCount)" data-ng-cloak>
		    	<span data-ng-if="productListAddAllVM.filtersManager.activeFilters.length > 0 && productListAddAllVM.totalAvailableCount === 1">
		    		You've added <strong>{{productListAddAllVM.addedCount}} of {{productListAddAllVM.totalAvailableCount}}</strong> available item in this filtered list to your trolley
		    	</span>
		    	<span data-ng-if="productListAddAllVM.filtersManager.activeFilters.length > 0 && productListAddAllVM.totalAvailableCount !== 1">
		    		You've added <strong>{{productListAddAllVM.addedCount}} of {{productListAddAllVM.totalAvailableCount}}</strong> available items in this filtered list to your trolley
		    	</span>
		    	<span data-ng-if="productListAddAllVM.filtersManager.activeFilters.length === 0 && productListAddAllVM.totalAvailableCount === 1">
		    		You've added <strong>{{productListAddAllVM.addedCount}} of {{productListAddAllVM.totalAvailableCount}}</strong> available item in this list to your trolley
		    	</span>
		    	<span data-ng-if="productListAddAllVM.filtersManager.activeFilters.length === 0 && productListAddAllVM.totalAvailableCount !== 1">
		    		You've added <strong>{{productListAddAllVM.addedCount}} of {{productListAddAllVM.totalAvailableCount}}</strong> available items in this list to your trolley
		    	</span>
		    </span>
		</span>
		
	    <button id="{{::tab.id}}-add-all-button" class="button button-large"
	    	data-ng-hide="(productListAddAllVM.addedCount === productListAddAllVM.totalAvailableCount)" 
	    	data-ng-click="productListAddAllVM.addRemainingProducts()" data-ng-cloak>
	        <span data-ng-if="(productListAddAllVM.addedCount === 0)">
	        	Add all <span class="accessibility-inline">available products from {{tab.a11yName}}</span> for <strong>{{productListAddAllVM.formattedRemainingTotalPrice}}</strong> <span class="accessibility-inline">to your trolley</span>
	        </span>
	        <span data-ng-if="(productListAddAllVM.addedCount > 0) && !tab.isListTab">
	        	Add the rest for <strong>{{productListAddAllVM.formattedRemainingTotalPrice}}</strong>
	        </span>
	        <span data-ng-if="(productListAddAllVM.addedCount > 0) && tab.isListTab">
	        	Add the rest <span class="accessibility-inline">from {{tab.a11yName}}</span> for <strong>{{productListAddAllVM.formattedRemainingTotalPrice}}</strong> <span class="accessibility-inline">to your trolley</span>
	        </span>
	    </button>
	    
	    <div role="text" id="{{::tab.id}}-cart-confirmation-text" class="add-products-text" 
	    	data-ng-show="(productListAddAllVM.addedCount === productListAddAllVM.totalAvailableCount)" data-ng-cloak>
	        <svg focusable="false" class="icon icon-tick" role="presentation" aria-hidden="true">
	            <use xmlns:xlink="http://www.w3.org/1999/xlink" xlink:href="#icon-tick"></use>
	        </svg>
	        <span class="accessibility-inline">
	        	Already in trolley
	        </span>
	        <span>
	        	<span data-ng-if="productListAddAllVM.totalAvailableCount === 1">
	        		{{productListAddAllVM.totalAvailableCount}} available item for <strong>{{productListAddAllVM.formattedCostTotalPrice}}</strong>
	        	</span>
	        	<span data-ng-if="productListAddAllVM.totalAvailableCount !== 1">
	        		{{productListAddAllVM.totalAvailableCount}} available items for <strong>{{productListAddAllVM.formattedCostTotalPrice}}</strong>
	        	</span>
	        </span>
	    </div>
	   				    				    
	</div>
</div>

</script>
<script type="text/ng-template" id="/online/COLRSProductListFillerTileTemplate?storeId=20501&amp;catalogId=27101&amp;langId=-1&amp;requesttype=ajax">
	

<div class="product is-promo" tabIndex="-1" data-colrs-enhance-links>
	
	<div class="accessibility"  data-colrs-page-focus-point="{{'next_product'+tile.sequence}}" colrs-product-option-temp-message><p tabindex="-1">next item is</p></div>
	<h2 id="{{::tile.pageHeadingID}}" class="accessibility" tabindex="-1" data-ng-if="::tile.pageHeading" data-ng-bind="::tile.pageHeading" data-ng-cloak></h2>
 	<p class="accessibility" data-ng-if="productListVM.loadMore && tile.allyLoadMore" data-ng-bind="tile.allyLoadMore"></p>
			
	
<div style="display:none" aria-hidden="true">[[RS_ProductListFillerTile_Content]]</div>

	<div id="contentRecommendationWidget_RS_ProductListFillerTile_Content" class="contentRecommendationWidget" colrs-espot colrs-espot-name="RS_ProductListFillerTile_Content"
		>
		

<div class="left_espot">
	
	<style>
    .product.is-promo .content-container.faq-st-content {
        background-image: url("/wcsstore/ColesResponsiveStorefrontAssetStore/images/2019/05/20190530_FAQ/background-text-blue.jpg");
    }
    .product.is-promo .content-container.faq-st-content .hero-text {
        color: #fff;
    }
    .product.is-promo .content-container.faq-st-content .hero-image-container .tile-image.info-text {
        margin-top: 75px;
        color: #3a61af;
        font-weight: bold;
        font-size: 18px;
    }
</style>
<div class="promo-content-wrapper image-first-layout">
    <div class="content-container faq-st-content topaligned-bg bottomaligned-second-bg">
        <h3 class="accessibility-inline">frequently asked questions</h3>
        <div class="hero-image-container">
            <div class="hero-image">
                <img src="/wcsstore/ColesResponsiveStorefrontAssetStore/images/2019/05/20190530_FAQ/faq.svg" alt="" aria-hidden="true" class="tile-image">
                <span class="tile-image info-text">FAQs</span>
            </div>
        </div>
        <div class="tile-content">
            <div class="hero-text-container">
                <span class="hero-text">
                    <span role="text">
                        <strong>
                            Get answers to the most frequently asked questions
                        </strong>
                    </span>
                </span>
            </div>
            <div class="cta-container">
                <a href="/a/a-national/content/faqs?pid=pr_20190603_FAQS_SingleTile" class="button">View FAQs</a>
            </div>
        </div>
    </div>
</div>
	
</div>


	</div>

</div>


</script>

<script type="text/ng-template" id="/online/COLRSTobaccoWarningTileTemplate?storeId=20501&amp;catalogId=27101&amp;langId=-1&amp;requesttype=ajax">
	

<div id="tobacco-warning-tile" class="product is-promo" tabIndex="-1" data-colrs-enhance-links>
	
	<div class="accessibility"  data-colrs-page-focus-point="{{'next_product'+tile.sequence}}" colrs-product-option-temp-message><p tabindex="-1">next item is</p></div>
	<h2 id="{{::tile.pageHeadingID}}" class="accessibility" tabindex="-1" data-ng-if="::tile.pageHeading" data-ng-bind="::tile.pageHeading" data-ng-cloak></h2>
 	<p class="accessibility" data-ng-if="productListVM.loadMore && tile.allyLoadMore" data-ng-bind="tile.allyLoadMore"></p>
			
	
<div style="display:none" aria-hidden="true">[[RS_TobaccoWarningTile_Content]]</div>

	<div id="contentRecommendationWidget_RS_TobaccoWarningTile_Content" class="contentRecommendationWidget" colrs-espot colrs-espot-name="RS_TobaccoWarningTile_Content"
		>
		

<div class="left_espot">
	
	<div class="promo-content-wrapper tile-quit">

        <div class="promo-header accessibility-inline">
            <h3 class="legal-warning">
                Quit smoking
            </h3>
        </div>

        <div class="promo-body">
            <img src="/wcsstore/ColesResponsiveStorefrontAssetStore/images/tobacco-warnings/img_quit-smoking.jpg" alt="Quitting will improve your health, Call Quitline 137848">
            <p><strong>Call Quitline on 13 7848</strong>It is illegal to sell tobacco products to a person under 18 and it is illegal to purchase a tobacco product for use by a person under 18.</p>
        </div>

    </div>
	
</div>


	</div>

</div>


</script>

<script type="text/ng-template" id="">
	

<div id="tobacco-warning-banner">			
	
<div style="display:none" aria-hidden="true">[[RS_TobaccoWarningBanner_Content]]</div>

	<div id="contentRecommendationWidget_RS_TobaccoWarningBanner_Content" class="contentRecommendationWidget" colrs-espot colrs-espot-name="RS_TobaccoWarningBanner_Content"
		>
		

<div class="left_espot">
	
	<div class="espotContainer quitline-banner">
	<div class="hero-image">
		<img src="/wcsstore/ColesResponsiveStorefrontAssetStore/images/tobacco-warnings/img_quit-smoking.jpg" alt="" aria-hidden="true">
	</div>
	<h3 class="accessibility-inline">Quit smoking</h3>
	<p class="body-copy">
		<span class="accessibility-inline">Quitting will improve your health.</span>
		<strong>Call quitline on 13 7848</strong>
		<span>It is illegal to sell tobacco products to a person under 18 and it is illegal to purchase a tobacco product for use by a person under 18</span>
	</p>
	<img src="/wcsstore/ColesResponsiveStorefrontAssetStore/images/tobacco-warnings/pdp-quit-smoking.jpg" width="100%" class="landscape-image" alt="" aria-hidden="true">
</div>
	
</div>


	</div>

</div>


</script>

<script type="text/ng-template" id="">
	

<div id="addtl-tobacco-warning-tile" class="product is-promo" tabIndex="-1" data-colrs-enhance-links>
	
	<h2 id="{{::tile.pageHeadingID}}" class="accessibility" tabindex="-1" data-ng-if="::tile.pageHeading" data-ng-bind="::tile.pageHeading" data-ng-cloak></h2>
 	<p class="accessibility" data-ng-if="productListVM.loadMore && tile.allyLoadMore" data-ng-bind="tile.allyLoadMore"></p>
 	
	
<div style="display:none" aria-hidden="true">[[RS_AddtlTobaccoWarningTile_Content]]</div>

	<div id="contentRecommendationWidget_RS_AddtlTobaccoWarningTile_Content" class="contentRecommendationWidget" colrs-espot colrs-espot-name="RS_AddtlTobaccoWarningTile_Content"
		>
		

<div class="left_espot">
	
	<div class="promo-content-wrapper tile-quit">

        <div class="promo-header accessibility-inline">
            <h3 class="legal-warning">
                Quit smoking
            </h3>
        </div>

        <div class="promo-body">
            <img src="/wcsstore/ColesResponsiveStorefrontAssetStore/images/tobacco-warnings/img_quit-smoking.jpg" alt="Quitting will improve your health, Call Quitline 137848">
            <p><strong>Call Quitline on 13 7848</strong>It is illegal to sell tobacco products to a person under 18 and it is illegal to purchase a tobacco product for use by a person under 18.</p>
        </div>

    </div>
	
</div>


	</div>

</div>


</script>

<script type="text/ng-template" id="/online/COLRSTobaccoRestrictedTileTemplate?storeId=20501&amp;catalogId=27101&amp;langId=-1&amp;requesttype=ajax">
	

<div class="product is-promo" data-colrs-enhance-links>
	
	<div class="accessibility"  data-colrs-page-focus-point="{{'next_product'+tile.sequence}}" colrs-product-option-temp-message><p tabindex="-1">next item is</p></div>
	<h2 id="{{::tile.pageHeadingID}}" class="accessibility" tabindex="-1" data-ng-if="::tile.pageHeading" data-ng-bind="::tile.pageHeading" data-ng-cloak></h2>
 	<p class="accessibility" data-ng-if="productListVM.loadMore && tile.allyLoadMore" data-ng-bind="tile.allyLoadMore"></p>
 	
	<div class="promo-content-wrapper is-legal is-tobacco">
        <div class="promo-body">
            <span class="accessibility">
            	You must be over {{::tobaccoRestrictionVM.legalAge}} to view tobacco products
            </span>
            <svg focusable="false" class="icon icon-under18" role="presentation" aria-hidden="true">
                <use xmlns:xlink="http://www.w3.org/1999/xlink" xlink:href="#icon-under18"></use>
            </svg>
            <p>
            	We&apos;ve hidden <strong>{{tile.tiles.length}}</strong> matching products from these results
            </p>
        </div>
        <div class="promo-footer">
            <a role="button" href="#" class="button button-dark" data-ng-click="tobaccoRestrictionVM.showTobacco($event)">Show these products...</a>
        </div>	
    </div>
</div>


</script>

<script type="text/ng-template" id="/online/COLRSFooter?storeId=20501&amp;catalogId=27101&amp;langId=-1&amp;requesttype=ajax">
	
<div class="footer-inner-wrapper" data-colrs-enhance-links>
	<div class="footer-row">
	    <div class="footer-col-wrapper">
	        <div class="footer-col left">
	            <!-- BEGIN Widgets_701/ContentRecommendation.jsp --><!-- JSPs References: HomePage.jsp, BundleDisplay.jsp , CategoryNavigationDisplay.jsp, CompareProductsDisplay.jsp
					  DynamicKitDisplay.jsp, PackageDisplay.jsp, ProductDisplay.jsp, 
					  SearchResultDisplay.jsp, SubCategoryPage.jsp, TopCategoryPage.jsp
					   , Footer.jsp , OrderCancelNotify.jsp , OrderCreateNotify.jsp
					  OrderShipmentNotify.jsp, AccountActivationNotify.jsp, PasswordChangeNotify.jsp,
					  PasswordResetNotify.jsp, WishlistCreateNotify.jsp,  LandingPage.jsp, 	
					  ShippingDetailDisplay.jsp, ShopCartDisplay.jsp, StaticContent, 
					  Static JSPs, Footer_UI.jsp, Header_UI.jsp, ProductDescription_UI.jsp  
					  UserTime-->
<div style="display:none" aria-hidden="true">[[RS_FOOTER_CONTACTUS]]</div>
<!-- BEGIN ContentRecommendation_UI.jspf -->
			<div id="contentRecommendationWidget_RS_FOOTER_CONTACTUS" class="contentRecommendationWidget" >
			<!-- BEGIN Content_UI.jspf -->

<div class="left_espot">
	
	
					<!-- Fix for unsafe sms link -->
<img src="/wcsstore/ColesResponsiveStorefrontAssetStore/images/pixel.png" onload="javascript:(function(){ var textUsLink = document.getElementById('text-us-link'); if(document.body.contains(textUsLink)) { textUsLink.setAttribute('href', 'sms:0429989656');}})();" style="display:none;" aria-hidden="true">

<h2 class="title from-espot">Help</h2>
<div id="colrs-sw-prodl-espot-checkout-footer" mbox="" data-mboxname="colrs-sw-prodl-espot-checkout-footer" class="at-element-marker"></div>
<div class="footer-text">
    <a href="/a/a-national/content/faqs" target="_self">
        Frequently Asked Questions
    </a>
</div>
<h2 class="title from-espot sndtitle">Contact Us</h2>
<div class="footer-text">
    <p>
        Call us on
        <a href="tel:1800455400" class="red-link">
            1800 455 400
        </a>
    </p>
	<p>
        Text us on
        <a href="sms:0429989656" id="text-us-link" class="red-link">
            0429 989 656
        </a>
		*
    </p>
	<p>* Please include your full name, your email address and your order ID (if you have one) in your first text to us.</p>
</div>

<h3 class="sub-title">Customer Care Hours</h3>
<ul class="open-days">
    <li><span class="open-day">Weekdays</span> <span class="open-time">8am - Midnight</span></li>
    <li><span class="open-day">Saturday</span> <span class="open-time">7am - 10pm</span></li>
    <li><span class="open-day">Sunday</span> <span class="open-time">8am - 10pm</span></li>
</ul>
<div class="time-zone">
    <span>
        <span role="text">All times are <span aria-hidden="true"><abbr class="ccAbr" title="Australian Eastern Daylight Standard Time">AEST</abbr></span><span class="accessibility">Australian Eastern Daylight Standard Time</span></span>
    </span>
	
</div>
<div class="head-address">
	<span>
        <span role="text">Coles Group Limited (Coles Online) Hawthorn East, Victoria, Australia 3123</span>
    </span>
</div>
<style>
    .footer .hide-when-superbar{
        display: inline;
    }

    .footer .show-when-superbar{
        display: none;
    }

    .has-draw .footer .hide-when-superbar{
        display: none;
    }

    .has-draw .footer .show-when-superbar{
        display: inline;
    }

    .footer .footer-col-wrapper .footer-col .title:not(.from-espot){
        display: none!important;
    }

    .footer .sub-title {
        font-size: 13px;
        font-weight: bold;
        color: #5c5c5c;
        margin-bottom: 6px;
    }

    .footer .footer-col-wrapper .footer-col .title.from-espot {
        margin-bottom: 10px;
    }

   .footer .footer-col-wrapper .footer-col .title.from-espot.sndtitle {
        margin-top: 20px;
        margin-bottom: 6px;
   }
    .footer .footer-col-wrapper .footer-col .title.contact {
        margin-top: 25px;
        margin-bottom: 10px;
    }

    .footer .footer-text {
        margin-top: 0;
        margin-bottom: 5px;
    }

    .footer .footer-text p {
        margin: 0 0 5px;
    }

    .footer .footer-text a {
        text-decoration: none;
        border-bottom: 1px solid #aaa;
        font-weight: bold;
        color: #5c5c5c;
    }
	
    .footer .footer-text a:hover {
        border-bottom: 1px solid #6d6d6d;
    }

    .footer .footer-text a:focus {
        outline: 1px dotted #6d6d6d;
        border-bottom: 1px solid #6d6d6d;
    }
	.footer .footer-text .red-link{
		color:#e01a22;
		font-size:15px !important;
		border-bottom: 1px solid #e01a22;
	}
	.footer .footer-text .red-link:hover{
		border-bottom: 1px solid #e01a22;
	}
	.footer .footer-text .red-link:focus {
		outline: 1px dotted #e01a22;
        border-bottom: 1px solid #e01a22;
	}
    .footer .footer-col-wrapper.links {
        padding-top: 0;
    }
    .footer .footer-col-wrapper .footer-col .footer-links li {
        margin-bottom: 10px;
    }
    
    @media (min-width: 1200px) {
        .footer .footer-col-wrapper .footer-col .footer-links li {
            margin-bottom: 10px;
        }
    }
    @media (min-width: 1420px) {
        .footer .footer-col-wrapper .footer-col .footer-links li {
            margin-bottom: 10px;
        }
    }

    .footer .footer-col-wrapper .footer-col .open-days li {
        margin-bottom: 5px;
    }

    .footer .footer-col-wrapper .time-zone {
        margin-bottom: 15px;
    }

    .footer .footer-col-wrapper .footer-col.copyright {
    margin-top: 0;
    }

    @media (max-width: 1420px) {
        .footer .footer-col-wrapper .footer-col.copyright {
            margin-top: -30px;
        }
    }

    @media (max-width: 1200px) {
        .footer .footer-col-wrapper .footer-col.copyright {
            margin-top: 10px;
        }
    }

    @media (max-width: 1045px) and (min-width: 1026px) {
        .footer .footer-col-wrapper .footer-col.copyright {
            margin-top: 10px !important;
        }
    }

    @media (max-width: 940px) {
        .footer .footer-col-wrapper .footer-col.copyright {
            margin-top: 10px !important;
        }
    }
    @media (max-width: 1420px) {
        .page-full-width .footer .footer-col-wrapper .footer-col.copyright {
            margin-top: 0;
        }
    }
    @media (max-width: 767px) {
        .footer .footer-col-wrapper .footer-col .title.from-espot {
            font-size: 15px;
        }
       .footer .footer-col-wrapper .footer-col .sub-title {
            font-size: 13px;
       }
    }
</style>
				
	
</div>

<!-- END Content_UI.jspf -->
			</div>
		<!-- END ContentRecommendation_UI.jspf --><!-- END ContentRecommendation.jsp -->
	        </div>
	        <div class="footer-col right">
	        	<!-- BEGIN Widgets_701/ContentRecommendation.jsp --><!-- JSPs References: HomePage.jsp, BundleDisplay.jsp , CategoryNavigationDisplay.jsp, CompareProductsDisplay.jsp
					  DynamicKitDisplay.jsp, PackageDisplay.jsp, ProductDisplay.jsp, 
					  SearchResultDisplay.jsp, SubCategoryPage.jsp, TopCategoryPage.jsp
					   , Footer.jsp , OrderCancelNotify.jsp , OrderCreateNotify.jsp
					  OrderShipmentNotify.jsp, AccountActivationNotify.jsp, PasswordChangeNotify.jsp,
					  PasswordResetNotify.jsp, WishlistCreateNotify.jsp,  LandingPage.jsp, 	
					  ShippingDetailDisplay.jsp, ShopCartDisplay.jsp, StaticContent, 
					  Static JSPs, Footer_UI.jsp, Header_UI.jsp, ProductDescription_UI.jsp  
					  UserTime-->
<div style="display:none" aria-hidden="true">[[RS_CUSTOMER_SERVICE_AVAILABILITY]]</div>
<!-- END ContentRecommendation.jsp --><!-- BEGIN Widgets_701/ContentRecommendation.jsp --><!-- JSPs References: HomePage.jsp, BundleDisplay.jsp , CategoryNavigationDisplay.jsp, CompareProductsDisplay.jsp
					  DynamicKitDisplay.jsp, PackageDisplay.jsp, ProductDisplay.jsp, 
					  SearchResultDisplay.jsp, SubCategoryPage.jsp, TopCategoryPage.jsp
					   , Footer.jsp , OrderCancelNotify.jsp , OrderCreateNotify.jsp
					  OrderShipmentNotify.jsp, AccountActivationNotify.jsp, PasswordChangeNotify.jsp,
					  PasswordResetNotify.jsp, WishlistCreateNotify.jsp,  LandingPage.jsp, 	
					  ShippingDetailDisplay.jsp, ShopCartDisplay.jsp, StaticContent, 
					  Static JSPs, Footer_UI.jsp, Header_UI.jsp, ProductDescription_UI.jsp  
					  UserTime-->
<div style="display:none" aria-hidden="true">[[RS_FOOTER_TIMEZONE]]</div>
<!-- BEGIN ContentRecommendation_UI.jspf -->
			<div id="contentRecommendationWidget_RS_FOOTER_TIMEZONE" class="contentRecommendationWidget" >
			<!-- BEGIN Content_UI.jspf -->

<div class="left_espot">
	
	
					<h2 class="title from-espot">Shopping with Us</h2>
<ul class="footer-links">
    <li>
        <a href="/a/a-national/promo/welcome-to-coles">
            New to Coles Online
        </a>
    </li>
    <li>
        <a href="/a/a-national/content/HOW-TO-VIDEOS" target="_self">
            Online Shopping Video Guides
        </a>
    </li>
    <li>
        <a href="/a/a-vic-metro-richmond-south/content/collection-information">
            Click&amp;Collect
        </a>
    </li>
    <li>
        <a href="/a/a-vic-metro-richmond-south/content/delivery-information">
            Delivery Information
        </a>
    </li>
   <li>
        <a href="/a/a-national/content/remote-delivery">
            Remote Delivery Information
        </a>
    </li>
   <!-- <li>
        <a href="/a/a-vic-metro-richmond-south/content/delivery-plus">
            Delivery Plus
        </a>
    </li>-->
    <li>
        <a href="/a/a-national/content/coles-online-for-business">
            Business Accounts and Orders
        </a>
    </li>
    <li>
        <a href="/a/a-national/content/orders-with-alcohol-and-tobacco">
            Orders with Liquor and Tobacco
        </a>
    </li>
    <li>
        <a href="/online/a-national/info/contact-us-by-email" class="hide-when-superbar" target="_self">
            Missing Items from your Order
        </a>
        <a href="#" data-colrs-open-draw="FEEDBACK" data-open-draw-view="DEFAULT" target="_self" class="show-when-superbar">
            Missing Items from your Order
        </a>
    </li>
    <li>
        <a href="/a/a-national/content/accessibility-help" target="_self">
            Accessibility Help
        </a>
    </li>
	<li>
        <a href="#" data-colrs-open-draw="FEEDBACK" data-open-draw-view="DEFAULT" target="_self">
            Liquor Self Exclusion
        </a>
    </li>
</ul>

				
	
</div>

<!-- END Content_UI.jspf -->
			</div>
		<!-- END ContentRecommendation_UI.jspf --><!-- END ContentRecommendation.jsp -->	                    
	        </div>
	    </div>
	
	    <div class="footer-col-wrapper links">
	        <div class="footer-col left">
				<!-- BEGIN Widgets_701/ContentRecommendation.jsp --><!-- JSPs References: HomePage.jsp, BundleDisplay.jsp , CategoryNavigationDisplay.jsp, CompareProductsDisplay.jsp
					  DynamicKitDisplay.jsp, PackageDisplay.jsp, ProductDisplay.jsp, 
					  SearchResultDisplay.jsp, SubCategoryPage.jsp, TopCategoryPage.jsp
					   , Footer.jsp , OrderCancelNotify.jsp , OrderCreateNotify.jsp
					  OrderShipmentNotify.jsp, AccountActivationNotify.jsp, PasswordChangeNotify.jsp,
					  PasswordResetNotify.jsp, WishlistCreateNotify.jsp,  LandingPage.jsp, 	
					  ShippingDetailDisplay.jsp, ShopCartDisplay.jsp, StaticContent, 
					  Static JSPs, Footer_UI.jsp, Header_UI.jsp, ProductDescription_UI.jsp  
					  UserTime-->
<div style="display:none" aria-hidden="true">[[RS_FOOTER_LINKS_LEFT]]</div>
<!-- BEGIN ContentRecommendation_UI.jspf -->
			<div id="contentRecommendationWidget_RS_FOOTER_LINKS_LEFT" class="contentRecommendationWidget" >
			<!-- BEGIN Content_UI.jspf -->

<div class="left_espot">
	
	
					<h2 class="title from-espot">Useful Links</h2>
                <ul class="footer-links">
                    <li>
                        <a href="/a/a-national/everything/search/Online-exclusive-savings">
                            Online Exclusives
                        </a>
                    </li>
                    <li>
                        <a href="/a/a-national/promo/weekly-recipes">
                            Recipe of the Week
                        </a>
                    </li>
                    <li>
                        <a href="https://www.coles.com.au/catalogues-and-specials/view-all-available-catalogues" target="_blank">
                            Coles Catalogue
                        </a>
                    </li>
                    <li>
                        <a href="https://www.coles.com.au/magazine" target="_blank">
                            Coles Magazine
                        </a>
                    </li>
                    <li>
                        <a href="https://www.coles.com.au/store-locator" target="_blank">
                            Store Locations and Hours
                        </a>
                    </li>
                    <li>
                        <a href="https://www.flybuys.com.au" target="_blank">
                            flybuys
                        </a>
                    </li>
                    <li>
                        <a href="/a/a-national/promo/WIN-Free-Delivery">
                            Competition Winners
                        </a>
                    </li>
                </ul>

<!-- Below button is used via target in header Mbox-->
<button data-colrs-open-draw="login_register" data-open-draw-view="LOGIN_OPTIONS" href="#" class="wb_bannerFoot__button" id="colttBtn">Get started<span class="accessibility-inline"> with Coles online. Sign up or log in.</span></button>

<button class="button" id="mbox-go-to-flybuys" data-colrs-open-draw="ACCOUNT" data-open-draw-view="FLYBUYS" style="display: none;">
    flybuys
</button>

<style type="text/css">
    .left_espot .wb_bannerFoot__button {
        display:none;
    }

</style>

<!-- CEXP MOV 80 -->
<!-- Sets MOV to $80 for certain stores defined in the script -->
<img src="/wcsstore/ColesResponsiveStorefrontAssetStore/images/pixel.png" onload="javascript:(function(){document.body.appendChild(document.createElement('script')).src='//www.coles.com.au/Portals/edm/colesonline/v7-img/scripts/cexp-mov-80.js';})();" style="display:none;" aria-hidden="true">

<!-- Load google font -->
<img src="/wcsstore/ColesResponsiveStorefrontAssetStore/images/pixel.png" onload="
    javascript:(function(){
        var googleFontLink = document.createElement('link');
            googleFontLink.href = 'https://fonts.googleapis.com/css?family=Source+Sans+Pro:400,700'
            googleFontLink.rel = 'stylesheet'
        document.head.appendChild(googleFontLink);
    })();" style="display:none;" aria-hidden="true" />

<!-- Section.io script -->
<img src="/wcsstore/ColesResponsiveStorefrontAssetStore/images/pixel.png" onload="
!function(g,s,q,r,d){r=g[r]=g[r]||function(){(r.q=r.q||[]).push( arguments)};d=s.createElement(q);q=s.getElementsByTagName(q)[0]; d.src='//d1l6p2sc9645hc.cloudfront.net/tracker.js';q.parentNode. insertBefore(d,q)}(window,document,'script','_gs'); _gs('GSN-452615-M'); _gs('set', 'anonymizeIP', true); 
   " style="display:none;" aria-hidden="true">
				
	
</div>

<!-- END Content_UI.jspf -->
			</div>
		<!-- END ContentRecommendation_UI.jspf --><!-- END ContentRecommendation.jsp -->
	        </div>
	        <div class="footer-col right">
				<!-- BEGIN Widgets_701/ContentRecommendation.jsp --><!-- JSPs References: HomePage.jsp, BundleDisplay.jsp , CategoryNavigationDisplay.jsp, CompareProductsDisplay.jsp
					  DynamicKitDisplay.jsp, PackageDisplay.jsp, ProductDisplay.jsp, 
					  SearchResultDisplay.jsp, SubCategoryPage.jsp, TopCategoryPage.jsp
					   , Footer.jsp , OrderCancelNotify.jsp , OrderCreateNotify.jsp
					  OrderShipmentNotify.jsp, AccountActivationNotify.jsp, PasswordChangeNotify.jsp,
					  PasswordResetNotify.jsp, WishlistCreateNotify.jsp,  LandingPage.jsp, 	
					  ShippingDetailDisplay.jsp, ShopCartDisplay.jsp, StaticContent, 
					  Static JSPs, Footer_UI.jsp, Header_UI.jsp, ProductDescription_UI.jsp  
					  UserTime-->
<div style="display:none" aria-hidden="true">[[RS_FOOTER_LINKS_RIGHT]]</div>
<!-- BEGIN ContentRecommendation_UI.jspf -->
			<div id="contentRecommendationWidget_RS_FOOTER_LINKS_RIGHT" class="contentRecommendationWidget" >
			<!-- BEGIN Content_UI.jspf -->

<div class="left_espot">
	
	
					<h2 class="title from-espot">Company Information</h2>
<ul class="footer-links">
    <li>
        <a href="https://www.coles.com.au/corporate-responsibility/sustainability/environment" target="_blank">
            Coles Waste and Recycling
        </a>
    </li>
    <li>
        <a href="https://www.coles.com.au/corporate-responsibility/sustainability/responsible-sourcing" target="_blank">
            Coles Responsible Sourcing
        </a>
    </li>
    <li>
        <a href="https://www.coles.com.au/customer-service/product-recalls" target="_blank">
            Product Recalls
        </a>
    </li>
    <li>
        <a href="/a/a-national/content/customer-agreement">
            Customer Agreement
        </a>
    </li>
    <li>
        <a href="https://www.coles.com.au/privacy" target="_blank">
            Privacy Policy
        </a>
    </li>
</ul>

<style>
     @media screen and (max-width: 767px){
          .popup {min-width: initial;}
     }
</style>

<style>
    @media screen and (max-width: 519px){
        .is-promo.is-promo-large .promo-header {
            margin-top: 0;
        }
    }

    /* Fix red border in promo pages, remove it when all the promo contents have been updated */
   /* .main-content .header {
        border-bottom: none!important;
    }*/

    /* Fix IE images */
    .is-promo .fluid-images .promo-body {
        align-items: center;
    }
    .is-promo .fluid-images .promo-body img.main-image {
        flex-shrink: 0;
    }

    .page-product-detail .product-title {
        max-height: none;
    }

    /* Backgrounds for product on bench tiles */
    .tile-product-on-bench.bbq-light {
        background-image: url('/wcsstore/ColesResponsiveStorefrontAssetStore/images/backgrounds/tile/bbq-light.jpg');
    }
    .tile-product-on-bench.bbq-dark {
        background-image: url('/wcsstore/ColesResponsiveStorefrontAssetStore/images/backgrounds/tile/bbq-dark.jpg');
    }
    .tile-product-on-bench.backyard-light {
        background-image: url('/wcsstore/ColesResponsiveStorefrontAssetStore/images/backgrounds/tile/backyard-light.jpg');
    }
    .tile-product-on-bench.backyard-dark {
        background-image: url('/wcsstore/ColesResponsiveStorefrontAssetStore/images/backgrounds/tile/backyard-dark.jpg');
    }
    .tile-product-on-bench.kitchen-light {
        background-image: url('/wcsstore/ColesResponsiveStorefrontAssetStore/images/backgrounds/tile/kitchen-light.jpg');
    }
    .tile-product-on-bench.kitchen-dark {
        background-image: url('/wcsstore/ColesResponsiveStorefrontAssetStore/images/backgrounds/tile/kitchen-dark.jpg');
    }
    .tile-product-on-bench.laundry-light {
        background-image: url('/wcsstore/ColesResponsiveStorefrontAssetStore/images/backgrounds/tile/laundry-light.jpg');
    }
    .tile-product-on-bench.laundry-dark {
        background-image: url('/wcsstore/ColesResponsiveStorefrontAssetStore/images/backgrounds/tile/laundry-dark.jpg');
    }
    .tile-product-on-bench.bathroom-light {
        background-image: url('/wcsstore/ColesResponsiveStorefrontAssetStore/images/backgrounds/tile/bathroom-light.jpg');
    }
    .tile-product-on-bench.bathroom-dark {
        background-image: url('/wcsstore/ColesResponsiveStorefrontAssetStore/images/backgrounds/tile/bathroom-dark.jpg'); 
    }

</style>

<!--Hide Register truck click and collect and home delivery message on pop up-->
<style>
	.popup-content .delivery-item{
		display:none !important;
	}

</style>
				
	
</div>

<!-- END Content_UI.jspf -->
			</div>
		<!-- END ContentRecommendation_UI.jspf --><!-- END ContentRecommendation.jsp -->
	        </div>
	    </div>
	    
		<div class="footer-col-wrapper">
		    <div class="footer-col copyright">
		        <ul>
		            <li>
		            	&copy; Copyright Coles 2015
		            </li>
		        </ul>
		    </div> 
		</div>
	</div>
</div>
				
	<a href="#" class="back-to-top" data-colrs-scroll-on-click data-colrs-click="scrollOnClickVM.scrollToTop()">
		<div role="text" class="back-to-top-container">					
			<svg class="icon icon-up" focusable="false" role="presentation" aria-hidden="true">
				<use xlink:href="#icon-up"/>
			</svg>										
			<span class="accessibility-inline">Back to top</span>
		</div>				
	</a>			

<div aria-hidden="true" style="display: none;">
	<iframe ng-src={{::mainVM.emptyURL}} id="kasada-col-3592" name="kasada" width="0px" height="0px" frameborder="0" scrolling="no"></iframe>
</div>

</script>

<script type="text/ng-template" id="/online/COLRSErrorFooter?storeId=20501&amp;catalogId=27101&amp;langId=-1&amp;requesttype=ajax">
	

<div class="footer-inner-wrapper">
	<div class="footer-row">
	    <div class="footer-col-wrapper">
	        <div class="footer-col left">
	            <!-- BEGIN Widgets_701/ContentRecommendation.jsp --><!-- JSPs References: HomePage.jsp, BundleDisplay.jsp , CategoryNavigationDisplay.jsp, CompareProductsDisplay.jsp
					  DynamicKitDisplay.jsp, PackageDisplay.jsp, ProductDisplay.jsp, 
					  SearchResultDisplay.jsp, SubCategoryPage.jsp, TopCategoryPage.jsp
					   , Footer.jsp , OrderCancelNotify.jsp , OrderCreateNotify.jsp
					  OrderShipmentNotify.jsp, AccountActivationNotify.jsp, PasswordChangeNotify.jsp,
					  PasswordResetNotify.jsp, WishlistCreateNotify.jsp,  LandingPage.jsp, 	
					  ShippingDetailDisplay.jsp, ShopCartDisplay.jsp, StaticContent, 
					  Static JSPs, Footer_UI.jsp, Header_UI.jsp, ProductDescription_UI.jsp  
					  UserTime-->
<div style="display:none" aria-hidden="true">[[RS_ERR_FOOTER_CONTACTUS]]</div>
<!-- BEGIN ContentRecommendation_UI.jspf -->
			<div id="contentRecommendationWidget_RS_ERR_FOOTER_CONTACTUS" class="contentRecommendationWidget" >
			<!-- BEGIN Content_UI.jspf -->

<div class="left_espot">
	
	
					<!-- Fix for unsafe sms link -->
<img src="/wcsstore/ColesResponsiveStorefrontAssetStore/images/pixel.png" onload="javascript:(function(){ var textUsLink = document.getElementById('text-us-link'); if(document.body.contains(textUsLink)) { textUsLink.setAttribute('href', 'sms:0429989656');}})();" style="display:none;" aria-hidden="true">

<h2 class="title from-espot">Help</h2>
<div class="footer-text">
    <a href="/a/a-national/content/faqs" target="_self">
        Frequently Asked Questions
    </a>
</div>
<h2 class="title from-espot sndtitle">Contact Us</h2>
<div class="footer-text">
    <p>
        Text us on
        <a href="sms:0429989656" id="text-us-link">
            0429 989 656
        </a>
    </p>
    <p>
        Call us on
        <a href="tel:1800455400">
            1800 455 400
        </a>
    </p>
    <p>
        or
        <a href="/online/a-national/info/contact-us-by-email" class="hide-when-superbar">
            email us
        </a>
        <a href="#" data-colrs-open-draw="FEEDBACK" data-open-draw-view="DEFAULT" class="show-when-superbar">
            email us
        </a>
    </p>
</div>

<h3 class="sub-title">Customer Care Hours</h3>
<ul class="open-days">
    <li><span class="open-day">Weekdays</span> <span class="open-time">6am - Midnight</span></li>
    <li><span class="open-day">Saturday</span> <span class="open-time">7am - 10pm</span></li>
    <li><span class="open-day">Sunday</span> <span class="open-time">8am - 10pm</span></li>
</ul>
<div class="time-zone">
    <span>
        <span role="text">All times are <span aria-hidden="true"><abbr class="ccAbr" title="Australian Eastern Daylight Savings Time">AEDT</abbr></span><span class="accessibility">Australian Eastern Daylight Savings Time</span></span>
    </span>
</div>

<style>
    .footer .hide-when-superbar{
        display: inline;
    }

    .footer .show-when-superbar{
        display: none;
    }

    .has-draw .footer .hide-when-superbar{
        display: none;
    }

    .has-draw .footer .show-when-superbar{
        display: inline;
    }

    .footer .footer-col-wrapper .footer-col .title:not(.from-espot){
        display: none!important;
    }

    .footer .sub-title {
        font-size: 13px;
        font-weight: bold;
        color: #5c5c5c;
        margin-bottom: 6px;
    }

    .footer .footer-col-wrapper .footer-col .title.from-espot {
        margin-bottom: 10px;
    }

   .footer .footer-col-wrapper .footer-col .title.from-espot.sndtitle {
        margin-top: 20px;
        margin-bottom: 6px;
   }
    .footer .footer-col-wrapper .footer-col .title.contact {
        margin-top: 25px;
        margin-bottom: 10px;
    }

    .footer .footer-text {
        margin-top: 0;
        margin-bottom: 5px;
    }

    .footer .footer-text p {
        margin: 0 0 5px;
    }

    .footer .footer-text a {
        text-decoration: none;
        border-bottom: 1px solid #aaa;
        font-weight: bold;
        color: #5c5c5c;
    }

    .footer .footer-text a:hover {
        border-bottom: 1px solid #6d6d6d;
    }

    .footer .footer-text a:focus {
        outline: 1px dotted #6d6d6d;
        border-bottom: 1px solid #6d6d6d;
    }

    .footer .footer-col-wrapper.links {
        padding-top: 0;
    }
    .footer .footer-col-wrapper .footer-col .footer-links li {
        margin-bottom: 10px;
    }
    
    @media (min-width: 1200px) {
        .footer .footer-col-wrapper .footer-col .footer-links li {
            margin-bottom: 10px;
        }
    }
    @media (min-width: 1420px) {
        .footer .footer-col-wrapper .footer-col .footer-links li {
            margin-bottom: 10px;
        }
    }

    .footer .footer-col-wrapper .footer-col .open-days li {
        margin-bottom: 5px;
    }

    .footer .footer-col-wrapper .time-zone {
        margin-bottom: 15px;
    }

    .footer .footer-col-wrapper .footer-col.copyright {
    margin-top: 0;
    }

    @media (max-width: 1420px) {
        .footer .footer-col-wrapper .footer-col.copyright {
            margin-top: -30px;
        }
    }

    @media (max-width: 1200px) {
        .footer .footer-col-wrapper .footer-col.copyright {
            margin-top: 10px;
        }
    }

    @media (max-width: 1045px) and (min-width: 1026px) {
        .footer .footer-col-wrapper .footer-col.copyright {
            margin-top: 10px !important;
        }
    }

    @media (max-width: 940px) {
        .footer .footer-col-wrapper .footer-col.copyright {
            margin-top: 10px !important;
        }
    }
    @media (max-width: 1420px) {
        .page-full-width .footer .footer-col-wrapper .footer-col.copyright {
            margin-top: 0;
        }
    }
    @media (max-width: 767px) {
        .footer .footer-col-wrapper .footer-col .title.from-espot {
            font-size: 15px;
        }
       .footer .footer-col-wrapper .footer-col .sub-title {
            font-size: 13px;
       }
    }
</style>
				
	
</div>

<!-- END Content_UI.jspf -->
			</div>
		<!-- END ContentRecommendation_UI.jspf --><!-- END ContentRecommendation.jsp -->
	        </div>
	        <div class="footer-col right">
	          	<!-- BEGIN Widgets_701/ContentRecommendation.jsp --><!-- JSPs References: HomePage.jsp, BundleDisplay.jsp , CategoryNavigationDisplay.jsp, CompareProductsDisplay.jsp
					  DynamicKitDisplay.jsp, PackageDisplay.jsp, ProductDisplay.jsp, 
					  SearchResultDisplay.jsp, SubCategoryPage.jsp, TopCategoryPage.jsp
					   , Footer.jsp , OrderCancelNotify.jsp , OrderCreateNotify.jsp
					  OrderShipmentNotify.jsp, AccountActivationNotify.jsp, PasswordChangeNotify.jsp,
					  PasswordResetNotify.jsp, WishlistCreateNotify.jsp,  LandingPage.jsp, 	
					  ShippingDetailDisplay.jsp, ShopCartDisplay.jsp, StaticContent, 
					  Static JSPs, Footer_UI.jsp, Header_UI.jsp, ProductDescription_UI.jsp  
					  UserTime-->
<div style="display:none" aria-hidden="true">[[RS_CUSTOMER_SERVICE_AVAILABILITY]]</div>
<!-- END ContentRecommendation.jsp --><!-- BEGIN Widgets_701/ContentRecommendation.jsp --><!-- JSPs References: HomePage.jsp, BundleDisplay.jsp , CategoryNavigationDisplay.jsp, CompareProductsDisplay.jsp
					  DynamicKitDisplay.jsp, PackageDisplay.jsp, ProductDisplay.jsp, 
					  SearchResultDisplay.jsp, SubCategoryPage.jsp, TopCategoryPage.jsp
					   , Footer.jsp , OrderCancelNotify.jsp , OrderCreateNotify.jsp
					  OrderShipmentNotify.jsp, AccountActivationNotify.jsp, PasswordChangeNotify.jsp,
					  PasswordResetNotify.jsp, WishlistCreateNotify.jsp,  LandingPage.jsp, 	
					  ShippingDetailDisplay.jsp, ShopCartDisplay.jsp, StaticContent, 
					  Static JSPs, Footer_UI.jsp, Header_UI.jsp, ProductDescription_UI.jsp  
					  UserTime-->
<div style="display:none" aria-hidden="true">[[RS_ERR_FOOTER_TIMEZONE]]</div>
<!-- BEGIN ContentRecommendation_UI.jspf -->
			<div id="contentRecommendationWidget_RS_ERR_FOOTER_TIMEZONE" class="contentRecommendationWidget" >
			<!-- BEGIN Content_UI.jspf -->

<div class="left_espot">
	
	
					<h2 class="title from-espot">Shopping with Us</h2>
<ul class="footer-links">
    <li>
        <a href="/a/a-national/promo/welcome-to-coles">
            New to Coles Online
        </a>
    </li>
    <li>
        <a href="/a/a-national/content/HOW-TO-VIDEOS" target="_self">
            Online Shopping Video Guides
        </a>
    </li>
    <li>
        <a href="/a/a-vic-metro-richmond-south/content/collection-information">
            Click&amp;Collect
        </a>
    </li>
    <li>
        <a href="/a/a-national/content/delivery-information">
            Delivery Information
        </a>
    </li>
    <li>
        <a href="/a/a-national/content/remote-delivery">
            Remote Delivery Information
        </a>
    </li>
    <li>
        <a href="/a/a-national/content/coles-online-for-business">
            Business Accounts and Orders
        </a>
    </li>
    <li>
        <a href="/a/a-national/content/orders-with-alcohol-and-tobacco">
            Orders with Liquor and Tobacco
        </a>
    </li>
    <li>
        <a href="/online/a-national/info/contact-us-by-email" class="hide-when-superbar" target="_self">
            Missing Items from your Order
        </a>
        <a href="#" data-colrs-open-draw="FEEDBACK" data-open-draw-view="DEFAULT" target="_self" class="show-when-superbar">
            Missing Items from your Order
        </a>
    </li>
    <li>
        <a href="/a/a-national/content/accessibility-help" target="_self">
            Accessibility Help
        </a>
    </li>
</ul>

				
	
</div>

<!-- END Content_UI.jspf -->
			</div>
		<!-- END ContentRecommendation_UI.jspf --><!-- END ContentRecommendation.jsp -->	                    
	        </div>
	    </div>
	
	    <div class="footer-col-wrapper links">
	        <div class="footer-col left">
				<!-- BEGIN Widgets_701/ContentRecommendation.jsp --><!-- JSPs References: HomePage.jsp, BundleDisplay.jsp , CategoryNavigationDisplay.jsp, CompareProductsDisplay.jsp
					  DynamicKitDisplay.jsp, PackageDisplay.jsp, ProductDisplay.jsp, 
					  SearchResultDisplay.jsp, SubCategoryPage.jsp, TopCategoryPage.jsp
					   , Footer.jsp , OrderCancelNotify.jsp , OrderCreateNotify.jsp
					  OrderShipmentNotify.jsp, AccountActivationNotify.jsp, PasswordChangeNotify.jsp,
					  PasswordResetNotify.jsp, WishlistCreateNotify.jsp,  LandingPage.jsp, 	
					  ShippingDetailDisplay.jsp, ShopCartDisplay.jsp, StaticContent, 
					  Static JSPs, Footer_UI.jsp, Header_UI.jsp, ProductDescription_UI.jsp  
					  UserTime-->
<div style="display:none" aria-hidden="true">[[RS_ERR_FOOTER_LINKS_LEFT]]</div>
<!-- BEGIN ContentRecommendation_UI.jspf -->
			<div id="contentRecommendationWidget_RS_ERR_FOOTER_LINKS_LEFT" class="contentRecommendationWidget" >
			<!-- BEGIN Content_UI.jspf -->

<div class="left_espot">
	
	
					<h2 class="title from-espot">Useful Links</h2>
                <ul class="footer-links">
                    <li>
                        <a href="/a/a-national/everything/search/Online-exclusive-savings">
                            Online Exclusives
                        </a>
                    </li>
                    <li>
                        <a href="/a/a-national/promo/weekly-recipes">
                            Recipe of the Week
                        </a>
                    </li>
                    <li>
                        <a href="https://www.coles.com.au/catalogues-and-specials/view-all-available-catalogues" target="_blank">
                            Coles Catalogue
                        </a>
                    </li>
                    <li>
                        <a href="https://www.coles.com.au/magazine" target="_blank">
                            Coles Magazine
                        </a>
                    </li>
                    <li>
                        <a href="https://www.coles.com.au/store-locator" target="_blank">
                            Store Locations and Hours
                        </a>
                    </li>
                    <li>
                        <a href="https://www.flybuys.com.au" target="_blank">
                            flybuys
                        </a>
                    </li>
                    <li>
                        <a href="/a/a-national/promo/WIN-Free-Delivery">
                            Competition Winners
                        </a>
                    </li>
                </ul>

<!-- Below button is used via target in header Mbox-->
<button data-colrs-open-draw="login_register" data-open-draw-view="LOGIN_OPTIONS" href="#" class="wb_bannerFoot__button" id="colttBtn">Get started<span class="accessibility-inline"> with Coles online. Sign up or log in.</span></button>

<button class="button" id="mbox-go-to-flybuys" data-colrs-open-draw="ACCOUNT" data-open-draw-view="FLYBUYS" style="display: none;">
    flybuys
</button>

<style type="text/css">
    .left_espot .wb_bannerFoot__button {
        display:none;
    }

</style>

<!-- CEXP MOV 80 -->
<!-- Sets MOV to $80 for certain stores defined in the script -->
<img src="/wcsstore/ColesResponsiveStorefrontAssetStore/images/pixel.png" onload="javascript:(function(){document.body.appendChild(document.createElement('script')).src='//www.coles.com.au/Portals/edm/colesonline/v7-img/scripts/cexp-mov-80.js';})();" style="display:none;" aria-hidden="true">

<!-- Load google font -->
<img src="/wcsstore/ColesResponsiveStorefrontAssetStore/images/pixel.png" onload="
    javascript:(function(){
        var googleFontLink = document.createElement('link');
            googleFontLink.href = 'https://fonts.googleapis.com/css?family=Source+Sans+Pro:400,700'
            googleFontLink.rel = 'stylesheet'
        document.head.appendChild(googleFontLink);
    })();" style="display:none;" aria-hidden="true" />

<!-- Section.io script -->
<img src="/wcsstore/ColesResponsiveStorefrontAssetStore/images/pixel.png" onload="
!function(g,s,q,r,d){r=g[r]=g[r]||function(){(r.q=r.q||[]).push( arguments)};d=s.createElement(q);q=s.getElementsByTagName(q)[0]; d.src='//d1l6p2sc9645hc.cloudfront.net/tracker.js';q.parentNode. insertBefore(d,q)}(window,document,'script','_gs'); _gs('GSN-452615-M'); _gs('set', 'anonymizeIP', true); 
   " style="display:none;" aria-hidden="true">
				
	
</div>

<!-- END Content_UI.jspf -->
			</div>
		<!-- END ContentRecommendation_UI.jspf --><!-- END ContentRecommendation.jsp -->
	        </div>
	        <div class="footer-col right">
				<!-- BEGIN Widgets_701/ContentRecommendation.jsp --><!-- JSPs References: HomePage.jsp, BundleDisplay.jsp , CategoryNavigationDisplay.jsp, CompareProductsDisplay.jsp
					  DynamicKitDisplay.jsp, PackageDisplay.jsp, ProductDisplay.jsp, 
					  SearchResultDisplay.jsp, SubCategoryPage.jsp, TopCategoryPage.jsp
					   , Footer.jsp , OrderCancelNotify.jsp , OrderCreateNotify.jsp
					  OrderShipmentNotify.jsp, AccountActivationNotify.jsp, PasswordChangeNotify.jsp,
					  PasswordResetNotify.jsp, WishlistCreateNotify.jsp,  LandingPage.jsp, 	
					  ShippingDetailDisplay.jsp, ShopCartDisplay.jsp, StaticContent, 
					  Static JSPs, Footer_UI.jsp, Header_UI.jsp, ProductDescription_UI.jsp  
					  UserTime-->
<div style="display:none" aria-hidden="true">[[RS_ERR_FOOTER_LINKS_RIGHT]]</div>
<!-- BEGIN ContentRecommendation_UI.jspf -->
			<div id="contentRecommendationWidget_RS_ERR_FOOTER_LINKS_RIGHT" class="contentRecommendationWidget" >
			<!-- BEGIN Content_UI.jspf -->

<div class="left_espot">
	
	
					<h2 class="title from-espot">Company Information</h2>
<ul class="footer-links">
    <li>
        <a href="https://www.coles.com.au/corporate-responsibility/sustainability/environment" target="_blank">
            Coles Waste and Recycling
        </a>
    </li>
    <li>
        <a href="https://www.coles.com.au/corporate-responsibility/sustainability/responsible-sourcing" target="_blank">
            Coles Responsible Sourcing
        </a>
    </li>
    <li>
        <a href="https://www.coles.com.au/customer-service/product-recalls" target="_blank">
            Product Recalls
        </a>
    </li>
    <li>
        <a href="/a/a-national/content/customer-agreement">
            Customer Agreement
        </a>
    </li>
    <li>
        <a href="https://www.coles.com.au/privacy" target="_blank">
            Privacy Policy
        </a>
    </li>
    <li>
        <a href="https://www.colescareers.com.au/retail-stores/in-store/online-shopping-delivery" target="_blank">
            Careers
        </a>
    </li>
</ul>

<style>
     @media screen and (max-width: 767px){
          .popup {min-width: initial;}
     }
</style>

<style>
    @media screen and (max-width: 519px){
        .is-promo.is-promo-large .promo-header {
            margin-top: 0;
        }
    }

    /* Fix red border in promo pages, remove it when all the promo contents have been updated */
    .main-content .header {
        border-bottom: none!important;
    }

    /* Fix IE images */
    .is-promo .fluid-images .promo-body {
        align-items: center;
    }
    .is-promo .fluid-images .promo-body img.main-image {
        flex-shrink: 0;
    }

    .page-product-detail .product-title {
        max-height: none;
    }

    /* Backgrounds for product on bench tiles */
    .tile-product-on-bench.bbq-light {
        background-image: url('/wcsstore/ColesResponsiveStorefrontAssetStore/images/backgrounds/tile/bbq-light.jpg');
    }
    .tile-product-on-bench.bbq-dark {
        background-image: url('/wcsstore/ColesResponsiveStorefrontAssetStore/images/backgrounds/tile/bbq-dark.jpg');
    }
    .tile-product-on-bench.backyard-light {
        background-image: url('/wcsstore/ColesResponsiveStorefrontAssetStore/images/backgrounds/tile/backyard-light.jpg');
    }
    .tile-product-on-bench.backyard-dark {
        background-image: url('/wcsstore/ColesResponsiveStorefrontAssetStore/images/backgrounds/tile/backyard-dark.jpg');
    }
    .tile-product-on-bench.kitchen-light {
        background-image: url('/wcsstore/ColesResponsiveStorefrontAssetStore/images/backgrounds/tile/kitchen-light.jpg');
    }
    .tile-product-on-bench.kitchen-dark {
        background-image: url('/wcsstore/ColesResponsiveStorefrontAssetStore/images/backgrounds/tile/kitchen-dark.jpg');
    }
    .tile-product-on-bench.laundry-light {
        background-image: url('/wcsstore/ColesResponsiveStorefrontAssetStore/images/backgrounds/tile/laundry-light.jpg');
    }
    .tile-product-on-bench.laundry-dark {
        background-image: url('/wcsstore/ColesResponsiveStorefrontAssetStore/images/backgrounds/tile/laundry-dark.jpg');
    }
    .tile-product-on-bench.bathroom-light {
        background-image: url('/wcsstore/ColesResponsiveStorefrontAssetStore/images/backgrounds/tile/bathroom-light.jpg');
    }
    .tile-product-on-bench.bathroom-dark {
        background-image: url('/wcsstore/ColesResponsiveStorefrontAssetStore/images/backgrounds/tile/bathroom-dark.jpg'); 
    }

</style>
				
	
</div>

<!-- END Content_UI.jspf -->
			</div>
		<!-- END ContentRecommendation_UI.jspf --><!-- END ContentRecommendation.jsp -->
	        </div>
	    </div>
	    
		<div class="footer-col-wrapper">
		    <div class="footer-col copyright">
		        <ul>
		            <li>
		            	&copy; Copyright Coles 2015
		            </li>
		        </ul>
		    </div> 
		</div>
	</div>
</div>


</script>

<script type="text/ng-template" id="/online/COLRSCheckoutFooter?storeId=20501&amp;catalogId=27101&amp;langId=-1&amp;requesttype=ajax">
	

<div class="footer-inner-wrapper" data-colrs-enhance-links>
	<div class="footer-row">
    	<div class="footer-col-wrapper">
        	<div class="footer-col left">
            	<!-- BEGIN Widgets_701/ContentRecommendation.jsp --><!-- JSPs References: HomePage.jsp, BundleDisplay.jsp , CategoryNavigationDisplay.jsp, CompareProductsDisplay.jsp
					  DynamicKitDisplay.jsp, PackageDisplay.jsp, ProductDisplay.jsp, 
					  SearchResultDisplay.jsp, SubCategoryPage.jsp, TopCategoryPage.jsp
					   , Footer.jsp , OrderCancelNotify.jsp , OrderCreateNotify.jsp
					  OrderShipmentNotify.jsp, AccountActivationNotify.jsp, PasswordChangeNotify.jsp,
					  PasswordResetNotify.jsp, WishlistCreateNotify.jsp,  LandingPage.jsp, 	
					  ShippingDetailDisplay.jsp, ShopCartDisplay.jsp, StaticContent, 
					  Static JSPs, Footer_UI.jsp, Header_UI.jsp, ProductDescription_UI.jsp  
					  UserTime-->
<div style="display:none" aria-hidden="true">[[RS_FOOTER_CONTACTUS]]</div>
<!-- BEGIN ContentRecommendation_UI.jspf -->
			<div id="contentRecommendationWidget_RS_FOOTER_CONTACTUS" class="contentRecommendationWidget" >
			<!-- BEGIN Content_UI.jspf -->

<div class="left_espot">
	
	
					<!-- Fix for unsafe sms link -->
<img src="/wcsstore/ColesResponsiveStorefrontAssetStore/images/pixel.png" onload="javascript:(function(){ var textUsLink = document.getElementById('text-us-link'); if(document.body.contains(textUsLink)) { textUsLink.setAttribute('href', 'sms:0429989656');}})();" style="display:none;" aria-hidden="true">

<h2 class="title from-espot">Help</h2>
<div id="colrs-sw-prodl-espot-checkout-footer" mbox="" data-mboxname="colrs-sw-prodl-espot-checkout-footer" class="at-element-marker"></div>
<div class="footer-text">
    <a href="/a/a-national/content/faqs" target="_self">
        Frequently Asked Questions
    </a>
</div>
<h2 class="title from-espot sndtitle">Contact Us</h2>
<div class="footer-text">
    <p>
        Call us on
        <a href="tel:1800455400" class="red-link">
            1800 455 400
        </a>
    </p>
	<p>
        Text us on
        <a href="sms:0429989656" id="text-us-link" class="red-link">
            0429 989 656
        </a>
		*
    </p>
	<p>* Please include your full name, your email address and your order ID (if you have one) in your first text to us.</p>
</div>

<h3 class="sub-title">Customer Care Hours</h3>
<ul class="open-days">
    <li><span class="open-day">Weekdays</span> <span class="open-time">8am - Midnight</span></li>
    <li><span class="open-day">Saturday</span> <span class="open-time">7am - 10pm</span></li>
    <li><span class="open-day">Sunday</span> <span class="open-time">8am - 10pm</span></li>
</ul>
<div class="time-zone">
    <span>
        <span role="text">All times are <span aria-hidden="true"><abbr class="ccAbr" title="Australian Eastern Daylight Standard Time">AEST</abbr></span><span class="accessibility">Australian Eastern Daylight Standard Time</span></span>
    </span>
	
</div>
<div class="head-address">
	<span>
        <span role="text">Coles Group Limited (Coles Online) Hawthorn East, Victoria, Australia 3123</span>
    </span>
</div>
<style>
    .footer .hide-when-superbar{
        display: inline;
    }

    .footer .show-when-superbar{
        display: none;
    }

    .has-draw .footer .hide-when-superbar{
        display: none;
    }

    .has-draw .footer .show-when-superbar{
        display: inline;
    }

    .footer .footer-col-wrapper .footer-col .title:not(.from-espot){
        display: none!important;
    }

    .footer .sub-title {
        font-size: 13px;
        font-weight: bold;
        color: #5c5c5c;
        margin-bottom: 6px;
    }

    .footer .footer-col-wrapper .footer-col .title.from-espot {
        margin-bottom: 10px;
    }

   .footer .footer-col-wrapper .footer-col .title.from-espot.sndtitle {
        margin-top: 20px;
        margin-bottom: 6px;
   }
    .footer .footer-col-wrapper .footer-col .title.contact {
        margin-top: 25px;
        margin-bottom: 10px;
    }

    .footer .footer-text {
        margin-top: 0;
        margin-bottom: 5px;
    }

    .footer .footer-text p {
        margin: 0 0 5px;
    }

    .footer .footer-text a {
        text-decoration: none;
        border-bottom: 1px solid #aaa;
        font-weight: bold;
        color: #5c5c5c;
    }
	
    .footer .footer-text a:hover {
        border-bottom: 1px solid #6d6d6d;
    }

    .footer .footer-text a:focus {
        outline: 1px dotted #6d6d6d;
        border-bottom: 1px solid #6d6d6d;
    }
	.footer .footer-text .red-link{
		color:#e01a22;
		font-size:15px !important;
		border-bottom: 1px solid #e01a22;
	}
	.footer .footer-text .red-link:hover{
		border-bottom: 1px solid #e01a22;
	}
	.footer .footer-text .red-link:focus {
		outline: 1px dotted #e01a22;
        border-bottom: 1px solid #e01a22;
	}
    .footer .footer-col-wrapper.links {
        padding-top: 0;
    }
    .footer .footer-col-wrapper .footer-col .footer-links li {
        margin-bottom: 10px;
    }
    
    @media (min-width: 1200px) {
        .footer .footer-col-wrapper .footer-col .footer-links li {
            margin-bottom: 10px;
        }
    }
    @media (min-width: 1420px) {
        .footer .footer-col-wrapper .footer-col .footer-links li {
            margin-bottom: 10px;
        }
    }

    .footer .footer-col-wrapper .footer-col .open-days li {
        margin-bottom: 5px;
    }

    .footer .footer-col-wrapper .time-zone {
        margin-bottom: 15px;
    }

    .footer .footer-col-wrapper .footer-col.copyright {
    margin-top: 0;
    }

    @media (max-width: 1420px) {
        .footer .footer-col-wrapper .footer-col.copyright {
            margin-top: -30px;
        }
    }

    @media (max-width: 1200px) {
        .footer .footer-col-wrapper .footer-col.copyright {
            margin-top: 10px;
        }
    }

    @media (max-width: 1045px) and (min-width: 1026px) {
        .footer .footer-col-wrapper .footer-col.copyright {
            margin-top: 10px !important;
        }
    }

    @media (max-width: 940px) {
        .footer .footer-col-wrapper .footer-col.copyright {
            margin-top: 10px !important;
        }
    }
    @media (max-width: 1420px) {
        .page-full-width .footer .footer-col-wrapper .footer-col.copyright {
            margin-top: 0;
        }
    }
    @media (max-width: 767px) {
        .footer .footer-col-wrapper .footer-col .title.from-espot {
            font-size: 15px;
        }
       .footer .footer-col-wrapper .footer-col .sub-title {
            font-size: 13px;
       }
    }
</style>
				
	
</div>

<!-- END Content_UI.jspf -->
			</div>
		<!-- END ContentRecommendation_UI.jspf --><!-- END ContentRecommendation.jsp -->
             </div>
             <div class="footer-col right">
               	<!-- BEGIN Widgets_701/ContentRecommendation.jsp --><!-- JSPs References: HomePage.jsp, BundleDisplay.jsp , CategoryNavigationDisplay.jsp, CompareProductsDisplay.jsp
					  DynamicKitDisplay.jsp, PackageDisplay.jsp, ProductDisplay.jsp, 
					  SearchResultDisplay.jsp, SubCategoryPage.jsp, TopCategoryPage.jsp
					   , Footer.jsp , OrderCancelNotify.jsp , OrderCreateNotify.jsp
					  OrderShipmentNotify.jsp, AccountActivationNotify.jsp, PasswordChangeNotify.jsp,
					  PasswordResetNotify.jsp, WishlistCreateNotify.jsp,  LandingPage.jsp, 	
					  ShippingDetailDisplay.jsp, ShopCartDisplay.jsp, StaticContent, 
					  Static JSPs, Footer_UI.jsp, Header_UI.jsp, ProductDescription_UI.jsp  
					  UserTime-->
<div style="display:none" aria-hidden="true">[[RS_CUSTOMER_SERVICE_AVAILABILITY]]</div>
<!-- END ContentRecommendation.jsp --><!-- BEGIN Widgets_701/ContentRecommendation.jsp --><!-- JSPs References: HomePage.jsp, BundleDisplay.jsp , CategoryNavigationDisplay.jsp, CompareProductsDisplay.jsp
					  DynamicKitDisplay.jsp, PackageDisplay.jsp, ProductDisplay.jsp, 
					  SearchResultDisplay.jsp, SubCategoryPage.jsp, TopCategoryPage.jsp
					   , Footer.jsp , OrderCancelNotify.jsp , OrderCreateNotify.jsp
					  OrderShipmentNotify.jsp, AccountActivationNotify.jsp, PasswordChangeNotify.jsp,
					  PasswordResetNotify.jsp, WishlistCreateNotify.jsp,  LandingPage.jsp, 	
					  ShippingDetailDisplay.jsp, ShopCartDisplay.jsp, StaticContent, 
					  Static JSPs, Footer_UI.jsp, Header_UI.jsp, ProductDescription_UI.jsp  
					  UserTime-->
<div style="display:none" aria-hidden="true">[[RS_CO_FOOTER_TIMEZONE]]</div>
<!-- BEGIN ContentRecommendation_UI.jspf -->
			<div id="contentRecommendationWidget_RS_CO_FOOTER_TIMEZONE" class="contentRecommendationWidget" >
			<!-- BEGIN Content_UI.jspf -->

<div class="left_espot">
	
	
					<h2 class="title from-espot">Shopping with Us</h2>
<ul class="footer-links">
    <li>
        <a href="/a/a-national/promo/welcome-to-coles">
            New to Coles Online
        </a>
    </li>
    <li>
        <a href="/a/a-national/content/HOW-TO-VIDEOS" target="_self">
            Online Shopping Video Guides
        </a>
    </li>
    <li>
        <a href="/a/a-vic-metro-richmond-south/content/collection-information">
            Click&amp;Collect
        </a>
    </li>
    <li>
        <a href="/a/a-vic-metro-richmond-south/content/delivery-information">
            Delivery Information
        </a>
    </li>
   <li>
        <a href="/a/a-national/content/remote-delivery">
            Remote Delivery Information
        </a>
    </li>
   <!-- <li>
        <a href="/a/a-vic-metro-richmond-south/content/delivery-plus">
            Delivery Plus
        </a>
    </li>-->
    <li>
        <a href="/a/a-national/content/coles-online-for-business">
            Business Accounts and Orders
        </a>
    </li>
    <li>
        <a href="/a/a-national/content/orders-with-alcohol-and-tobacco">
            Orders with Liquor and Tobacco
        </a>
    </li>
    <li>
        <a href="/online/a-national/info/contact-us-by-email" class="hide-when-superbar" target="_self">
            Missing Items from your Order
        </a>
        <a href="#" data-colrs-open-draw="FEEDBACK" data-open-draw-view="DEFAULT" target="_self" class="show-when-superbar">
            Missing Items from your Order
        </a>
    </li>
    <li>
        <a href="/a/a-national/content/accessibility-help" target="_self">
            Accessibility Help
        </a>
    </li>
	<li>
        <a href="#" data-colrs-open-draw="FEEDBACK" data-open-draw-view="DEFAULT" target="_self">
            Liquor Self Exclusion
        </a>
    </li>
</ul>

				
	
</div>

<!-- END Content_UI.jspf -->
			</div>
		<!-- END ContentRecommendation_UI.jspf --><!-- END ContentRecommendation.jsp -->	                    
             </div>
         </div>

		<div class="footer-col-wrapper links">
			<div class="footer-col left">
				<!-- BEGIN Widgets_701/ContentRecommendation.jsp --><!-- JSPs References: HomePage.jsp, BundleDisplay.jsp , CategoryNavigationDisplay.jsp, CompareProductsDisplay.jsp
					  DynamicKitDisplay.jsp, PackageDisplay.jsp, ProductDisplay.jsp, 
					  SearchResultDisplay.jsp, SubCategoryPage.jsp, TopCategoryPage.jsp
					   , Footer.jsp , OrderCancelNotify.jsp , OrderCreateNotify.jsp
					  OrderShipmentNotify.jsp, AccountActivationNotify.jsp, PasswordChangeNotify.jsp,
					  PasswordResetNotify.jsp, WishlistCreateNotify.jsp,  LandingPage.jsp, 	
					  ShippingDetailDisplay.jsp, ShopCartDisplay.jsp, StaticContent, 
					  Static JSPs, Footer_UI.jsp, Header_UI.jsp, ProductDescription_UI.jsp  
					  UserTime-->
<div style="display:none" aria-hidden="true">[[RS_CO_FOOTER_LINKS_LEFT]]</div>
<!-- BEGIN ContentRecommendation_UI.jspf -->
			<div id="contentRecommendationWidget_RS_CO_FOOTER_LINKS_LEFT" class="contentRecommendationWidget" >
			<!-- BEGIN Content_UI.jspf -->

<div class="left_espot">
	
	
					<h2 class="title from-espot">Useful Links</h2>
                <ul class="footer-links">
                    <li>
                        <a href="/a/a-national/everything/search/Online-exclusive-savings">
                            Online Exclusives
                        </a>
                    </li>
                    <li>
                        <a href="/a/a-national/promo/weekly-recipes">
                            Recipe of the Week
                        </a>
                    </li>
                    <li>
                        <a href="https://www.coles.com.au/catalogues-and-specials/view-all-available-catalogues" target="_blank">
                            Coles Catalogue
                        </a>
                    </li>
                    <li>
                        <a href="https://www.coles.com.au/magazine" target="_blank">
                            Coles Magazine
                        </a>
                    </li>
                    <li>
                        <a href="https://www.coles.com.au/store-locator" target="_blank">
                            Store Locations and Hours
                        </a>
                    </li>
                    <li>
                        <a href="https://www.flybuys.com.au" target="_blank">
                            flybuys
                        </a>
                    </li>
                    <li>
                        <a href="/a/a-national/promo/WIN-Free-Delivery">
                            Competition Winners
                        </a>
                    </li>
                </ul>

<!-- Below button is used via target in header Mbox-->
<button data-colrs-open-draw="login_register" data-open-draw-view="LOGIN_OPTIONS" href="#" class="wb_bannerFoot__button" id="colttBtn">Get started<span class="accessibility-inline"> with Coles online. Sign up or log in.</span></button>

<button class="button" id="mbox-go-to-flybuys" data-colrs-open-draw="ACCOUNT" data-open-draw-view="FLYBUYS" style="display: none;">
    flybuys
</button>

<style type="text/css">
    .left_espot .wb_bannerFoot__button {
        display:none;
    }

</style>

<!-- CEXP MOV 80 -->
<!-- Sets MOV to $80 for certain stores defined in the script -->
<img src="/wcsstore/ColesResponsiveStorefrontAssetStore/images/pixel.png" onload="javascript:(function(){document.body.appendChild(document.createElement('script')).src='//www.coles.com.au/Portals/edm/colesonline/v7-img/scripts/cexp-mov-80.js';})();" style="display:none;" aria-hidden="true">

<!-- Load google font -->
<img src="/wcsstore/ColesResponsiveStorefrontAssetStore/images/pixel.png" onload="
    javascript:(function(){
        var googleFontLink = document.createElement('link');
            googleFontLink.href = 'https://fonts.googleapis.com/css?family=Source+Sans+Pro:400,700'
            googleFontLink.rel = 'stylesheet'
        document.head.appendChild(googleFontLink);
    })();" style="display:none;" aria-hidden="true" />

<!-- Section.io script -->
<img src="/wcsstore/ColesResponsiveStorefrontAssetStore/images/pixel.png" onload="
!function(g,s,q,r,d){r=g[r]=g[r]||function(){(r.q=r.q||[]).push( arguments)};d=s.createElement(q);q=s.getElementsByTagName(q)[0]; d.src='//d1l6p2sc9645hc.cloudfront.net/tracker.js';q.parentNode. insertBefore(d,q)}(window,document,'script','_gs'); _gs('GSN-452615-M'); _gs('set', 'anonymizeIP', true); 
   " style="display:none;" aria-hidden="true">
				
	
</div>

<!-- END Content_UI.jspf -->
			</div>
		<!-- END ContentRecommendation_UI.jspf --><!-- END ContentRecommendation.jsp -->
			</div>
      		<div class="footer-col right">
            	<!-- BEGIN Widgets_701/ContentRecommendation.jsp --><!-- JSPs References: HomePage.jsp, BundleDisplay.jsp , CategoryNavigationDisplay.jsp, CompareProductsDisplay.jsp
					  DynamicKitDisplay.jsp, PackageDisplay.jsp, ProductDisplay.jsp, 
					  SearchResultDisplay.jsp, SubCategoryPage.jsp, TopCategoryPage.jsp
					   , Footer.jsp , OrderCancelNotify.jsp , OrderCreateNotify.jsp
					  OrderShipmentNotify.jsp, AccountActivationNotify.jsp, PasswordChangeNotify.jsp,
					  PasswordResetNotify.jsp, WishlistCreateNotify.jsp,  LandingPage.jsp, 	
					  ShippingDetailDisplay.jsp, ShopCartDisplay.jsp, StaticContent, 
					  Static JSPs, Footer_UI.jsp, Header_UI.jsp, ProductDescription_UI.jsp  
					  UserTime-->
<div style="display:none" aria-hidden="true">[[RS_CO_FOOTER_LINKS_RIGHT]]</div>
<!-- BEGIN ContentRecommendation_UI.jspf -->
			<div id="contentRecommendationWidget_RS_CO_FOOTER_LINKS_RIGHT" class="contentRecommendationWidget" >
			<!-- BEGIN Content_UI.jspf -->

<div class="left_espot">
	
	
					<h2 class="title from-espot">Company Information</h2>
<ul class="footer-links">
    <li>
        <a href="https://www.coles.com.au/corporate-responsibility/sustainability/environment" target="_blank">
            Coles Waste and Recycling
        </a>
    </li>
    <li>
        <a href="https://www.coles.com.au/corporate-responsibility/sustainability/responsible-sourcing" target="_blank">
            Coles Responsible Sourcing
        </a>
    </li>
    <li>
        <a href="https://www.coles.com.au/customer-service/product-recalls" target="_blank">
            Product Recalls
        </a>
    </li>
    <li>
        <a href="/a/a-national/content/customer-agreement">
            Customer Agreement
        </a>
    </li>
    <li>
        <a href="https://www.coles.com.au/privacy" target="_blank">
            Privacy Policy
        </a>
    </li>
    <li>
        <a href="https://www.colescareers.com.au/retail-stores/in-store/online-shopping-delivery" target="_blank">
            Careers
        </a>
    </li>
</ul>

<style>
     @media screen and (max-width: 767px){
          .popup {min-width: initial;}
     }
</style>

<style>
    @media screen and (max-width: 519px){
        .is-promo.is-promo-large .promo-header {
            margin-top: 0;
        }
    }

    /* Fix red border in promo pages, remove it when all the promo contents have been updated */
    .main-content .header {
        border-bottom: none!important;
    }

    /* Fix IE images */
    .is-promo .fluid-images .promo-body {
        align-items: center;
    }
    .is-promo .fluid-images .promo-body img.main-image {
        flex-shrink: 0;
    }

    .page-product-detail .product-title {
        max-height: none;
    }

    /* Backgrounds for product on bench tiles */
    .tile-product-on-bench.bbq-light {
        background-image: url('/wcsstore/ColesResponsiveStorefrontAssetStore/images/backgrounds/tile/bbq-light.jpg');
    }
    .tile-product-on-bench.bbq-dark {
        background-image: url('/wcsstore/ColesResponsiveStorefrontAssetStore/images/backgrounds/tile/bbq-dark.jpg');
    }
    .tile-product-on-bench.backyard-light {
        background-image: url('/wcsstore/ColesResponsiveStorefrontAssetStore/images/backgrounds/tile/backyard-light.jpg');
    }
    .tile-product-on-bench.backyard-dark {
        background-image: url('/wcsstore/ColesResponsiveStorefrontAssetStore/images/backgrounds/tile/backyard-dark.jpg');
    }
    .tile-product-on-bench.kitchen-light {
        background-image: url('/wcsstore/ColesResponsiveStorefrontAssetStore/images/backgrounds/tile/kitchen-light.jpg');
    }
    .tile-product-on-bench.kitchen-dark {
        background-image: url('/wcsstore/ColesResponsiveStorefrontAssetStore/images/backgrounds/tile/kitchen-dark.jpg');
    }
    .tile-product-on-bench.laundry-light {
        background-image: url('/wcsstore/ColesResponsiveStorefrontAssetStore/images/backgrounds/tile/laundry-light.jpg');
    }
    .tile-product-on-bench.laundry-dark {
        background-image: url('/wcsstore/ColesResponsiveStorefrontAssetStore/images/backgrounds/tile/laundry-dark.jpg');
    }
    .tile-product-on-bench.bathroom-light {
        background-image: url('/wcsstore/ColesResponsiveStorefrontAssetStore/images/backgrounds/tile/bathroom-light.jpg');
    }
    .tile-product-on-bench.bathroom-dark {
        background-image: url('/wcsstore/ColesResponsiveStorefrontAssetStore/images/backgrounds/tile/bathroom-dark.jpg'); 
    }

</style>
				
	
</div>

<!-- END Content_UI.jspf -->
			</div>
		<!-- END ContentRecommendation_UI.jspf --><!-- END ContentRecommendation.jsp -->
			</div>
		</div>
         
		<div class="footer-col-wrapper">
		    <div class="footer-col copyright">
		        <ul>
		            <li>&copy; Copyright Coles 2015</li>
		        </ul>
		    </div> 
		</div>
	</div>
</div>


</script>


<script type="text/ng-template" id="/online/COLRSFeedbackFormSuperbarTemplate?storeId=20201&amp;langId=-1&amp;requesttype=ajax">
	

<div class="view view-feedback colrs-animate" data-colrs-analytics-superbar-feedback data-colrs-trap-focus>
	<p class="accessibility" tabindex="0" data-colrs-trap-initial>
		Pop up box displayed Help / Support
	</p>		
	<h1 class="accessibility">
		Help / Support
	</h1>
	<a href="#" class="hidden-close-draw focus-outline" data-ng-click="close()">
		Close this pop up dialog box
	</a> 
	<div class="draw-content-body" tabindex="1">
		
<div style="display:none" aria-hidden="true">[[RS_DRAW_FEEDBACK_LINK]]</div>

	<div colrs-iframe
			class="iframe" 
		iframesrc=&#034;https://colessupermarkets.formstack.com/forms/coles_feedback_form_responsive&#034; iframetitle=&#034;General Feedback Form&#034;
	>
		<!-- BEGIN Widgets_701/ContentRecommendation.jsp --><!-- JSPs References: HomePage.jsp, BundleDisplay.jsp , CategoryNavigationDisplay.jsp, CompareProductsDisplay.jsp
					  DynamicKitDisplay.jsp, PackageDisplay.jsp, ProductDisplay.jsp, 
					  SearchResultDisplay.jsp, SubCategoryPage.jsp, TopCategoryPage.jsp
					   , Footer.jsp , OrderCancelNotify.jsp , OrderCreateNotify.jsp
					  OrderShipmentNotify.jsp, AccountActivationNotify.jsp, PasswordChangeNotify.jsp,
					  PasswordResetNotify.jsp, WishlistCreateNotify.jsp,  LandingPage.jsp, 	
					  ShippingDetailDisplay.jsp, ShopCartDisplay.jsp, StaticContent, 
					  Static JSPs, Footer_UI.jsp, Header_UI.jsp, ProductDescription_UI.jsp  
					  UserTime-->
<div style="display:none" aria-hidden="true">[[RS_DRAW_FEEDBACK_ERROR]]</div>
<!-- END ContentRecommendation.jsp -->
	</div>
	
	</div>
	<span class="accessibility" tabindex="0" data-colrs-trap-last>
		End of pop up dialog box
	</span>
</div>


</script>




<script type="text/ng-template" id="/online/COLRSPlaceholderMessageTemplate?storeId=20201&amp;langId=-1&amp;requesttype=ajax">
	<div class="alert is-bottom-left">
    <div class="alert-wrapper" ng-class="$isError ? 'alert-error':'alert-warning'">
        <div class="alert-content">
             <svg focusable="false" class="icon icon-not-available" role="presentation" aria-hidden="true">
                <use xlink:href="#icon-not-available" />
             </svg>
            <h2 class="alert-heading" data-ng-bind="messageVM.message"></h2>
            <p data-ng-show="messageVM.displayCountdown">Trying again in <span data-ng-bind="messageVM.timeToRetry"></span></p>
            <p data-ng-hide="messageVM.displayCountdown">Retrying...</p>
            <div class="alert-buttons-wrapper">
			    <button class="button"> 
			        <svg focusable="false" class="icon icon-refresh" role="presentation" aria-hidden="true">
			            <use xmlns:xlink="http://www.w3.org/1999/xlink" xlink:href="#icon-refresh"></use>
			        </svg>
			    Try again now</button>
			    <button class="button">
			        <svg focusable="false" class="icon icon-cross" role="presentation" aria-hidden="true">
			            <use xmlns:xlink="http://www.w3.org/1999/xlink" xlink:href="#icon-cross"></use>
			        </svg>
			        Give up
			    </button>
			</div>
        </div>
    </div>
</div>

</script>

<script type="text/ng-template" id="/online/COLRSRetriableMessageTemplate?storeId=20201&amp;langId=-1&amp;requesttype=ajax">
	
<div class="alert" data-ng-class="{'is-visible':messagePanelVM.isVisible != null}"
		data-colrs-trap-focus data-trap-is-hidden="!messagePanelVM.isVisible" data-trap-allows-external="true" >
     
     <div class="alert-wrapper" data-ng-if="messagePanelVM.isVisible">
     	<span class="arrow" data-ng-if="messagePanelVM.showArrow"></span>
     
        <div class="alert-content">
        	<svg focusable="false" class="icon {{messagePanelVM.messages.message.icon}}" data-ng-if="messagePanelVM.messages.message.icon" role="presentation" aria-hidden="true">
                <use data-ng-attr-xlink:href="{{'#'+messagePanelVM.messages.message.icon}}" xlink:href=""/>
             </svg>
           	
         	<div class="accessibility">Start of alert</div>
         	
          	<p role="text" data-colrs-trap-initial data-colrs-trap-first>
           		<span class="accessibility-inline">
           			Alert.
				</span>
           		<span>{{messagePanelVM.messages.message.title}}</span>
	        </p>
            
            <p data-colrs-trap-last>{{messagePanelVM.messages.message.text}}</p>
            
            <div data-ng-if="messagePanelVM.isRetriable">
	            <div data-ng-if="messagePanelVM.messages.message.retryTicks > 0 && !messagePanelVM.retryFailed && !messagePanelVM.retrying">
		            <div>
		            	<p role="text">Trying again in <strong data-ng-bind="messagePanelVM.messages.message.retryTicks"></strong>&nbsp;<span class="accessibility-inline">seconds</span></p>
		            	<div class="alert-buttons-wrapper">
						    <button class="button" data-ng-click="messagePanelVM.retry()"><svg focusable="false" class="icon icon-refresh" role="presentation" aria-hidden="true">
						            <use xmlns:xlink="http://www.w3.org/1999/xlink" xlink:href="#icon-refresh"></use>
						        </svg>{{(messagePanelVM.messages.message.options.retry.text)?messagePanelVM.messages.message.options.retry.text:'Try again now'}}</button>
						    <button class="button" data-ng-click="messagePanelVM.cancel()"><svg focusable="false" class="icon icon-cross" role="presentation" aria-hidden="true">
						            <use xmlns:xlink="http://www.w3.org/1999/xlink" xlink:href="#icon-cross"></use>
						        </svg>{{(messagePanelVM.messages.message.options.cancel.text)?messagePanelVM.messages.message.options.cancel.text:'Give up'}}     
						    </button>
						</div>
		            </div>
	           	</div>
	           	
	            <div data-ng-if="messagePanelVM.retrying" aria-hidden="true">
	            	<p class="alert-retry">Retrying<span aria-hidden="true">...</span></p>
	           	</div>
	           	<div data-ng-if="messagePanelVM.retryFailed" aria-hidden="true">
	            	<p class="alert-retry">Retry failed</p>
	            </div>
           	</div>
           	<div class="alert-buttons-wrapper" data-ng-hide="messagePanelVM.isRetriable">
         		<button class="button" data-ng-click="messagePanelVM.acknowledge(button.action)" 
         				data-ng-repeat="button in messagePanelVM.messages.message.buttons" data-colrs-trap-last>
         			{{(button.text)}}
         		</button>
         	</div>
         	<div class="accessibility">End of alert</div>
        </div>
    </div> 
</div>

</script>

<script type="text/ng-template" id="/online/COLRS404MessageTemplate?storeId=20201&amp;langId=-1&amp;requesttype=ajax">
	
<div class="alert alert-slot-reservation is-bottom-left">
    <div class="alert-wrapper alert-warning">
        <div class="alert-content">
            <svg focusable="false" class="icon icon-alert" role="presentation" aria-hidden="true">
                <use xlink:href="#icon-alert" />
             </svg>
            <h2 class="alert-heading" data-ng-bind="messageVM.message"></h2>
            <p><span data-ng-bind="messageVM.messageDesc"></span></p>
            <div class="alert-buttons-wrapper">
                <button class="button" onclick="javascript:history.back(1);return false;"> 
                    <svg focusable="false" class="icon icon-refresh" role="presentation" aria-hidden="true">
                        <use xlink:href="#icon-refresh" />
                    </svg>Back to Coles Online
                </button>
            </div>
        </div>
    </div>
</div>

</script>

<script type="text/ng-template" id="/online/COLRS406MessageTemplate?storeId=20201&amp;langId=-1&amp;requesttype=ajax">
	<span data-ng-bind="messageVM.getMessage()" style="display:none;"></span>
<div class="alert alert-slot-reservation is-bottom-left">
    <div class="alert-wrapper alert-warning">
        <div class="alert-content">
            <svg focusable="false" class="icon icon-alert" role="presentation" aria-hidden="true">
                <use xlink:href="#icon-alert" />
             </svg>
            <h2 class="alert-heading">Huh, script injection. What is this, 1994?</h2>
            <p><span>It looks like you're trying to do something naughty. Please stop.</span></p>
            <div class="alert-buttons-wrapper">
                <button class="button" onclick="javascript:history.back(1);return false;"> 
                    <svg focusable="false" class="icon icon-refresh" role="presentation" aria-hidden="true">
                        <use xlink:href="#icon-refresh" />
                    </svg>Back to Coles Online
                </button>
            </div>
        </div>
    </div>
</div>

</script>

<script type="text/ng-template" id="/online/COLRS500MessageTemplate?storeId=20201&amp;langId=-1&amp;requesttype=ajax">
	<span data-ng-bind="messageVM.getMessage()" style="display:none;"></span>
<div class="alert alert-slot-reservation is-bottom-left">
    <div class="alert-wrapper alert-warning">
        <div class="alert-content">
            <svg focusable="false" class="icon icon-alert" role="presentation" aria-hidden="true">
                <use xlink:href="#icon-alert" />
             </svg>
            <h2>Oh dear, something has gone wrong</h2>
            <p><span>Coles Online is currently unavailable. Please try again soon, or contact support if you need help.</span></p>
            <div class="alert-buttons-wrapper">
                <button class="button"> 
                    <svg focusable="false" class="icon icon-refresh" role="presentation" aria-hidden="true">
                        <use xlink:href="#icon-refresh" />
                    </svg>Ok
                </button>
            </div>
        </div>
    </div>
</div>

</script>

<script type="text/ng-template" id="/online/COLRSTrolleySuperbarTemplate?storeId=20201&amp;langId=-1&amp;requesttype=ajax">
	

<div class="view view-trolley colrs-animate ng-enter" tabindex="-1" data-colrs-hidden-scrollbar-class="no-extra-padding" 
	data-colrs-trolley data-colrs-trap-focus>
	
	<div id="colrs-sw-prodl-superbar-trolley-has-items-dir" mbox
		 data-mboxname="colrs-sw-prodl-superbar-trolley-has-items" class="mboxDefault" data-ng-if="trolleyVM.trolley.hasItems">	
	</div>
	
	<div id="colrs-sw-prodl-superbar-trolley-has-no-items-dir" mbox
		 data-mboxname="colrs-sw-prodl-superbar-trolley-has-no-items" class="mboxDefault" data-ng-if="!trolleyVM.trolley.hasItems && trolleyVM.user.isAuthenticated">	
	</div>
	
	<div id="colrs-sw-prodl-superbar-trolley-guest-dir" mbox
		 data-mboxname="colrs-sw-prodl-superbar-trolley-guest" class="mboxDefault" data-ng-if="!trolleyVM.trolley.hasItems && trolleyVM.user.isGuest">	
	</div>	
	
	<span class="accessibility" tabindex="-1"> 
		Start of pop up dialog box
	</span>
	
	<p id="trolley" class="accessibility" tabindex="-1" data-colrs-trap-initial data-colrs-trap-first>
		Pop up box displayed Trolley
	</p>
	<div data-ng-if="!trolleyVM.trolley.hasItems">
		<h1 class="accessibility">
			Trolley 
		</h1>
		<a href="#" class="hidden-close-trolley focus-outline" data-ng-click="close()">
			Close this pop up dialog box
		</a>				
	</div>		
	<div class="draw-content-header clear" data-ng-if="trolleyVM.trolley.hasItems">
		<h1 class="heading" id="superbar-heading" tabindex="-1">
			Trolley 
		</h1>
		<a href="#" class="hidden-close-trolley focus-outline" data-ng-click="close()">
			Close this pop up dialog box
		</a>				
		
		<div class="sort-trolley-wrapper" data-colrs-trolley-sort></div>
		
		<div class="trolley-summary-wrapper">
			<span role="text">
				{{trolleyVM.trolley.formattedItemCount}}<span class="accessibility-inline"> in your trolley</span>
			</span>
			
		    <button class="button button-plain button-small float-right" data-ng-click="trolleyVM.openRemovePrompt($event)">  
				Remove all<span class="accessibility-inline"> items from your trolley</span>
			</button>
		</div>
		
		<a href="#" class="hidden-to-total focus-outline" data-ng-click="trolleyVM.focusOnTrolleyTotal()">
			skip to trolley total and checkout
		</a>				
	</div>
	<div class="draw-content-body">
		<div class="draw-content-scroll" data-ng-show="trolleyVM.trolley.hasItems">
			<div class="product-items" data-colrs-products-area-container>
                <div class="colrs-animate product-item-container" 
                		data-ng-class="{'product-legal':trolleyObject.containerType == 'colrs-trolley-tobacco-item-container','product-special':trolleyObject.isSpecial}" 
                		data-ng-repeat="trolleyObject in trolleyVM.trolleyObjects | limitTo:trolleyVM.limitTo track by trolleyObject.getTrackBy()" 
                		data-ng-switch="::trolleyObject.containerType" >
                    <div data-ng-switch-when="colrs-trolley-item-container" data-colrs-trolley-item-container data-item-container="trolleyObject" ></div>
                    <div data-ng-switch-when="colrs-trolley-promo-item-container" data-colrs-trolley-promo-item-container data-item-container="trolleyObject" ></div>
                    <div data-ng-switch-when="colrs-trolley-tobacco-item-container" data-colrs-trolley-tobacco-item-container data-item-container="trolleyObject" ></div>
                    <div data-ng-switch-when="colrs-trolley-category-item-container" data-colrs-trolley-category-item-container data-item-container="trolleyObject" ></div>
                </div>
            </div>
		</div>
		<p id="trolley_lastElement" class="accessibility" tabindex="-1"></p>
		<div class="draw-warning" data-ng-if="!trolleyVM.trolley.hasItems">
			<div class="warning-content">
				<svg focusable="false" class="icon icon-trolley" role="presentation" aria-hidden="true">
					<use xmlns:xlink="http://www.w3.org/1999/xlink" xlink:href="#icon-trolley"></use>
				</svg>
				<p id="empty-trolley-warning-title" tabindex="-1" class="warning-title" data-colrs-trap-last>
					Your trolley is empty
				</p>
				<span class="accessibility" tabindex="-1">
					End of pop up dialog box
				</span>
			</div>
		</div>
	</div>
	<h2 id="dcf-trolley-total" class="accessibility" tabindex="-1" data-ng-show="trolleyVM.trolley.hasItems">
		Trolley total and checkout
	</h2>
	<div class="draw-content-promo" data-ng-show="trolleyVM.trolley.displayOffer && trolleyVM.trolley.hasItems" data-ng-class="{'is-collapsed':trolleyVM.spendStretchCollapsed}">
	    <div class="spend-stretch" data-ng-class="{'is-qualified':trolleyVM.trolley.relevantOffer.qualified}">
		    <div class="promo-heading-container">
		        <h3 class="accessibility-inline">Special offer</h3>
		        <span class="promo-heading desktop-only" data-ng-bind-html="trolleyVM.trolley.relevantOffer.displayMessage" role="text"></span>
		        <button class="button button-plain button-toggle-msg" data-ng-click="trolleyVM.expandCollapseSpendStretch()" aria-expanded="{{ !trolleyVM.spendStretchCollapsed }}">
					<span class="promo-heading" data-ng-bind-html="trolleyVM.trolley.relevantOffer.displayMessage"></span>
					<svg focusable="false" class="icon icon-arrow" role="presentation" aria-hidden="true">
						<use xmlns:xlink="http://www.w3.org/1999/xlink" xlink:href="#icon-arrow"></use>
					</svg>
				</button>
	        </div>
	        <p class="promo-tac">
	        	<span role="text">
		        	<span class="promo-end" data-ng-if="trolleyVM.trolley.relevantOffer.endDate !== null" 
		        		data-ng-bind-html="::trolleyVM.trolley.relevantOffer.endDate"></span>
		            <span aria-hidden="true" data-ng-bind-html="::trolleyVM.trolley.relevantOffer.exclusionsMessage" ></span>
		            <span class="accessibility-inline" data-ng-bind-html="::trolleyVM.trolley.relevantOffer.exclusionsMessageA11y"></span>
	            </span>
	            <a href="#" data-ng-bind-html="::trolleyVM.trolley.relevantOffer.termsAndConditionsText"
	            	data-ng-click="trolleyVM.goToTermsConditions()"></a>
	        </p>
	
	        <div class="icon-container" aria-hidden="true">
	            <div class="icon-discount" data-ng-class="{'is-delivery':trolleyVM.trolley.relevantOffer.isShipping, 'is-free':trolleyVM.trolley.relevantOffer.isFreeShipping, 'is-percentage':trolleyVM.trolley.relevantOffer.isPercentageModifier}">
	                <div class="discount-text">
	                    <span class="discount-value"><span class="discount-modifier" data-ng-if="trolleyVM.trolley.relevantOffer.isPercentageModifier === false && !trolleyVM.trolley.relevantOffer.isFreeShipping">{{::trolleyVM.trolley.relevantOffer.modifier}}</span>{{trolleyVM.trolley.relevantOffer.formattedOfferAmountOnly}}<span class="discount-modifier" ng-if="trolleyVM.trolley.relevantOffer.isPercentageModifier === true">{{::trolleyVM.trolley.relevantOffer.modifier}}</span></span>
	                    <span class="discount-suffix">{{::trolleyVM.trolley.relevantOffer.roundelSuffix}}</span>
	                </div>
	            </div>
	        </div>
	
	    </div>
	</div>
	<div class="draw-content-footer clear" data-ng-show="trolleyVM.trolley.hasItems">
		<p role="text" class="dcf-total float-right">
			<span class="accessibility-inline">Trolley total</span>
			<span class="dcf-total-price" data-ng-bind="trolleyVM.trolley.formattedTotalPrice"></span>
			<span class="dcf-total-saving" data-ng-show="trolleyVM.trolley.hasSavings">
				You&apos;ve saved {{trolleyVM.trolley.formattedTotalSavings}}
			</span>
		</p>
		<p class="dcf-btn float-left">
			<button class="button button-success" data-ng-click="trolleyVM.proceedToCheckout($event)">
				Proceed to check out
			</button>
		</p>
		<a href="#" class="hidden-trolley-start focus-outline" data-ng-click="trolleyVM.focusOnTrolleyHeading()" data-colrs-trap-last>
			return to beginning of trolley
		</a>			
	</div>
	
	<span class="accessibility" tabindex="-1">
		End of pop up dialog box
	</span>
</div>


</script>

<script type="text/ng-template" id="/online/COLRSTrolleySortTemplate?storeId=20201&amp;langId=-1&amp;requesttype=ajax">
	
<span role="text" id="trolley-sort-options-heading" class="sort-trolley" tabindex="-1">
	<span class="accessibility-inline">Products are</span>
	Sorted by<span aria-hidden="true">:</span>
	{{trolleySortVM.manager.selectedSortToLowerCase}}
</span>
<button colrs-click="trolleySortVM.expandOptions($event)" click-digest="true" aria-expanded="{{trolleySortVM.isExpanded}}" class="button button-link">
	change
	<span class="accessibility-inline">&nbsp;product sort order</span>
</button>
<div class="sort-options" data-ng-class="{'is-expanded' : trolleySortVM.isExpanded}">
	<h3 id="trolley-sort-heading" class="sort-options-title" tabindex="-1" >
		Sort options for Trolley
	</h3>
	<div class="form-field-col1" data-ng-repeat="sortOption in ::trolleySortVM.manager.sortOptions track by sortOption.type.id">
		<input type="radio" id="{{::sortOption.type.id}}" name="trolley-sort-option" aria-labelledby="{{::sortOption.type.id}}-label"
			data-ng-model="trolleySortVM.selectedSort" data-ng-value="::sortOption" aria-invaild="false" >
		<div class="form-field-radio-mask" aria-hidden="true"><span class="form-field-radio-checked"></span></div>
		<label for="{{::sortOption.type.id}}" id="{{::sortOption.type.id}}-label" class="form-field-radio-button-label">
			{{::sortOption.displayText}}
		</label>
	</div>
	<p>
		<button class="button button-dark button-small" data-ng-click="trolleySortVM.save()">
			Save
			<span class="accessibility">&nbsp;product sort order</span>
		</button>
		<button class="button button-plain button-small" colrs-click="trolleySortVM.cancel()" click-digest="true">
			Cancel
			<span class="accessibility">&nbsp;product sort order</span>
		</button>
	</p>
</div>

</script>

<script type="text/ng-template" id="/online/COLRSTrolleyRedemptionLimitSuperbarTemplate?storeId=20201&amp;langId=-1&amp;requesttype=ajax">
	

<div class="view view-default colrs-animate ng-enter" data-ng-controller="TrolleyRedemptionLimitController as trolleyRedemptionLimitVM" 
	data-colrs-trap-focus>
	<span class="accessibility" tabindex="-1"> 
		Start of pop up dialog box
	</span>
	<div class="draw-content-body">
		<div class="draw-warning">
			<div class="warning-content">
				<svg focusable="false" class="icon icon-alert" role="presentation" aria-hidden="true">
					<use xmlns:xlink="http://www.w3.org/1999/xlink" xlink:href="#icon-alert"></use>
				</svg>
				
				<p role="text" class="warning-title" tabindex="-1" data-ng-if="!trolleyRedemptionLimitVM.isBabyFormulaSuperBar && !trolleyRedemptionLimitVM.isRedemptionLimitReached" data-colrs-trap-initial data-colrs-trap-first>
					<span class="accessibility-inline" data-ng-if="!trolleyRedemptionLimitVM.isFromRHST">
						Pop up box displayed&nbsp;
					</span>
					Sorry, the most you can order of <strong>{{trolleyRedemptionLimitVM.product.manufacturer}} {{trolleyRedemptionLimitVM.product.name}}</strong> is <strong>{{trolleyRedemptionLimitVM.redemptionLimit}}</strong>.
				</p>
				
				<p role="text" class="warning-title" tabindex="-1" data-ng-if="!trolleyRedemptionLimitVM.isBabyFormulaSuperBar && trolleyRedemptionLimitVM.isRedemptionLimitReached" data-colrs-trap-initial data-colrs-trap-first>
					<span class="accessibility-inline" data-ng-if="!trolleyRedemptionLimitVM.isFromRHST">
						Pop up box displayed&nbsp;
					</span>
					You have reached the maximum order limit for <strong>{{trolleyRedemptionLimitVM.product.manufacturer}} {{trolleyRedemptionLimitVM.product.name}}</strong>. You already have <strong>{{trolleyRedemptionLimitVM.redemptionLimit}}</strong> in your trolley.
				</p>
				
				<!-- Baby Formula Start -->
				<p role="text" class="warning-title" tabindex="-1" data-ng-if="trolleyRedemptionLimitVM.isBabyFormulaSuperBar && trolleyRedemptionLimitVM.isBabyFormulaQtyExceed=='ERROR_MESSAGE_1'" data-colrs-trap-initial data-colrs-trap-first>
					<span class="accessibility-inline" data-ng-if="!trolleyRedemptionLimitVM.isFromRHST">
						Pop up box displayed&nbsp;
					</span>
					Sorry, the maximum you can order of any Infant Formula Product is <strong>{{trolleyRedemptionLimitVM.babyFormulaLimit}}</strong>.
				</p>
				
				<p role="text" class="warning-title" tabindex="-1" data-ng-if="trolleyRedemptionLimitVM.isBabyFormulaSuperBar && trolleyRedemptionLimitVM.isBabyFormulaQtyExceed=='ERROR_MESSAGE_2'" data-colrs-trap-initial data-colrs-trap-first>
					<span class="accessibility-inline" data-ng-if="!trolleyRedemptionLimitVM.isFromRHST">
						Pop up box displayed&nbsp;
					</span>
					The maximum you can order of any Infant Formula Product is <strong>{{trolleyRedemptionLimitVM.babyFormulaLimit}}</strong>. <strong>{{trolleyRedemptionLimitVM.product.name}}</strong> has not been added to your trolley.
				</p>
				<p role="text" class="warning-title" tabindex="-1" data-ng-if="trolleyRedemptionLimitVM.isBabyFormulaSuperBar && trolleyRedemptionLimitVM.isBabyFormulaQtyExceed=='ERROR_MESSAGE_3'" data-colrs-trap-initial data-colrs-trap-first>
					<span class="accessibility-inline" data-ng-if="!trolleyRedemptionLimitVM.isFromRHST">
						Pop up box displayed&nbsp;
					</span>
					You have reached the maximum order limit for Infant Formula. You already have <strong>{{trolleyRedemptionLimitVM.babyFormulaLimit}}</strong> in your trolley.
				</p>
				
				
				<!-- isBabyFormulaQtyExceed Baby Formula End -->
                
				<button class="button button-dark" data-ng-if="!trolleyRedemptionLimitVM.isBabyFormulaSuperBar && !trolleyRedemptionLimitVM.isRedemptionLimitReached" 
					data-ng-click="trolleyRedemptionLimitVM.addToCart()">
					OK, add {{trolleyRedemptionLimitVM.redemptionLimit}} to my trolley
				</button>
				
				<button class="button button-dark" data-ng-if="trolleyRedemptionLimitVM.isBabyFormulaSuperBar && trolleyRedemptionLimitVM.isBabyFormulaQtyExceed=='ERROR_MESSAGE_1'" 
					data-ng-click="trolleyRedemptionLimitVM.addToCart()">
					OK, add {{trolleyRedemptionLimitVM.babyFormulaLimit}} to my trolley
				</button>

				<p id="redemption_announce" class="accessibility" tabindex="-1"></p>
	
				<button class="button button-dark" data-ng-if="( !trolleyRedemptionLimitVM.isBabyFormulaSuperBar && trolleyRedemptionLimitVM.isRedemptionLimitReached )|| (trolleyRedemptionLimitVM.isBabyFormulaSuperBar && (trolleyRedemptionLimitVM.isBabyFormulaQtyExceed=='ERROR_MESSAGE_2'|| trolleyRedemptionLimitVM.isBabyFormulaQtyExceed=='ERROR_MESSAGE_3'))" 
					data-ng-click="trolleyRedemptionLimitVM.acknowledge()">
					OK
				</button>
				<a role="button" href="#" class="secondary-cta" data-ng-if="(!trolleyRedemptionLimitVM.isBabyFormulaSuperBar && !trolleyRedemptionLimitVM.isRedemptionLimitReached)||(trolleyRedemptionLimitVM.isBabyFormulaSuperBar && trolleyRedemptionLimitVM.isBabyFormulaQtyExceed=='ERROR_MESSAGE_1')" 
					data-ng-click="trolleyRedemptionLimitVM.closeRemovePrompt()" data-colrs-trap-last>
					<strong>I've changed my mind, don't add any</strong>
				</a>
				
			</div>	
		</div>
	</div>
	
	<span class="accessibility" tabindex="-1"> 
		End of pop up dialog box
	</span>		
</div>


</script>

<script type="text/ng-template" id="/online/COLRSTrolleyRoundingSuperbarTemplate?storeId=20201&amp;langId=-1&amp;requesttype=ajax">
	

<div class="view view-default colrs-animate ng-enter" data-ng-controller="TrolleyRoundingController as trolleyRoundingVM" 
	data-colrs-trap-focus>
	<span class="accessibility" tabindex="-1"> 
		Start of pop up dialog box
	</span>
	<div class="draw-content-body">
		<div class="draw-warning">
			<div class="warning-content">
				<svg focusable="false" class="icon icon-alert" role="presentation" aria-hidden="true">
					<use xmlns:xlink="http://www.w3.org/1999/xlink" xlink:href="#icon-alert"></use>
				</svg>
				
				<div role="text" tabindex="-1" data-colrs-trap-initial data-colrs-trap-first>
                	<span class="accessibility-inline">
                		Pop up box displayed
                	</span>				
					<p class="warning-title" >
						Sorry, you can only buy {{trolleyRoundingVM.product.manufacturer}} {{trolleyRoundingVM.product.name}} in multiples of {{trolleyRoundingVM.averageSize}}
					</p>
				</div>
			
				<button class="button button-dark" data-ng-click="trolleyRoundingVM.isSavedListRounding?trolleyRoundingVM.savelistUpdateCallBack(trolleyRoundingVM.roundUp) :trolleyRoundingVM.addToCart(trolleyRoundingVM.roundUp)">
					Round up to {{trolleyRoundingVM.roundUpDisplay}}
				</button>
				<button class="button button-dark" data-ng-click="trolleyRoundingVM.isSavedListRounding?trolleyRoundingVM.savelistUpdateCallBack(trolleyRoundingVM.roundDown) :trolleyRoundingVM.addToCart(trolleyRoundingVM.roundDown)">
					Round down to {{trolleyRoundingVM.roundDownDisplay}}
				</button>
				<p id="round_announce" class="accessibility" tabindex="-1"></p>
				<a role="button" href="#" class="secondary-cta" data-ng-click="trolleyRoundingVM.closePrompt()" data-colrs-trap-last>
					I've changed my mind, don't add any
				</a>
			</div>
		</div>
	</div>
	
	<span class="accessibility" tabindex="-1">
		End of pop up dialog box
	</span>
</div>


</script>

<script type="text/ng-template" id="/online/COLRSTrolleyErrorSuperbarTemplate?storeId=20201&amp;langId=-1&amp;requesttype=ajax">
	

<div class="view view-default colrs-animate ng-enter" data-ng-controller="TrolleyErrorController as trolleyErrorVM" data-colrs-trap-focus>
	<span class="accessibility" tabindex="-1"> 
		Start of pop up dialog box
	</span>
	<div class="draw-content-body">	
		<div class="draw-warning">
			<div class="warning-content">
				<svg focusable="false" class="icon icon-alert" role="presentation" aria-hidden="true">
					<use xmlns:xlink="http://www.w3.org/1999/xlink" xlink:href="#icon-alert"></use>
				</svg>
				
				<div role="text" tabindex="-1" data-colrs-trap-initial data-colrs-trap-first>
					<span class="accessibility-inline">
                		Pop up box displayed
                	</span>
					<p class="warning-title">
						Unfortunately the following items cannot be added to your trolley at this time. Please try again later or call us on 1800 455 400.
					</p>
					<p class="warning-title secondary" data-ng-repeat="item in trolleyErrorVM.erroredItems">
						{{item.manufacturer}} {{item.name}}
					</p>
				</div>
				<button class="button button-dark" data-ng-click="trolleyErrorVM.acknowledge()" data-colrs-trap-last>
					OK
				</button>
			</div>
		</div>
	</div>
	
	<span class="accessibility" tabindex="-1">
		End of pop up dialog box
	</span>
</div>


</script>

<script type="text/ng-template" id="/online/COLRSTrolleySuperbarLinkTemplate?storeId=20201&amp;langId=-1&amp;requesttype=ajax">
	

<a href="#" class="draw-link-cart colrs-animate" data-colrs-trolley-link>
	<span role="text">
		<svg focusable="false" class="icon icon-trolley" role="presentation" aria-hidden="true">
			<use xlink:href="#icon-trolley" />
		</svg>
		<span class="accessibility-inline">
			View trolley and checkout
		</span>
		<span class="accessibility-inline" data-ng-if="!trolleyLinkVM.manager.trolley.hasItems"> 
			<span data-ng-bind="trolleyLinkVM.manager.trolley.itemCount"></span> 
			Items
		</span>
		<span class="draw-cart-count" data-ng-if="trolleyLinkVM.manager.trolley.hasItems">
			<span data-ng-bind="trolleyLinkVM.manager.trolley.itemCount"></span>
			<span class="accessibility-inline" data-ng-if="trolleyLinkVM.manager.trolley.itemCount === 1">
				Item
			</span> 
			<span class="accessibility-inline" data-ng-if="trolleyLinkVM.manager.trolley.itemCount > 1 ">
				Items
			</span> 
		</span>
		<span class="draw-text" data-ng-bind="trolleyLinkVM.manager.trolley.formattedTotalPrice"></span>
		<span class="draw-text secondary" aria-hidden="true">
			Trolley and checkout
		</span>
		<span class="draw-text secondary is-small" aria-hidden="true">
			Trolley
		</span>
	</span>
</a>


</script>

<script type="text/ng-template" id="/online/COLRSTrolleyItemContainerTemplate?storeId=20201&amp;langId=-1&amp;requesttype=ajax">
	

<div class="product-icons clear" data-colrs-if="::trolleyItemContainerVM.isSpecial()">
	<svg focusable="false" class="icon icon-specials" role="presentation" aria-hidden="true">
		<use xmlns:xlink="http://www.w3.org/1999/xlink" xlink:href="#icon-specials"></use>
	</svg>
</div>

<div data-colrs-trolley-item="trolleyObject" data-colrs-if="::trolleyItemContainerVM.isTrolleyItem()"></div>

<div class="product-item-footer" data-colrs-if="::trolleyItemContainerVM.showFooter()">
	<p class="float-left" aria-hidden="true">
		<strong>{{::trolleyItemContainerVM.promotionText}}</strong>
	</p>
	<div class="footer-element colrs-animate" 
		data-ng-if="trolleyItemContainerVM.isSavingsQualified() && trolleyItemContainerVM.hasSavings()">
		<div class="footer-note footer-note-price" aria-hidden="true" >
			You save <strong>{{trolleyItemContainerVM.getSaving()}}</strong>
		</div>
		<div class="footer-note footer-note-tick">
			<svg focusable="false" class="icon icon-tick" role="presentation" aria-hidden="true">
				<use xmlns:xlink="http://www.w3.org/1999/xlink" xlink:href="#icon-tick"></use>
			</svg>
		</div>
	</div>
</div>


</script>

<script type="text/ng-template" id="/online/COLRSTrolleyCategoryItemContainerTemplate?storeId=20201&amp;langId=-1&amp;requesttype=ajax">
	

<h2 class="cat-heading">{{::trolleyObject.categoryName}}</h2>
<div class="colrs-animate product-item-container" data-item-container="trolleyObject" 
	data-ng-repeat="trolleyObject in trolleyObject.trolleyObjects" 
	data-ng-class="{'product-legal':trolleyObject.containerType == 'colrs-trolley-tobacco-item-container','product-special':trolleyObject.isSpecial}"
	data-ng-switch="::trolleyObject.containerType" >
	<div data-ng-switch-when="colrs-trolley-item-container" data-colrs-trolley-item-container data-item-container="trolleyObject" ></div>
	<div data-ng-switch-when="colrs-trolley-promo-item-container" data-colrs-trolley-promo-item-container data-item-container="trolleyObject" ></div>
	<div data-ng-switch-when="colrs-trolley-tobacco-item-container" data-colrs-trolley-tobacco-item-container data-item-container="trolleyObject" ></div>
</div>


</script>

<script type="text/ng-template" id="/online/COLRSTrolleyPromoItemContainerTemplate?storeId=20201&amp;langId=-1&amp;requesttype=ajax">
	

<div class="product-icons clear" data-colrs-if="::trolleyItemContainerVM.isSpecial()">
	<svg focusable="false" class="icon icon-specials" role="presentation" aria-hidden="true">
		<use xmlns:xlink="http://www.w3.org/1999/xlink" xlink:href="#icon-specials"></use>
	</svg>
</div>

<div data-colrs-trolley-item="trolleyItem" data-ng-repeat="trolleyItem in trolleyObject.getItems()" >      
</div>

<div class="product-item-footer" data-colrs-if="::trolleyItemContainerVM.showFooter()">
	<p class="float-left" aria-hidden="true">
		<strong>{{::trolleyItemContainerVM.promotionText}}</strong>
	</p>
	<div class="footer-element colrs-animate" 
		data-ng-if="trolleyItemContainerVM.isSavingsQualified() && trolleyItemContainerVM.hasSavings()">
		<div class="footer-note footer-note-price" aria-hidden="true">
			You save <strong>{{trolleyItemContainerVM.getSaving()}}</strong>
		</div>
		<div class="footer-note footer-note-tick">
			<svg focusable="false" class="icon icon-tick" role="presentation" aria-hidden="true">
				<use xmlns:xlink="http://www.w3.org/1999/xlink" xlink:href="#icon-tick"></use>
			</svg>
		</div>
	</div>
	<p class="footer-element footer-note float-right colrs-animate" data-ng-if="!trolleyItemContainerVM.isSavingsQualified()">
		<button class="button button-red button-small" data-ng-click="trolleyItemContainerVM.spendStretchAction($event)">
			<p class="primary-text" data-colrs-if="::trolleyObject.isSingleSku()">
			   <span aria-hidden="true">	
				Add {{trolleyObject.quantityRemaining}} more to save {{::trolleyObject.getQualifiedMinimumSavings()}}
			  </span>
			  <span class="accessibility">
				Add {{trolleyObject.quantityRemaining}} more {{trolleyObject.items[0].prodA11yHeading}} to save {{::trolleyObject.getQualifiedMinimumSavings()}}				
			  </span>
			</p>
			
			<p class="primary-text" data-colrs-if="::!trolleyObject.isSingleSku()">
				Pick {{trolleyObject.quantityRemaining}} more to save
			</p>
			<p class="transition-message" aria-hidden="true">
				Adding {{trolleyObject.quantityRemaining}} to trolley...
			</p>
		</button>
	</p>
</div>


</script>

<script type="text/ng-template" id="/online/COLRSTrolleyTobaccoItemContainerTemplate?storeId=20201&amp;langId=-1&amp;requesttype=ajax">
	

<div class="product-icons clear"></div>
<div data-colrs-trolley-item="trolleyItem" data-ng-repeat="trolleyItem in trolleyObject.getItems()" ></div>
<div class="product-item-footer" >
    <p role="text" class="float-left">
    	<strong>It is illegal to sell tobacco products to a person under 18 and it is illegal to purchase a tobacco product for use by a person under 18.</strong>
    </p>
    <p class="footer-note float-right">
    	<img data-ng-src="/wcsstore/ColesResponsiveStorefrontAssetStore/dist/90b2e798691089e2d47e0a69aa96fa34/img/img_legal.png" alt="Quitting will improve your health. Call the Quit line on 13 7848" />
    </p>
</div>


</script>

<script type="text/ng-template" id="/online/COLRSTrolleyItemTemplate?storeId=20201&amp;langId=-1&amp;requesttype=ajax">
	

<div class="colrs-animate product-item">      
	<div class="product-item-header">
		<div class="product-item-padding">
			<p id="trolleyAnnounce_{{trolleyItemVM.trolleyItem.partNumber}}" class="accessibility" tabindex="-1"></p>
			<a id="{{  ::trolleyItemVM.getLinkId() }}" data-ng-attr-href="{{::trolleyItemVM.trolleyItem.pdpHref}}" data-ng-click="trolleyItemVM.openProduct($event)">
    	        <img class="product-image" colrs-default-product-image data-ng-src="{{::trolleyItemVM.trolleyItem.thumbnail}}" alt="" aria-hidden="true"/>
	            <h3 id="trolleyItem_{{trolleyItemVM.trolleyItem.partNumber}}" class="product-title" tabindex="-1">
					<span role="text">
						<span class="product-brand" aria-hidden="true" data-ng-bind="::trolleyItemVM.trolleyItem.manufacturer"></span>
						<span class="product-name" aria-hidden="true">{{::trolleyItemVM.trolleyItem.name}} {{::trolleyItemVM.trolleyItem.sizeDescription}}</span>
						<span class="package-size accessibility-inline">{{::trolleyItemVM.trolleyItem.prodA11yHeading}} {{::trolleyItemContainerVM.promotionA11yText}}</span>
					</span>
				</h3>
			</a>
			<div class="fat-controller" data-colrs-fat-controller data-product="::trolleyItemVM.trolleyItem" data-context="TROLLEY">
			</div>
		</div>
	</div>
</div>


</script>

<script type="text/ng-template" id="/online/COLRSTrolleyBelowMovTemplate?storeId=20201&amp;langId=-1&amp;requesttype=ajax">
	

<div class="view view-default colrs-animate ng-enter" data-colrs-below-mov data-colrs-trap-focus>
	<span class="accessibility" tabindex="-1"> 
		Start of pop up dialog box
	</span>
	<div id="colrs-sw-prodl-trolley-mov-dir" mbox
			data-mboxname="colrs-sw-prodl-trolley-mov" class="mboxDefault">
		
	</div>
	<div class="draw-content-body">
		<div class="draw-warning">
			<div class="warning-content">
				<svg focusable="false" class="icon icon-mov-error" role="presentation" aria-hidden="true">
					<use xmlns:xlink="http://www.w3.org/1999/xlink" xlink:href="#icon-mov-error"></use>
				</svg>
				
				<p class="warning-title" aria-hidden="true" data-ng-bind="bmVM.shortMessage"></p>
				<div role="text" tabindex="-1" data-colrs-trap-initial data-colrs-trap-first>
                	<span class="accessibility-inline">
                		Pop up box displayed
                	</span>		
	                
					<p class="warning-title secondary">
						<span class="is-large" data-ng-bind="bmVM.longMessage"></span>
						<span class="accessibility-inline" data-ng-bind="bmVM.longA11yMessage"></span>
					</p>

				</div>
				
				<p class="footnote secondary" aria-hidden="true">
					Additional savings may be applied during checkout.
				</p> 

				<button class="button button-dark" data-ng-click="bmVM.returnToTrolley($event)" data-colrs-trap-last>
					Go back to the trolley
				</button>
			</div>
		</div>
	</div>
	
	<span class="accessibility" tabindex="-1">
		End of pop up dialog box
	</span>
</div>


</script>
<script type="text/ng-template" id="/online/COLRSTrolleyContentDisplaySuperbarTemplate?storeId=20201&amp;langId=-1&amp;requesttype=ajax">
	
<div class="view view-default view-trolley-content colrs-animate ng-enter" data-colrs-trolley-content-display data-colrs-trap-focus>
	<span class="accessibility" tabindex="-1"> 
		Start of pop up dialog box
	</span>
	<p class="accessibility" tabindex="-1" data-colrs-trap-initial data-colrs-trap-first>
		Pop up box displayed promotion            	
	</p>
	<div class="draw-content-scroll">
		<a href="#" class="hidden-close-popup focus-outline" data-ng-click="close()">
			Close this pop up dialog box
		</a>
		<div class="draw-content-body">
			<div class="espotContainer">
				<!-- Start | E-Spot for promotion content in trolley [RS_TROLLEY_CONTENT_DISPLAY] -->
				<dynamic-espot-content />
				<!-- End | E-Spot for promotion content in trolley [RS_TROLLEY_CONTENT_DISPLAY] -->
			</div>
		</div>
	</div>
	<div id="trolleyContentFooter" class="draw-content-footer clear">
		<p class="dcf-btn float-left">
			<button id="trolleyContentBtn" class="button button-success" data-ng-click="trolleyContentDisplayVM.proceedToCheckout()" data-colrs-trap-last>
				Continue
			</button>
		</p>
	</div>
	<span class="accessibility" tabindex="-1">
		End of pop up dialog box
	</span>
</div>

</script>
<script type="text/ng-template" id="/online/COLRSSearchAgeVerificationTemplate?storeId=20201&amp;langId=-1&amp;requesttype=ajax">
	

<div class="callout is-large is-legal-confirm txt-center" data-ng-if="searchVerifyAgeVm.verifyAge">
	
	<colrs-age-verification data-ng-if="!searchVerifyAgeVm.underage"
		data-av-submit="searchVerifyAgeVm.postUpdateDateOfBirth()"
		data-av-cancel="searchVerifyAgeVm.cancel()"
		data-av-cancel-btn-txt="<strong>I&apos;ve changed my mind, go back</strong>">
		<p role="text" id="age-verification-txt" class="warning-title"
			tabindex="-1">
			You must be <strong>over {{::searchVerifyAgeVm.legalAge}}</strong> to view these products.<span>Please enter your date of birth to continue.</span>
		</p>
	</colrs-age-verification>
	<colrs-under-legal-age data-ng-if="searchVerifyAgeVm.underage"
		data-ula-acknowledge-fn="searchVerifyAgeVm.acknowledge()"
		data-ula-btn-txt="Go back to the homepage">
		<p role="text" id="colrs-notify-underage" class="warning-title"
			tabindex="-1" data-colrs-trap-initial>You must be <strong>over {{::searchVerifyAgeVm.legalAge}}</strong> to view these products.</p>
	</colrs-under-legal-age>
</div>

</script>
<script type="text/ng-template" id="/online/COLRSTrolleyAgeVerificationSuperbarTemplate?storeId=20201&amp;langId=-1&amp;requesttype=ajax">
	

<div class="view view-default view-is-legal colrs-animate" tabindex="-1" data-colrs-trolley-verify-age data-colrs-trap-focus>
	<span class="accessibility" tabindex="-1"> 
		Start of pop up dialog box
	</span>
	<div class="draw-content-body">
		<div class="draw-warning">
			<div class="draw-warning-content">
				
				<colrs-age-verification data-av-submit="trolleyVerifyAgeVM.updateDateOfBirth()" 
					data-av-cancel="trolleyVerifyAgeVM.cancel()" 
					data-av-cancel-btn-txt="I&apos;ve changed my mind, don&apos;t add it">
					<p role="text" class="warning-title" tabindex="-1" data-colrs-trap-initial data-colrs-trap-first>
						<span class="accessibility-inline">
							Pop up box displayed&nbsp;
						</span>
						You must be <strong>over {{::trolleyVerifyAgeVM.legalAge}}</strong> to buy this product.&nbsp;<span>Please enter your date of birth to continue.</span>	
					</p>
				</colrs-age-verification>
			</div>
		</div>
	</div>
	
	<span class="accessibility" tabindex="-1">
		End of pop up dialog box
	</span>
</div>


</script>

<script type="text/ng-template" id="/online/COLRSTobaccoAgeVerificationTemplate?storeId=20201&amp;langId=-1&amp;requesttype=ajax">
	
<div id="contentWrapper" ng-if="mainViewVM.model.views[tab.id].showResults">
	
	<div id="content-{{::tab.id}}" tabindex="-1">
		
		<div colrs-pagelayout="under-age">
			<div class="products">
				<div class="callout is-large is-legal-confirm txt-center" data-category-tobacco-age-verification>
					<colrs-age-verification data-ng-if="!plVerifyAgeVm.underage" 
						data-av-submit="plVerifyAgeVm.updateDateOfBirth()" 
						data-av-cancel="plVerifyAgeVm.cancel()" 
						data-av-cancel-btn-txt="<strong>I&apos;ve changed my mind, go back</strong>">
						<p role="text" id="age-verification-txt" class="warning-title" tabindex="-1">
							You must be <strong>over {{::plVerifyAgeVm.legalAge}}</strong> to view these products.<span>Please enter your date of birth to continue.</span>
						</p>
					</colrs-age-verification>
					
					<colrs-under-legal-age data-ng-if="plVerifyAgeVm.underage" 
						data-ula-acknowledge-fn="plVerifyAgeVm.acknowledge()" 
						data-ula-btn-txt="Go back to the homepage" >
						<p role="text" id="colrs-notify-underage" class="warning-title" tabindex="-1" data-colrs-trap-initial>
							You must be <strong>over {{::plVerifyAgeVm.legalAge}}</strong> to view these products.
						</p>
					</colrs-under-legal-age>
				</div>
			</div>
		</div>
	</div>
</div>

</script>

<script type="text/ng-template" id="/online/COLRSAgeVerificationTemplate?storeId=20201&amp;langId=-1&amp;requesttype=ajax">
	

<form name="ageVerificationForm" method="post" autocomplete="off" autocorrect="off" autocapitalize="off"
	data-ng-submit="verifyAgeVm.updateDateOfBirth()" novalidate>
	<svg focusable="false" class="icon icon-alert" role="presentation" aria-hidden="true">
		<use xmlns:xlink="http://www.w3.org/1999/xlink" xlink:href="#icon-alert"></use>
	</svg>
	<span data-ng-transclude></span>
	
	
	<div class="input-container dates" name="dob" data-ng-required="true" data-date-restriction="future" 
		data-colrs-date-picker data-specialcssclass="true"
		data-ng-model="verifyAgeVm.manager.dob" data-ng-model-options="{ updateOn: 'submit'}" 
		data-label="Date of birth"
		data-ng-messages="ageVerificationForm.$submitted && ageVerificationForm.dob.$error" >
		<span id="dob-validation" class="colrs-animate form-field-error-message" tabindex="-1" 
			data-ng-message="required, date, dateNotInFuture">
			Please enter a valid date of birth
		</span>
	</div>
	<p class="warning-cta">
		<button type="submit" class="button button-dark">
			Continue
		</button>
	</p>
	<p class="warning-footer" data-ng-if="::cancelBtnTxt">
		<a href="#" class="secondary-cta" data-ng-bind-html="::cancelBtnTxt"
			data-ng-click="verifyAgeVm.cancel($event)"></a>
	</p>
</form>


</script>

<script type="text/ng-template" id="/online/COLRSFlybuysMessageTemplate?storeId=20201&amp;langId=-1&amp;requesttype=ajax">
	

<div class="add-products flybuys-import is-active" data-ng-if="flybuysMessageVM.showMessage">
        <svg focusable="false" class="icon icon-success" role="presentation" aria-hidden="true">
            <use xmlns:xlink="http://www.w3.org/1999/xlink" xlink:href="#icon-success"></use>
        </svg>
        <p id="flybuys-proucts-message" class="add-products-label" tabindex="-1">
        	<span role="text">
        		{{flybuysMessageVM.message}} <strong>bought before</strong>
        	</span>
        </p>
</div>


</script>

<script type="text/ng-template" id="/online/COLRSUnderLegalAgeTemplate?storeId=20201&amp;langId=-1&amp;requesttype=ajax">
	
<div class="warning-content">
	<svg focusable="false" class="icon icon-under18" role="presentation" aria-hidden="true">
		<use xmlns:xlink="http://www.w3.org/1999/xlink" xlink:href="#icon-under18"></use>
	</svg>
	<span data-ng-transclude></span>
	<button class="button button-dark" data-ng-bind-html="::acknowledgeBtntxt" 
		data-ng-click="underLegalAgeVM.acknowledge()"></button>
</div>

</script>

<script type="text/ng-template" id="/online/COLRSAccountSuperbarLinkTemplate?storeId=20201&amp;langId=-1&amp;requesttype=ajax">
	

<a href="#" class="draw-link-account" data-colrs-account-link data-ng-if="!superbarVM.userVM.user.isGuest">
	<span role="text">
		<svg focusable="false" class="icon icon-account" role="presentation" aria-hidden="true">
			<use xlink:href="#icon-account"/>
		</svg>
		<span class="accessibility-inline">Your account</span>
		<span class="draw-text" aria-hidden="true"
			data-colrs-replace-long-text 
			data-intended-text="accountLinkVM.accountManager.intendedText" 
			data-replacement-text="Your Account" 
			data-ng-bind="longTextVM.displayedText">
			Your account
		</span>
		<span class="draw-text is-small" aria-hidden="true">Account</span>
	</span>
</a>


</script>


<script type="text/ng-template" id="/online/COLRSAccountLoggedInSuperbarTemplate?storeId=20201&amp;langId=-1&amp;requesttype=ajax">
	
<div class="view view-account view-account-nav colrs-animate ng-enter" tabindex="-1" data-colrs-account data-colrs-trap-focus>
	<span class="accessibility" tabindex="-1">
		Start of pop up dialog box
	</span>
    <p id="title_your_account" class="accessibility" tabindex="-1" data-colrs-trap-initial data-colrs-trap-first>
		Pop up box displayed Your Account
	</p>
	<h1 class="accessibility-inline">
		Your Account
	</h1>
	<a href="#" class="hidden-close-popup focus-outline" data-ng-click="close()">
	    Close this pop up dialog box
	</a>
	<div id="colrs-sw-prodl-account-scroll-dir" mbox
		data-mboxname="colrs-sw-prodl-account-scroll" class="mboxDefault">
    </div>
    <div class="draw-content-scroll">
        <div class="draw-content-header draw-account-header">
            <a href="#" class="logout" data-ng-click="accountVM.logout()" >
            	Log out
            </a>
            <p class="heading" data-ng-bind="accountVM.userManager.user.customerDetails.fullName"></p>
        </div>
        <div class="draw-content-body">
            <div class="input-container has-icon has-chevron">
                 <a href="#" data-colrs-lists-superbar-link>
                    <svg focusable="false" class="icon input-container-icon icon-account-list" role="presentation" aria-hidden="true">
                        <use xmlns:xlink="http://www.w3.org/1999/xlink" xlink:href="#icon-account-list"></use>
                    </svg>
                    <span class="heading">
                        My shopping lists
                    </span>
                    <span role="text" data-ng-if="::accountVM.colrsListsView.hasLists()" data-ng-bind="accountVM.savedListCount" ></span>
                    <span class="copy">
                       Preparing for an event? Shop for the same things regularly? Lists can help supercharge your shop.
                    </span>
                    <svg focusable="false" class="icon icon-arrow">
                        <use xmlns:xlink="http://www.w3.org/1999/xlink" xlink:href="#icon-arrow"></use>
                    </svg>
                </a>
            </div>
             <!--Account Details-->
            <div class="input-container callout account-details">
                <div class="heading-container">
                    <div class="left-col">
                        <h2 class="heading">Account details</h2>
                    </div>
                    <div class="right-col">
                        <button class="edit-link has-icon" data-ng-click="accountVM.showNameContactDetails($event)">
                            <span role="text">
                                <svg focusable="false" class="icon icon-edit" role="presentation" aria-hidden="true">
                                    <use xmlns:xlink="http://www.w3.org/1999/xlink" xlink:href="#icon-edit"></use>
                                </svg>
                                Edit
                                <span class="accessibility-inline">
		                       		Account details
	                        	</span>
                            </span>
                        </button>
                    </div>
                </div>
                <p class="detail-row">
                    <span role="text">
                        <strong>Name</strong>
                        <span>{{accountVM.profileManager.userDetails.firstName + " " + accountVM.profileManager.userDetails.lastName}}</span>
                    </span
                </p>
                <p class="detail-row">
                    <span role="text">
                        <strong>Date of birth</strong>
                        <span>{{accountVM.profileManager.userDetails.dobFullText}}</span>
                    </span>
                </p>
                <p class="detail-row">
                    <span role="text">
                        <strong>Primary email</strong>
                        <span>{{accountVM.profileManager.userDetails.email1}}</span>
                    </span>
                </p>
                <p data-ng-if="accountVM.profileManager.userDetails.email2" class="detail-row">
                    <span role="text">
                        <strong>Secondary email</strong>
                        <span>{{accountVM.profileManager.userDetails.email2}}</span>
                    </span>
                </p>
                <p class="detail-row">
                    <span role="text">
                        <strong>Phone number</strong>
                        <span aria-hidden="true">{{accountVM.profileManager.userDetails.formattedPhone}}</span>
                        <span class="accessibility-inline">{{accountVM.a11yTelno}}</span>
                    </span>
                </p>
            </div>
            <!--Flybuys Details-->
            <div class="input-container callout flybuys">
                <div class="heading-container" data-ng-if="!accountVM.userManager.user.memberAttributes.flyBuysNumber">
                    <div class="left-col">
                        <h2 class="heading">
							<span class="accessibility-inline">flybuys</span>
                        	<svg focusable="false" class="icon icon-flybuys" role="presentation" aria-hidden="true">
                                <use xmlns:xlink="http://www.w3.org/1999/xlink" xlink:href="#icon-flybuys"></use>
                            </svg>
                        </h2>
                    </div>
                    <div class="right-col">
                        <a class="edit-link has-icon" href="#" data-ng-click="accountVM.showFlybuys($event)" id="link-flybuys">
                            <span role="text">
                                <svg focusable="false" class="icon icon-link" role="presentation" aria-hidden="true">
                                	<use xmlns:xlink="http://www.w3.org/1999/xlink" xlink:href="#icon-link"></use>
                                </svg>
                                Link flybuys
                            </span>
                        </a>
                    </div>
                </div>
                <span class="copy" data-ng-if="!accountVM.userManager.user.memberAttributes.flyBuysNumber">
                    Link your flybuys account to earn points everytime you shop at Coles online. Don't have a flybuys account?
                    <a href="https://www.flybuys.com.au/registration/check-registration?new_member" target="_blank">
                        Register today!
                        <span class="accessibility-inline">for flybuys</span>
                    </a>
                </span>
                <div class="heading-container" data-ng-if="accountVM.userManager.user.memberAttributes.flyBuysNumber">
                    <div class="left-col">
                        <h2 class="heading">
							<span class="accessibility-inline">flybuys</span>
                        	<svg focusable="false" class="icon icon-flybuys" role="presentation" aria-hidden="true">
                                <use xmlns:xlink="http://www.w3.org/1999/xlink" xlink:href="#icon-flybuys"></use>
                            </svg>
                        </h2>
                    </div>
                    <div class="right-col">
                        <a class="edit-link has-icon" href="#" data-ng-click="accountVM.showFlybuys($event)" id="manage-flybuys">
                            <span role="text">
                                <svg focusable="false" class="icon icon-edit" role="presentation" aria-hidden="true">
                                    <use xmlns:xlink="http://www.w3.org/1999/xlink" xlink:href="#icon-edit"></use>
                                </svg>
                                Manage
                                <span class="accessibility-inline">your flybuys number</span>
                            </span>
                        </a>
                    </div>
                </div>
                <span class="copy bold" data-ng-if="accountVM.userManager.user.memberAttributes.flyBuysNumber">
                    <span role="text" data-ng-if="::accountVM.flybuysMaskingEnabled">
                        <span class="accessibility-inline">
							your flybuys number starts with {{::accountVM.userManager.user.memberAttributes.unmaskedInitialDigitsA11y}} and ends with {{::accountVM.userManager.user.memberAttributes.unmaskedLastDigitsA11y}}
						</span>
						<span aria-hidden="true">
							{{::accountVM.userManager.user.memberAttributes.unmaskedInitialDigits}}<span class="bullets" data-ng-bind-html="accountVM.userManager.formatMaskedFlybuysBullets()"></span> {{::accountVM.userManager.user.memberAttributes.unmaskedLastDigits}}
						</span>
                    </span>
                    <span role="text" data-ng-if="::!accountVM.flybuysMaskingEnabled" data-ng-bind="accountVM.userManager.user.memberAttributes.formattedFlybuysNumber"></span>
                </span>
            </div>
            <!--Card Details-->
            <div class="input-container callout payment" data-ng-if="!accountVM.deletePaymentSuccess">
                <h2 class="heading">
                    Payment details
                </h2>
                <div data-ng-if="accountVM.savedPaymentMethods.cc_masked_card">
	                <p class="detail-row">
	                   <span class="copy">
	                        Credit / debit card
	                    </span>
	                </p>
	                <p class="detail-row">
	                    <span class="copy bold" role="text">
	                        <svg focusable="false" class="icon icon-{{accountVM.savedPaymentMethods.card_type | lowercase}}" role="presentation" aria-hidden="true">
	                            <use xmlns:xlink="http://www.w3.org/1999/xlink" data-ng-attr-xlink:href="{{'#icon-'+accountVM.savedPaymentMethods.card_type | lowercase}}" xlink:href=""></use>
	                        </svg>
                            <span class="bullets" aria-hidden="true">&bull;&bull;&bull;&bull; &bull;&bull;&bull;&bull; &bull;&bull;&bull;&bull; </span>
                            <span aria-hidden="true">{{::accountVM.savedPaymentMethods.ccLastFourDigits}}</span>
	                        <span class="accessibility-inline">
	                        	Card number ending in {{::accountVM.savedPaymentMethods.ccLastFourDigitsA11y}}
	                        </span>
	                    </span>
	                    <a href="#" class="edit-link has-icon"  data-ng-click="accountVM.deletePayment($event)">
	                        <span role="text">
	                            <svg focusable="false" class="icon icon-trash" role="presentation" aria-hidden="true">
	                                <use xmlns:xlink="http://www.w3.org/1999/xlink" xlink:href="#icon-trash"></use>
	                            </svg>
	                            Delete card
	                        </span>
	                    </a>
	                </p>
	                <p class="detail-row" data-ng-if="!accountVM.savedPaymentMethods.isCardExpired">
	                    <span class="copy">
	                        Valid up to {{::accountVM.savedPaymentMethods.cc_expiry_month}} / 20{{::accountVM.savedPaymentMethods.cc_expiry_year}}
	                    </span>
	                </p>
	                <p class="detail-row" data-ng-if="accountVM.savedPaymentMethods.isCardExpired">
	                	<strong>Your card has expired</strong><br>
	                    <span class="copy">Update next time you checkout</span>
	                </p>
	            </div>
	            <div data-ng-if="!accountVM.savedPaymentMethods.cc_masked_card">
	                <p class="detail-row">
	                    <span class="copy">Add a credit or debit card next time you check out.</span>
	                </p>
                </div>
            </div>
            <!--Payment Success-->
	     	<div class="input-container callout payment is-success" data-ng-if="accountVM.deletePaymentSuccess">
                <div class="success-message">
                    <svg focusable="false" class="icon icon-success-white" role="presentation" aria-hidden="true">
                        <use xmlns:xlink="http://www.w3.org/1999/xlink" xlink:href="#icon-success-white"></use>
                    </svg>
                    <p id="payment-success-heading">
                       Credit/debit card deleted
                    </p>
                </div>
                <h2 class="heading">
                   	Payment details
                </h2>
                <p class="detail-row">
                    <span class="copy">Add a credit or debit card next time you check out.</span>
                </p>
			</div>
			<!-- Delivery subscription-->
						<div class="input-container has-chevron">
                <a href="#" data-ng-click="accountVM.showDeliverySubscription($event)">
                    <span class="heading">
                        
												Delivery Plus subscription
                    </span>
                    <svg focusable="false" class="icon icon-arrow" role="presentation" aria-hidden="true">
                        <use xmlns:xlink="http://www.w3.org/1999/xlink" xlink:href="#icon-arrow"></use>
                    </svg>
                </a>
            </div>
						<!-- address -->
            <div class="input-container has-chevron">
                <a href="#" data-ng-click="accountVM.showSavedAddresses($event)">
                    <span class="heading">
                        My addresses
                    </span>
                    <svg focusable="false" class="icon icon-arrow" role="presentation" aria-hidden="true">
                        <use xmlns:xlink="http://www.w3.org/1999/xlink" xlink:href="#icon-arrow"></use>
                    </svg>
                </a>
            </div>
           	<!--     Comm preferences      -->
            <div class="input-container has-chevron" data-ng-if="!accountVM.profileManager.commPreferencesUpdated">
                <a href="#" data-ng-click="accountVM.showCommPreferences($event)">
                    <span class="heading">
						Communication preferences
                    </span>
                    <svg focusable="false" class="icon icon-arrow" role="presentation" aria-hidden="true">
                        <use xmlns:xlink="http://www.w3.org/1999/xlink" xlink:href="#icon-arrow"></use>
                    </svg>
                </a>
            </div>
            <!--     Comm preferences update success     -->

             <div class="input-container callout is-success" data-ng-if="accountVM.profileManager.commPreferencesUpdated">
                <div class="success-message">
                    <svg focusable="false" class="icon icon-success-white" role="presentation" aria-hidden="true">
                        <use xmlns:xlink="http://www.w3.org/1999/xlink" xlink:href="#icon-success-white"></use>
                    </svg>
                    <p id="pref-update-success-heading" tabindex="-1">
                    	Communication preferences updated
                    </p>
            	</div>
                <a href="#" data-ng-click="accountVM.showCommPreferences($event)" class="superbar-success-link">
                    <span class="heading">
                        Communication preferences
                    </span>
                    <svg focusable="false" class="icon icon-arrow" role="presentation" aria-hidden="true">
                        <use xmlns:xlink="http://www.w3.org/1999/xlink" xlink:href="#icon-arrow"></use>
                    </svg>
                </a>
            </div>

            	<!--     Delivery preferences      -->
            <div class="input-container has-chevron" data-ng-if="!accountVM.profileManager.deliveryPreferencesUpdated">
                <a href="#" data-ng-click="accountVM.showDeliveryPreferences($event)">
                    <span class="heading">
						Delivery preferences
                    </span>
                    <svg focusable="false" class="icon icon-arrow" role="presentation" aria-hidden="true">
                        <use xmlns:xlink="http://www.w3.org/1999/xlink" xlink:href="#icon-arrow"></use>
                    </svg>
                </a>
            </div>
            <!--     Delivery preferences update success     -->

             <div class="input-container callout is-success" data-ng-if="accountVM.profileManager.deliveryPreferencesUpdated">
                <div class="success-message">
                    <svg focusable="false" class="icon icon-success-white" role="presentation" aria-hidden="true">
                        <use xmlns:xlink="http://www.w3.org/1999/xlink" xlink:href="#icon-success-white"></use>
                    </svg>
                    <p id="pref-update-success-heading" tabindex="-1">
                    	Delivery preferences updated
                    </p>
            	</div>
                <a href="#" data-ng-click="accountVM.showDeliveryPreferences($event)" class="superbar-success-link">
                    <span class="heading">
                        Delivery preferences
                    </span>
                    <svg focusable="false" class="icon icon-arrow" role="presentation" aria-hidden="true">
                        <use xmlns:xlink="http://www.w3.org/1999/xlink" xlink:href="#icon-arrow"></use>
                    </svg>
                </a>
            </div>

			<div class="input-container has-chevron">
                <a href="#" data-ng-click="accountVM.showPreferredSubstitute($event)">
                    <span role="text">
	                    <span class="heading" aria-hidden="true">
	                         Preferred substitutes
	                    </span>
	                    <span class="accessibility-inline">
	                    	Manage your preferred substitutes
	                    </span>
                    </span>
                    <svg focusable="false" class="icon icon-arrow" role="presentation" aria-hidden="true">
                        <use xmlns:xlink="http://www.w3.org/1999/xlink" xlink:href="#icon-arrow"></use>
                    </svg>
                </a>
            </div>
            <div class="input-container has-chevron">
                <a href="#" data-ng-click="accountVM.showChangePassword($event)">
                    <span class="heading">
                        Change your password
                    </span>
                    <svg focusable="false" class="icon icon-arrow" role="presentation" aria-hidden="true">
                        <use xmlns:xlink="http://www.w3.org/1999/xlink" xlink:href="#icon-arrow"></use>
                    </svg>
                </a>
            </div>
            <!--     Dietary and lifestyle preferences      -->
            <div class="input-container has-chevron" data-ng-if="!accountVM.profileManager.dietaryLifestylePreferencesUpdated">
                <a href="#" data-ng-click="accountVM.showDietaryAndLifestylePreferences($event)">
                    <span class="heading">
						Dietary and lifestyle preferences
                    </span>
                    <svg focusable="false" class="icon icon-arrow" role="presentation" aria-hidden="true">
                        <use xmlns:xlink="http://www.w3.org/1999/xlink" xlink:href="#icon-arrow"></use>
                    </svg>
                </a>
            </div>
            <!--     Dietary Lifestyle preferences update success     -->
             <div class="input-container callout is-success" data-ng-if="accountVM.profileManager.dietaryLifestylePreferencesUpdated">
                <div class="success-message">
                    <svg focusable="false" class="icon icon-success-white" role="presentation" aria-hidden="true">
                        <use xmlns:xlink="http://www.w3.org/1999/xlink" xlink:href="#icon-success-white"></use>
                    </svg>
                    <p id="dietary-pref-update-success-heading" tabindex="-1">
                    	Dietary and lifestyle preferences updated
                    </p>
            	</div>
                <a href="#" data-ng-click="accountVM.showDietaryAndLifestylePreferences($event)" class="superbar-success-link">
                    <span class="heading">
                        Dietary and lifestyle preferences
                    </span>
                    <svg focusable="false" class="icon icon-arrow" role="presentation" aria-hidden="true">
                        <use xmlns:xlink="http://www.w3.org/1999/xlink" xlink:href="#icon-arrow"></use>
                    </svg>
                </a>
            </div>

            <!--     Reminders       -->
            <div class="input-container has-chevron" data-ng-if="!accountVM.profileManager.remindersUpdated">
                <a href="#" data-ng-click="accountVM.showReminders($event)">
                    <span class="heading">
                        Shopping reminders
                    </span>
                    <svg focusable="false" class="icon icon-arrow" role="presentation" aria-hidden="true">
                        <use xmlns:xlink="http://www.w3.org/1999/xlink" xlink:href="#icon-arrow"></use>
                    </svg>
                </a>
            </div>
            <!--     Reminders  update success     -->
            <div class="input-container callout is-success" data-ng-if="accountVM.profileManager.remindersUpdated">
                <div class="success-message">
                    <svg focusable="false" class="icon icon-success-white" role="presentation" aria-hidden="true">
                        <use xmlns:xlink="http://www.w3.org/1999/xlink" xlink:href="#icon-success-white"></use>
                    </svg>
                    <p id="reminders-update-success-heading" tabindex="-1">
                   		Shopping reminders updated
                    </p>
            	</div>
                <a href="#" data-ng-click="accountVM.showReminders($event)" class="superbar-success-link">
                    <span class="heading">
                        Shopping reminders
                    </span>
                    <svg focusable="false" class="icon icon-arrow" role="presentation" aria-hidden="true">
                        <use xmlns:xlink="http://www.w3.org/1999/xlink" xlink:href="#icon-arrow"></use>
                    </svg>
                </a>
            </div>
            <div class="input-container credit-account" data-ng-if="accountVM.userManager.user.isBusinessUser">
                <a href="#" data-ng-click="accountVM.showPayByAccount($event)">
                    <span class="heading">
                        Set up credit account
                    </span>
                    <svg focusable="false" class="icon icon-arrow" role="presentation" aria-hidden="true">
                        <use xmlns:xlink="http://www.w3.org/1999/xlink" xlink:href="#icon-arrow"></use>
                    </svg>
                </a>
            </div>
            <div class="redirect" data-ng-if="!accountVM.userManager.user.isBusinessUser">
            	<a href="#" ng-click="accountVM.showTeamMember($event)" data-ng-if="!accountVM.userManager.user._memberAttributes.ProfileStaffDiscountNumber" data-colrs-trap-last>
	            	For Coles employees<span aria-hidden="true">...</span>
				</a>
				<a href="#" ng-click="accountVM.showTeamMember($event)" data-ng-if="accountVM.userManager.user._memberAttributes.ProfileStaffDiscountNumber" data-colrs-trap-last>
                    Change your mycoles number<span aria-hidden="true">...</span>
				</a>
            </div>
        </div>
    </div>
    <span class="accessibility" tabindex="-1">
		End of pop up dialog box
	</span>
</div>

</script>

<script type="text/ng-template" id="/online/COLRSContactDetailsFormSuperbarTemplate?storeId=20201&amp;langId=-1&amp;requesttype=ajax">
	

<div class="view view-contact-details colrs-animate ng-enter" data-ng-class="{'has-back-link': updateContactDetailsVM.originatedFromAccount}" tabindex="-1" data-colrs-update-contact-details data-colrs-trap-focus>
	<span class="accessibility" tabindex="-1"> 
		Start of pop up dialog box
	</span>
	<p class="accessibility" tabindex="-1" data-colrs-trap-initial data-colrs-trap-first>
		Pop up box displayed Account details
	</p>
	<div class="draw-content-scroll">
		<div class="draw-content-header">
			<a href="#" class="back-link" data-ng-click="updateContactDetailsVM.goBack()" data-ng-if="updateContactDetailsVM.originatedFromAccount">
            	<svg focusable="false" class="icon icon-back" role="presentation" aria-hidden="true">
                	<use xmlns:xlink="http://www.w3.org/1999/xlink" xlink:href="#icon-back"></use>
               	</svg>
                <span class="accessibility-inline">
                	Go back to my account 
                </span>
            </a>
			<h1 class="heading">
				Account details
			</h1>
			<a href="#" class="hidden-close-popup focus-outline" data-ng-click="close()">
		        Close this pop up dialog box
		    </a>
		    
		</div>
		<div class="draw-content-body">
			<form name="updateContactDetailsForm" method="post" autocomplete="off" autocorrect="off" autocapitalize="off"
				data-colrs-submit-if-valid="updateContactDetailsVM.updateContactDetails($event)" novalidate>
				
				<div data-ng-if="updateContactDetailsForm.$submitted && updateContactDetailsForm.$invalid && updateContactDetailsForm.invalidSubmission" 
					data-colrs-validation-messages></div>
				
				<colrs-address-contact-form data-address-contact="updateContactDetailsVM.manager.userDetails" data-show-mandatory-label="true" data-show-name-together="true" data-show-date-of-birth="true" data-show-secondary-email="true"></colrs-address-contact-form>
				
				
				<div class="input-container business-registration">
					
					<div class="checkbox-container is-plain">
						<input type="checkbox" id="business-registration" name="business-registration" 
							value="I'm shopping on behalf of a business"
							data-ng-model="updateContactDetailsVM.manager.userDetails.isBusinessUser"
							data-ng-change="updateContactDetailsVM.clearBusinessDetails()">
						<span class="form-field-checkbox-mask"></span>
						<label for="business-registration" class="form-field-checkbox-label">
							This account is for a business
						</label>
					</div>
					
					<div class="colrs-animate business-details" data-ng-if="updateContactDetailsVM.manager.userDetails.isBusinessUser">
					
						
						<div class="input-container plain" aria-live="off"
							data-ng-messages="updateContactDetailsForm.invalidSubmission && updateContactDetailsForm.businessName.$error">
							<label for="businessname-input" class="form-field-label">
								Your business name
							</label>
							
							<span id="businessname-input-error" class="colrs-animate form-field-error-message" data-ng-message="required">
								Please enter a business name
							</span>
							<span id="businessname-input-error" class="colrs-animate form-field-error-message" data-ng-message="maxlength">
								Please ensure the business name is 128 characters or less
							</span>
							<span id="businessname-input-error" class="colrs-animate form-field-error-message" data-ng-message="colrsBusinessNameRegex">
								Please remove these characters from the business name {{updateContactDetailsForm.businessName.errorProps.colrsBusinessNameRegex}}
							</span> 
							<input id="businessname-input" class="form-field-input" type="text" name="businessName" 
								aria-describedby="businessname-input-error" required maxlength="128" data-colrs-business-name-regex 
								data-ng-model="updateContactDetailsVM.manager.businessDetails.businessName" data-ng-model-options="{ updateOn: 'submit'}" aria-invalid="{{!updateContactDetailsVM.manager.businessDetails.businessName ? false : true}}"/>
						</div>
								
						
						<div class="input-container plain" aria-live="off"
							data-ng-messages="updateContactDetailsForm.invalidSubmission && updateContactDetailsForm.abn.$error">
							<label for="abn-input" class="form-field-label">
								Your ABN
							</label>
							
							<span id="abn-input-error" class="colrs-animate form-field-error-message" data-ng-message="required">
								Please enter an ABN
							</span>
							<span id="abn-input-error" class="colrs-animate form-field-error-message" data-ng-message="colrsAbnValidator">
								Please enter a valid ABN
							</span>
							
							<input type="number" pattern="\d*" id="abn-input" class="form-field-input" name="abn"
								required data-colrs-abn-validator aria-describedby="abn-input-error" 
								aria-invalid="{{!updateContactDetailsForm.abn.$error && updateContactDetailsForm.abn.$error.colrsAbnValidator}}"
								data-ng-model="updateContactDetailsVM.manager.businessDetails.abn" 
								data-ng-model-options="{ updateOn: 'submit'}" />
						</div>
								
						
						<div class="input-container plain" aria-live="off"
							data-ng-messages="updateContactDetailsForm.invalidSubmission && updateContactDetailsForm.industry.$error">
							<label for="industry-selection" class="form-field-label">
								Your industry
							</label>
							
							<span id="industry-selection-error" class="colrs-animate form-field-error-message" data-ng-message="required">
								Please select the industry of your business
							</span>
							
							<span class="form-field-dropdown-list-mask">
								<select id="industry-selection" class="form-field-dropdown" name="industry" required
									data-ng-model="updateContactDetailsVM.manager.businessDetails.industry" 
									data-ng-model-options="{ updateOn: 'submit'}"  aria-describedby="industry-selection-error">
									<option value="">
										Please select...
									</option>
									
									
										<option value="Aged Care">
											Aged Care
										</option>
									
										<option value="Childcare">
											Childcare
										</option>
									
										<option value="Clubs / Associations">
											Clubs / Associations
										</option>
									
										<option value="Construction / Property Development / Real Estate">
											Construction / Property Development / Real Estate
										</option>
									
										<option value="Disability">
											Disability
										</option>
									
										<option value="Recreation / Leisure / Entertainment">
											Recreation / Leisure / Entertainment
										</option>
									
										<option value="Environmental">
											Environmental
										</option>
									
										<option value="Events / Festivals">
											Events / Festivals
										</option>
									
										<option value="Financial / Banking">
											Financial / Banking
										</option>
									
										<option value="Food &amp; Beverage">
											Food &amp; Beverage
										</option>
									
										<option value="Government / Councils">
											Government / Councils
										</option>
									
										<option value="Home Business">
											Home Business
										</option>
									
										<option value="Health &amp; Medical">
											Health &amp; Medical
										</option>
									
										<option value="Hotels / Tourism">
											Hotels / Tourism
										</option>
									
										<option value="Legal">
											Legal
										</option>
									
										<option value="Mining / Engineering">
											Mining / Engineering
										</option>
									
										<option value="Machinery / Manufacturing">
											Machinery / Manufacturing
										</option>
									
										<option value="Marketing / Advertising / PR / Media">
											Marketing / Advertising / PR / Media
										</option>
									
										<option value="Not for Profit">
											Not for Profit
										</option>
									
										<option value="Professional Services">
											Professional Services
										</option>
									
										<option value="Recreation">
											Recreation
										</option>
									
										<option value="Retail / Wholesalers / Distributors">
											Retail / Wholesalers / Distributors
										</option>
									
										<option value="Schools">
											Schools
										</option>
									
										<option value="Shipping / Marine">
											Shipping / Marine
										</option>
									
										<option value="Technology / Communications">
											Technology / Communications
										</option>
									
										<option value="Trade Services">
											Trade Services
										</option>
									
										<option value="Transportation">
											Transportation
										</option>
									
										<option value="Utilities">
											Utilities
										</option>
									
										<option value="Other">
											Other
										</option>
									
										<option value="Rather not say">
											Rather not say
										</option>
									
								</select>
							</span>
						</div>
					</div>
				</div>

				<button type="submit" class="button button-dark form-field-button">
					Save changes
				</button>
				<a href="#" class="secondary-cta" data-ng-click="updateContactDetailsVM.goBack()" data-colrs-trap-last>
	                Cancel
	            </a>
			</form>
		</div>
	</div>
	<span class="accessibility" tabindex="-1">
		End of pop up dialog box
	</span>
</div>


</script>

<script type="text/ng-template" id="/online/COLRSUpdateMobileSuperbarTemplate?storeId=20201&amp;langId=-1&amp;requesttype=ajax">
	
<div class="view view-add-mobile colrs-animate ng-enter" tabindex="-1" data-colrs-update-mobile-number data-colrs-trap-focus>
	<span class="accessibility" tabindex="-1">
		Start of pop up dialog box
	</span>
	<div class="draw-content-scroll">
		<div class="draw-content-body">
			<form name="updateMobileNumberForm" method="post" autocomplete="off" autocorrect="off" autocapitalize="off"
				data-colrs-submit-if-valid="updateMobileNumberVM.updateMobileNumber($event)" novalidate>
				<div class="draw-warning">
					<div class="warning-content">
						<colrs-update-mobile-form 
							data-address-contact="updateMobileNumberVM.manager.contact" 
							data-heading="updateMobileNumberVM.heading" 
							data-heading-ally="updateMobileNumberVM.headingAlly" 
							data-heading-address="updateMobileNumberVM.headingAddress">
						</colrs-update-mobile-form>
						<button type="submit" class="button button-dark">
							Update my number   
						</button>
						<a href="#" class="secondary-cta" data-ng-click="updateMobileNumberVM.goBack()" data-ng-if="::updateMobileNumberVM.tertiaryLinkLabel">
							<strong>I don't have a mobile number</strong>
						</a>
						<a href="#" class="secondary-cta" data-ng-click="updateMobileNumberVM.goBack()" data-colrs-trap-last data-ng-if="::!updateMobileNumberVM.tertiaryLinkLabel">
							<strong>I don't have a mobile number</strong>
						</a>
						<hr aria-hidden="true" data-ng-if="::updateMobileNumberVM.tertiaryLinkLabel" />
						<span class="plain-text" data-ng-if="::updateMobileNumberVM.tertiaryLinkLabel">
						<span role="text" data-ng-bind-html="::updateMobileNumberVM.tertiaryLabel"></span>
							<a href="#" class="tertiary-cta" data-ng-click="updateMobileNumberVM.goBack()" data-colrs-trap-last>
								{{::updateMobileNumberVM.tertiaryLinkLabel}}
							</a>
						</span>
					</div>
				</div>
			</form>
		</div>
	</div>
	
	<span class="accessibility" tabindex="-1"> 
		End of pop up dialog box
	</span>
</div>

</script>

<script type="text/ng-template" id="/online/COLRSB2BPayByAccountTemplate?storeId=20201&amp;langId=-1&amp;requesttype=ajax">
	

<div class="view view-pay-by-account has-back-link colrs-animate ng-enter" data-colrs-pay-by-account data-colrs-trap-focus tabindex="-1">
	<span class="accessibility" tabindex="-1">
		Start of pop up dialog box
	</span> 
    
    <p class="accessibility" tabindex="0" data-colrs-trap-initial data-colrs-trap-first>
		Pop up box displayed Set up a Credit Account
	</p>
	
	<div class="draw-content-scroll">
		<div class="draw-content-header">
			<a class="back-link" href="#" data-ng-click="payByAccountVM.goBack()">
				<svg focusable="false" class="icon icon-back" role="presentation" aria-hidden="true">
					<use xmlns:xlink="http://www.w3.org/1999/xlink" xlink:href="#icon-back"></use>
				</svg>
				<span class="accessibility-inline">
					Back to your account
				</span>
			</a>
			<h1 class="heading">
				Set up credit account
			</h1>
			<a href="#" class="hidden-close-popup focus-outline" tabindex="0" data-ng-click="close()">
				Close this pop up dialog box
			</a>
		</div>
		<div class="draw-content-body">
			<div class="espotContainer">
				<!-- BEGIN Widgets_701/ContentRecommendation.jsp --><!-- JSPs References: HomePage.jsp, BundleDisplay.jsp , CategoryNavigationDisplay.jsp, CompareProductsDisplay.jsp
					  DynamicKitDisplay.jsp, PackageDisplay.jsp, ProductDisplay.jsp, 
					  SearchResultDisplay.jsp, SubCategoryPage.jsp, TopCategoryPage.jsp
					   , Footer.jsp , OrderCancelNotify.jsp , OrderCreateNotify.jsp
					  OrderShipmentNotify.jsp, AccountActivationNotify.jsp, PasswordChangeNotify.jsp,
					  PasswordResetNotify.jsp, WishlistCreateNotify.jsp,  LandingPage.jsp, 	
					  ShippingDetailDisplay.jsp, ShopCartDisplay.jsp, StaticContent, 
					  Static JSPs, Footer_UI.jsp, Header_UI.jsp, ProductDescription_UI.jsp  
					  UserTime-->
<div style="display:none" aria-hidden="true">[[RS_B2BPayByAccountSuperBar_Content]]</div>
<!-- BEGIN ContentRecommendation_UI.jspf -->
			<div id="contentRecommendationWidget_RS_B2BPayByAccountSuperBar_Content" class="contentRecommendationWidget" >
			<!-- BEGIN Content_UI.jspf -->

<div class="left_espot">
	
	
					<div class="input-container">
		<h3>Business accounts applying for credit</h3>
<p>Business customers are welcome to apply for a credit account with Coles online. Please ensure you have read our <a href="/wcsstore/ColesResponsiveStorefrontAssetStore/images/c4b/Coles-Online-Credit-Account-Terms-Conditions.pdf" target="_blank">Terms and Conditions</a> which also includes eligibility criteria, and then complete our <a href="http://colesonline.applyeasy.com.au/credit" target="_blank">electronic application form</a>.</p>

</div>

				
	
</div>

<!-- END Content_UI.jspf -->
			</div>
		<!-- END ContentRecommendation_UI.jspf --><!-- END ContentRecommendation.jsp -->
			</div>
		</div>
	</div>
       
	<span class="accessibility" tabindex="-1">
		End of pop up dialog box
	</span>
</div>

</script>

<script type="text/ng-template" id="/online/COLRSAddAddressSuperbarTemplate?storeId=20201&amp;langId=-1&amp;requesttype=ajax">
	

<div class="view view-add-address colrs-animate ng-enter" tabindex="-1" data-colrs-add-address data-colrs-trap-focus>
	<span class="accessibility" tabindex="-1"> 
		Start of pop up dialog box
	</span>
	<p class="accessibility" tabindex="-1" data-colrs-trap-initial data-colrs-trap-first>
		Pop up box displayed Enter new delivery details
	</p> 
	<a href="#" class="hidden-close-draw focus-outline" data-ng-click="close()">
		Close this pop up dialog box
	</a>
	
	<div class="draw-content-scroll">
		<div id="colrs-sw-prodl-add-address-dss-scroll-dir" mbox
				data-mboxname="colrs-sw-prodl-add-address-dss-scroll" class="mboxDefault">
			
		</div>
		<div class="draw-content-header">
			<h1 class="heading">
				Enter new delivery details
			</h1>
		</div>
		<div class="draw-content-body">
			<form name="addAddressForm" method="post" data-colrs-submit-if-valid="addAddressVM.next()" novalidate>
				<div data-ng-if="addAddressForm.invalidSubmission && addAddressForm.$invalid" data-colrs-validation-messages></div>
				<span class="req-field-desc">
                    All fields are mandatory unless marked optional
                </span>
				
				
				<div data-colrs-address-form data-address-details="addAddressVM.manager.formData"></div>
				
				<button type="submit" class="button button-dark" name="btnSaveProfile">
					Continue
				</button>
				<a href="#" class="secondary-cta" data-ng-click="addAddressVM.back()" data-colrs-trap-last>
					Choose a different address
				</a>
			</form>
		</div>
	</div>
	
	<span class="accessibility" tabindex="-1">
		End of pop up dialog box
	</span>
</div>


</script>

<script type="text/ng-template" id="/online/COLRSSelectQasAddressSuperbarTemplate?storeId=20201&amp;langId=-1&amp;requesttype=ajax">
	

<div id="view-select-address" class="view view-select-address colrs-animate ng-enter" tabindex="-1" data-colrs-trap-focus data-colrs-superbar-select-qas-address >
	<p class="accessibility" tabindex="-1">
		Start of pop up dialog box
	</p>
	<p class="accessibility" tabindex="-1" data-colrs-trap-initial data-colrs-trap-first>
		Pop up box displayed address verification					       
    </p>
	<div class="draw-content-scroll">
		<div id="colrs-sw-prodl-select-address-dss-scroll-dir" mbox
				data-mboxname="colrs-sw-prodl-select-address-dss-scroll" class="mboxDefault">
			
		</div>
		<div class="draw-content-header">
			<h1 class="heading" tabindex="-1" data-colrs-trap-initial>
				Please verify your address<span class="draw-dss-ellipses" aria-hidden="true">...</span>
			</h1>
						
			<a href="#" class="hidden-close-draw focus-outline" data-ng-click="close()" tabindex="0">
				Close this pop up dialog box
			</a>
			<p class="accessibility" data-ng-if="superbarSelectQasAddressVM.addressData.addresses.length > 1">
				We found {{::superbarSelectQasAddressVM.displayCount}} matches. Choose your address from the list below.
			</p>
			<p class="accessibility" data-ng-if="superbarSelectQasAddressVM.addressData.addresses.length === 1">
				We found {{::superbarSelectQasAddressVM.addressData.addresses.length}} match. Choose your address from the list below.
			</p>
			<p class="accessibility" data-ng-if="!superbarSelectQasAddressVM.addressData.addresses.length">
				We were unable to find a match for your address. Choose an option from the list below. 
			</p>
			
		</div>
		<div class="draw-content-body">
			<div data-colrs-qas-address-list data-address-data="superbarSelectQasAddressVM.addressData" 
					data-display-limit="superbarSelectQasAddressVM.displayLimit"
					data-entered-address="superbarSelectQasAddressVM.enteredAddress"
					data-select-address-fn="superbarSelectQasAddressVM.handleAddressClick(addressDetailsPromise, isFromQas)" 
					data-show-link="superbarSelectQasAddressVM.showAddressAsEnteredLink"
					data-a-service-type="superbarSelectQasAddressVM.aServiceType">
			</div>
			<a href="#" class="link-previous" data-ng-click="superbarSelectQasAddressVM.back()" data-colrs-trap-last>
				<svg focusable="false" class="icon icon-arrow" role="presentation" aria-hidden="true">
	                   <use xmlns:xlink="http://www.w3.org/1999/xlink" xlink:href="#icon-arrow"></use>
	               </svg>
				Enter a different address
			</a>
		</div>
	</div>
	
	<span class="accessibility" tabindex="-1">
		End of pop up dialog box
	</span>
</div>


</script>

<script type="text/ng-template" id="/online/COLRSAddAddressContactSuperbarTemplate?storeId=20201&amp;langId=-1&amp;requesttype=ajax">
	

<div class="view view-contact-details colrs-animate ng-enter" tabindex="-1" data-colrs-add-address-contact data-colrs-trap-focus>
	<span class="accessibility" tabindex="-1"> 
		Start of pop up dialog box
	</span>
	<a href="#" class="hidden-close-draw focus-outline" data-ng-click="close()">
		Close this pop up dialog box
	</a>
	<div class="draw-content-scroll">
		<div id="colrs-sw-prodl-contact-details-dss-scroll-dir" mbox
				data-mboxname="colrs-sw-prodl-contact-details-dss-scroll" class="mboxDefault">
			
		</div>
		<div class="draw-content-header">
			<h1 class="heading" tabindex="-1" data-colrs-trap-initial data-colrs-trap-first>
				Who can we contact about deliveries to this address?
			</h1>
		</div>
		<div class="draw-content-body">
			<form name="addAddressContactForm" method="post" data-colrs-submit-if-valid="addAddressContactVM.updateAddressContact()" novalidate>
				<div data-ng-if="addAddressContactForm.invalidSubmission && addAddressContactForm.$invalid" data-colrs-validation-messages></div>
				<span class="req-field-desc">
                    All fields are mandatory unless marked optional
                </span>
                
                
				<div data-colrs-address-contact-form data-address-contact="addAddressContactVM.manager.formData"></div>
				
				<div class="draw-cta">
					<button type="submit" name="btnSaveProfile" class="button button-dark" >
						Continue
					</button>
				</div>
				<a href="#" class="secondary-cta" data-ng-click="addAddressContactVM.back()" data-colrs-trap-last>
					Choose a different address
				</a>
			</form>
		</div>
	</div>
	
	<span class="accessibility" tabindex="-1">
		End of pop up dialog box
	</span>
</div>


</script>

<script type="text/ng-template" id="/online/COLRSAddressNicknameErrorSuperbarTemplate?storeId=20201&amp;langId=-1&amp;requesttype=ajax">
	

<div class="view view-add-address colrs-animate ng-enter" tabindex="-1" data-colrs-nickname-error data-colrs-trap-focus>
	<span class="accessibility" tabindex="-1"> 
		Start of pop up dialog box
	</span>
	<div class="draw-content-scroll">
		<div id="colrs-sw-prodl-nickname-dss-scroll-dir" mbox
				data-mboxname="colrs-sw-prodl-nickname-dss-scroll" class="mboxDefault">
			
		</div>
		<div class="draw-content-body">
			<div class="draw-warning">
				<div class="warning-content">
					<svg focusable="false" class="icon icon-alert" role="presentation" aria-hidden="true">
						<use xmlns:xlink="http://www.w3.org/1999/xlink" xlink:href="#icon-alert"></use>
					</svg>
					
					<p role="text" class="title-wrapper" tabindex="-1" data-colrs-trap-initial data-colrs-trap-first>
						<span class="warning-title">
							The nickname {{::nicknameErrorVM.manager.formData.nickName}} has already been used. Please use another nickname.
						</span>
					</p>
					<br/>
					<form name="nicknameForm" method="post" data-ng-submit="nicknameErrorVM.saveAddress($event)" novalidate>
						
						<div class="form-field-row">
							<span class="form-field-col1">
								<label for="nickname-input" class="form-field-label">
									Name this address
									<span class="accessibility">
										. For example,Home or Mum&rsquo;s House
									</span>
									<span class="form-field-small-font">
										<span aria-hidden="true">
											E.g.Home or Mum&rsquo;s House
										</span>
									</span>
								</label>
							</span>
							
							<span class="form-field-col2" aria-live="off" data-ng-messages="nicknameForm.$submitted && nicknameForm.nickname.$error">	
								<span id="nickname-input-error" class="colrs-animate form-field-error-message" tabindex="-1" data-ng-message="required">
									Please enter a name for this address
								</span>
								<span id="nickname-input-error" class="colrs-animate form-field-error-message" tabindex="-1" data-ng-message="maxlength">
									Please ensure the name for this address is 100 characters or less
								</span>
								<span id="nickname-input-error" class="colrs-animate form-field-error-message" tabindex="-1" data-ng-message="colrsNicknameRegex">
									Please remove these characters from the name for this address {{nicknameForm.nickname.errorProps.colrsNicknameRegex}}
								</span>
								
								<input type="text" id="nickname-input" class="form-field-input" name="nickname" 
									required maxlength="100" data-colrs-nickname-regex aria-describedby="nickname-input-error"
									data-ng-model="nicknameErrorVM.nickName" data-ng-model-options="{ updateOn: 'submit'}" />
							</span>
						</div>
					
						<button type="submit" class="button button-dark" name="btnAddAddress">
							Continue
						</button>
						<a href="#" class="secondary-cta" data-ng-click="nicknameErrorVM.back()" data-colrs-trap-last>
							Enter a different address</a>
					</form>
				</div>
			</div>
		</div>
	</div>
	<span class="accessibility" tabindex="-1">
		End of pop up dialog box
	</span>
</div>


</script>

<script type="text/ng-template" id="/online/COLRSCommPreferencesSuperbarTemplate?storeId=20201&amp;langId=-1&amp;requesttype=ajax">
	
<div data-colrs-comm-preferences class="view view-subscriptions colrs-animate ng-enter" data-ng-class="{'has-back-link': commPreferencesVM.originatedFromAccount}" tabindex="-1" data-colrs-trap-focus>
    <span class="accessibility" tabindex="-1"> 
		Start of pop up dialog box
	</span>
	<p class="accessibility" tabindex="-1" data-colrs-trap-initial data-colrs-trap-first>
		Pop up box displayed Communication preferences            
	</p> 
	
    <div class="draw-content-scroll">
        <div class="draw-content-header">
        	<a href="#" class="back-link" data-ng-click="commPreferencesVM.goBack()" data-ng-if="commPreferencesVM.originatedFromAccount"> 
            	<svg focusable="false" class="icon icon-back" role="presentation" aria-hidden="true">
                	<use xmlns:xlink="http://www.w3.org/1999/xlink" xlink:href="#icon-back"></use>
               	</svg>
                <span class="accessibility-inline">
                	Back to my account
                </span>
            </a>
            <h1 class="heading">Communication preferences</h1>
        </div>
        <a href="#" class="hidden-close-popup focus-outline" tabindex="0" data-ng-click="close()">
        Close this pop up dialog box
    </a>
        <div class="draw-content-body">
       		
            <form name="commPreferencesForm" action="javascript:void(0)" method="post" data-colrs-submit-if-valid="commPreferencesVM.updateCommPreferences($event)" autocomplete="off" autocorrect="off" autocapitalize="off" novalidate>
				<fieldset>
					<legend class="heading">
						Send me special offers, promotions, and news
					</legend>
					<div class="checkbox-container is-plain">
						<input type="checkbox" id="checkbox-option" data-ng-model="commPreferencesVM.manager.emailPreference" name="checkbox-option"> 
						<div class="form-field-checkbox-mask">
							<span class="form-field-checkbox-checked"></span>
						</div>
						<label class="form-field-checkbox-label" for="checkbox-option">
							Via email
						</label>
					</div>
					<div class="checkbox-container is-plain">
						<input type="checkbox" id="checkbox-option2" data-ng-model="commPreferencesVM.manager.smsPreference" name="checkbox-option"> 
						<div class="form-field-checkbox-mask">
							<span class="form-field-checkbox-checked"></span>
						</div>
						<label class="form-field-checkbox-label" for="checkbox-option2">
							Via SMS or phone
						</label>
					</div>
				</fieldset>
	            <button class="button button-dark form-field-button" type="submit">Save preferences</button>
	            <a href="#" class="secondary-cta" data-ng-click="commPreferencesVM.goBack()" data-colrs-trap-last>
	                <strong>Cancel</strong>
	            </a>
            </form>
        </div>
    </div>
    <span class="accessibility" tabindex="-1">
		End of pop up dialog box
	</span> 
</div>

</script>

<script type="text/ng-template" id="/online/COLRSDietaryLifestylePreferencesSuperbarTemplate?storeId=20201&amp;langId=-1&amp;requesttype=ajax">
	
<div data-colrs-dietary-lifestyle-preferences class="view view-subscriptions colrs-animate ng-enter" data-ng-class="{'has-back-link': dietaryLifestylePreferencesVM.originatedFromAccount}" tabindex="-1" data-colrs-trap-focus>
    <span class="accessibility" tabindex="-1"> 
		Start of pop up dialog box
	</span>
	<p class="accessibility" tabindex="-1" data-colrs-trap-initial data-colrs-trap-first>
		Pop up box displayed Dietary and lifestyle preferences            
	</p> 
	
    <div class="draw-content-scroll">
        <div class="draw-content-header">
        	<a href="#" class="back-link" data-ng-click="dietaryLifestylePreferencesVM.goBack()" data-ng-if="dietaryLifestylePreferencesVM.originatedFromAccount"> 
            	<svg focusable="false" class="icon icon-back" role="presentation" aria-hidden="true">
                	<use xmlns:xlink="http://www.w3.org/1999/xlink" xlink:href="#icon-back"></use>
               	</svg>
                <span class="accessibility-inline">
                	Back to my account
                </span>
            </a>
            <h1 class="heading">Dietary and lifestyle preferences</h1>
        </div>
        <a href="#" class="hidden-close-popup focus-outline" tabindex="0" data-ng-click="close()">
        Close this pop up dialog box
    </a>
        <div class="draw-content-body">
       		
            <form name="dietaryLifestylePreferencesForm" action="javascript:void(0)" method="post" data-colrs-submit-if-valid="dietaryLifestylePreferencesVM.updateDietaryLifestylePreferences($event)" autocomplete="off" autocorrect="off" autocapitalize="off" novalidate>
				<fieldset>
					<legend class="heading">
						Select your dietary and lifestyle preferences
					</legend>
					<div class="checkbox-container is-plain">
						<input type="checkbox" id="checkbox-option" data-ng-model="dietaryLifestylePreferencesVM.manager.dietPreference.PreferenceAllergyEggFree" name="checkbox-option"> 
						<div class="form-field-checkbox-mask">
							<span class="form-field-checkbox-checked"></span>
						</div>
						<label class="form-field-checkbox-label" for="checkbox-option">
							Egg free
						</label>
					</div>
					<div class="checkbox-container is-plain">
						<input type="checkbox" id="checkbox-option2" data-ng-model="dietaryLifestylePreferencesVM.manager.dietPreference.PreferenceAllergyGlutenFree" name="checkbox-option"> 
						<div class="form-field-checkbox-mask">
							<span class="form-field-checkbox-checked"></span>
						</div>
						<label class="form-field-checkbox-label" for="checkbox-option2">
							Gluten free
						</label>
					</div>
					<div class="checkbox-container is-plain">
						<input type="checkbox" id="checkbox-option3" data-ng-model="dietaryLifestylePreferencesVM.manager.dietPreference.PreferenceEthicalHalal" name="checkbox-option"> 
						<div class="form-field-checkbox-mask">
							<span class="form-field-checkbox-checked"></span>
						</div>
						<label class="form-field-checkbox-label" for="checkbox-option3">
							Halal
						</label>
					</div>
					<div class="checkbox-container is-plain">
						<input type="checkbox" id="checkbox-option4" data-ng-model="dietaryLifestylePreferencesVM.manager.dietPreference.PreferenceEthicalKosher" name="checkbox-option"> 
						<div class="form-field-checkbox-mask">
							<span class="form-field-checkbox-checked"></span>
						</div>
						<label class="form-field-checkbox-label" for="checkbox-option4">
							Kosher
						</label>
					</div>
					<div class="checkbox-container is-plain">
						<input type="checkbox" id="checkbox-option5" data-ng-model="dietaryLifestylePreferencesVM.manager.dietPreference.PreferenceAllergyLactoseFree" name="checkbox-option"> 
						<div class="form-field-checkbox-mask">
							<span class="form-field-checkbox-checked"></span>
						</div>
						<label class="form-field-checkbox-label" for="checkbox-option5">
							Lactose free
						</label>
					</div>
					<div class="checkbox-container is-plain">
						<input type="checkbox" id="checkbox-option6" data-ng-model="dietaryLifestylePreferencesVM.manager.dietPreference.PreferenceAllergyNutFree" name="checkbox-option"> 
						<div class="form-field-checkbox-mask">
							<span class="form-field-checkbox-checked"></span>
						</div>
						<label class="form-field-checkbox-label" for="checkbox-option6">
							Nut free
						</label>
					</div>
					<div class="checkbox-container is-plain">
						<input type="checkbox" id="checkbox-option7" data-ng-model="dietaryLifestylePreferencesVM.manager.dietPreference.PreferenceEthicalOrganic" name="checkbox-option"> 
						<div class="form-field-checkbox-mask">
							<span class="form-field-checkbox-checked"></span>
						</div>
						<label class="form-field-checkbox-label" for="checkbox-option7">
							Organic
						</label>
					</div>
					<div class="checkbox-container is-plain">
						<input type="checkbox" id="checkbox-option8" data-ng-model="dietaryLifestylePreferencesVM.manager.dietPreference.PreferenceEthicalVegan" name="checkbox-option"> 
						<div class="form-field-checkbox-mask">
							<span class="form-field-checkbox-checked"></span>
						</div>
						<label class="form-field-checkbox-label" for="checkbox-option8">
							Vegan
						</label>
					</div>
					<div class="checkbox-container is-plain">
						<input type="checkbox" id="checkbox-option9" data-ng-model="dietaryLifestylePreferencesVM.manager.dietPreference.PreferenceEthicalVegetarian" name="checkbox-option"> 
						<div class="form-field-checkbox-mask">
							<span class="form-field-checkbox-checked"></span>
						</div>
						<label class="form-field-checkbox-label" for="checkbox-option9">
							Vegetarian
						</label>
					</div>
					<div class="checkbox-container is-plain">
						<input type="checkbox" id="checkbox-option10" data-ng-model="dietaryLifestylePreferencesVM.manager.dietPreference.PreferenceAllergyYeastFree" name="checkbox-option"> 
						<div class="form-field-checkbox-mask">
							<span class="form-field-checkbox-checked"></span>
						</div>
						<label class="form-field-checkbox-label" for="checkbox-option10">
							Yeast free
						</label>
					</div>
				</fieldset>
	            <button class="button button-dark form-field-button" type="submit">Save preferences</button>
	            <a href="#" class="secondary-cta" data-ng-click="dietaryLifestylePreferencesVM.goBack()" data-colrs-trap-last>
	                <strong>Cancel</strong>
	            </a>
            </form>
        </div>
    </div>
    <span class="accessibility" tabindex="-1">
		End of pop up dialog box
	</span> 
</div>

</script>

<script type="text/ng-template" id="/online/COLRSDeliveryPreferencesSuperbarTemplate?storeId=20201&amp;langId=-1&amp;requesttype=ajax">
	
<div data-colrs-delivery-preferences class="view view-delivery-preference colrs-animate ng-enter" data-ng-class="{'has-back-link': deliveryPreferencesVM.originatedFromAccount}" tabindex="-1" data-colrs-trap-focus>
    <span class="accessibility" tabindex="-1"> 
		Start of pop up dialog box
	</span>
	<p class="accessibility" tabindex="-1" data-colrs-trap-initial data-colrs-trap-first>
		Pop up box displayed Delivery preferences            
	</p>
	
    <div class="draw-content-scroll">
        <div class="draw-content-header">
        	<a href="#" class="back-link" data-ng-click="deliveryPreferencesVM.goBack()" data-ng-if="deliveryPreferencesVM.originatedFromAccount">
            	<svg focusable="false" class="icon icon-back" role="presentation" aria-hidden="true">
                	<use xmlns:xlink="http://www.w3.org/1999/xlink" xlink:href="#icon-back"></use>
               	</svg>
                <span class="accessibility-inline">
                	Back to my account
                </span>
            </a>
            <h1 class="heading">Delivery preferences</h1>
        </div>
        <a href="#" class="hidden-close-popup focus-outline" tabindex="0" data-ng-click="close()">
	        Close this pop up dialog box
	    </a>
        <div class="draw-content-body">
            <form name="deliveryPreferencesForm" method="post" data-colrs-submit-if-valid="deliveryPreferencesVM.updateDeliveryPreferences($event)" autocomplete="off" autocorrect="off" autocapitalize="off" novalidate>
                <fieldset>
                	<legend class="heading">
                		What should we do if you&apos;re not home?
                	</legend>
	                <div class="checkbox-container is-plain">
						<input type="checkbox" id="checkbox-option" data-ng-model="deliveryPreferencesVM.manager.deliveryPreference" name="checkbox-option"> 
						<div class="form-field-checkbox-mask">
							<span class="form-field-checkbox-checked"></span>
						</div>
						<label class="form-field-checkbox-label" for="checkbox-option">
							Leave my delivery unattended at my door
						</label>
					</div>
				</fieldset>
				<div class = "delivery-preference-espot">
				
				</div>
				
				<button class="button button-dark form-field-button" type="submit">
					Save preferences
				</button>
	            <a href="#" class="secondary-cta" data-ng-click="deliveryPreferencesVM.goBack()" data-colrs-trap-last>
	                <strong>Cancel</strong>
	            </a>
            </form>
        </div>
    </div>
    <span class="accessibility" tabindex="-1">
		End of pop up dialog box
	</span> 
</div>

</script>

<script type="text/ng-template" id="/online/COLRSRemindersSuperbarTemplate?storeId=20201&amp;langId=-1&amp;requesttype=ajax">
	
<div data-colrs-reminders class="view view-reminders colrs-animate ng-enter" data-ng-class="{'has-back-link': remindersVM.originatedFromAccount}" tabindex="-1" data-colrs-trap-focus>
    <span class="accessibility" tabindex="-1"> 
		Start of pop up dialog box
	</span>
	<p class="accessibility" tabindex="-1" data-colrs-trap-initial data-colrs-trap-first>
		Pop up box displayed Your Reminders            
	</p>
	
    <div class="draw-content-scroll">
        <div class="draw-content-header">
        	<a href="#" class="back-link" data-ng-click="remindersVM.goBackToAccount()" data-ng-if="remindersVM.originatedFromAccount">
            	<svg focusable="false" class="icon icon-back" role="presentation" aria-hidden="true">
                	<use xmlns:xlink="http://www.w3.org/1999/xlink" xlink:href="#icon-back"></use>
               	</svg>
                <span class="accessibility-inline">
                	Back to my account
                </span>
            </a>
            <h1 class="heading">Shopping reminders</h1>
        </div>
        <a href="#" class="hidden-close-popup focus-outline" tabindex="0" data-ng-click="close()">
	        Close this pop up dialog box
	    </a>
        <div class="draw-content-body">
            <form name="remindersForm" method="post" data-colrs-submit-if-valid="remindersVM.updateReminders($event)" autocomplete="off" autocorrect="off" autocapitalize="off" novalidate>
                <fieldset>
                	<legend class="heading">
                		Products I may have forgotten
                	</legend>
	                <div class="checkbox-container is-plain">
						<input type="checkbox" id="checkbox-option" data-ng-model="remindersVM.manager.reminders.forgottenFlag" name="checkbox-option"> 
						<div class="form-field-checkbox-mask">
							<span class="form-field-checkbox-checked"></span>
						</div>
						<label class="form-field-checkbox-label" for="checkbox-option">
							Remind me during checkout
						</label>
					</div>
				</fieldset>
				<button class="button button-dark form-field-button" type="submit" data-colrs-trap-last>
					Save preferences
				</button>
            </form>
        </div>
    </div>
    <span class="accessibility" tabindex="-1">
		End of pop up dialog box
	</span> 
</div>

</script>

<script type="text/ng-template" id="/online/COLRSTeamMemberSuperbarTemplate?storeId=20201&amp;langId=-1&amp;requesttype=ajax">
	
<div data-colrs-team-member class="view view-teammember colrs-animate ng-enter" data-ng-class="{'has-back-link': teamMemberVM.originatedFromAccount}" data-colrs-trap-focus tabindex="-1">
    <span class="accessibility" tabindex="-1">
    	Start of pop up dialog box
    </span>
    
	<p class="accessibility" tabindex="-1" data-colrs-trap-initial data-colrs-trap-first>
		<span ng-if="!teamMemberVM.manager.teamMemberNumber">
			Pop up box displayed For Coles employees
		</span>
		<span ng-if="teamMemberVM.manager.teamMemberNumber">
			Pop up box displayed change your mycoles number
		</span>
	</p>

    <div class="draw-content-scroll">
        <div class="draw-content-header">
        	<a href="#" class="back-link" data-ng-click="teamMemberVM.goBack($event)" data-ng-if="teamMemberVM.originatedFromAccount"> 
            	<svg focusable="false" class="icon icon-back" role="presentation" aria-hidden="true">
                	<use xmlns:xlink="http://www.w3.org/1999/xlink" xlink:href="#icon-back"></use>
               	</svg>
                <span class="accessibility-inline">
                	Back to my account
                </span>
            </a>
            <h1 class="heading">Are you a Coles team member?</h1>
            <a href="#" class="hidden-close-popup focus-outline" tabindex="0" data-ng-click="close()">
        		Close this pop up dialog box
   		    </a>
            <p class="intro">Enter your mycoles card number to receive a discount on every shop.</p>
        </div>
        <div class="draw-content-body">
			<form name="teamMemberForm" action="javascript:void(0)" method="post" data-colrs-submit-if-valid="teamMemberVM.updateTeamMember()" novalidate>
				<div data-colrs-validation-messages ng-if="teamMemberForm.invalidSubmission && teamMemberForm.$invalid">
				</div>
				
				<div class="input-container" aria-live="off"
						data-ng-messages="teamMemberForm.invalidSubmission && teamMemberForm.myColesNo.$error">
					<label for="myColesNo" class="form-field-label">
						Your mycoles number
					</label>
				   	
				   	<span id="myColesNo-error" data-ng-message="required" class="colrs-animate form-field-error-message">
						Please enter a valid team member number
					</span>
					<span id="myColesNo-error" data-ng-message="minlength" class="colrs-animate form-field-error-message">
						Please enter a valid team member number
					</span>
					<span id="myColesNo-error" data-ng-message="maxlength" class="colrs-animate form-field-error-message">
						Please enter a valid team member number
					</span>
					<span id="myColesNo-error" data-ng-message="colrsTeamMemberValidator" class="colrs-animate form-field-error-message">
						Please enter a valid team member number
					</span>
					
					<input id="myColesNo" class="form-field-input" data-ng-class="{'has-delete-button': teamMemberVM.manager.teamMemberNumber.length}" type="text" name="myColesNo" aria-describedby="myColesNo-error"
							required minlength="13" data-ng-minlength="13" maxlength="13" pattern="[0-9]*" data-ng-maxlength="13" data-colrs-team-member-validator
							ng-model-options="{ updateOn: 'submit'}" ng-model="teamMemberVM.manager.teamMemberNumber">
							
					<button type="button" class="button button-small button-plain button-delete" data-ng-show="teamMemberVM.manager.teamMemberNumber.length" data-ng-click="teamMemberVM.deleteTeamMemberNumber($event)">
                       	<svg focusable="false" class="icon icon-cross" aria-hidden="true" role="presentation">
							<use xmlns:xlink="http://www.w3.org/1999/xlink" xlink:href="#icon-cross"></use>
						</svg>
                       	<span class="accessibility-inline ng-binding">
                       		Delete your my coles number
                      	</span>
                    </button>
                       
				</div>
				
				<button class="button button-dark form-field-button">
					Save mycoles number
				</button>
				
				<a href="#" class="secondary-cta" data-ng-click="teamMemberVM.goBack($event)" data-colrs-trap-last>
					<strong>Cancel</strong>
				</a>
			</form>
        </div>
    </div>
    
    <span class="accessibility" tabindex="-1">
    	End of pop up dialog box
	</span>
</div>

</script>

<script type="text/ng-template" id="/online/COLRSSavedAddressesSuperbarTemplate?storeId=20201&amp;langId=-1&amp;requesttype=ajax">
	

<div class="view view-saved-addresses colrs-animate ng-enter" data-ng-class="{ 'has-back-link': !savedAddressesVM.fromPartnersAddress && savedAddressesVM.originatedFromAccount}" tabindex="-1" data-colrs-saved-addresses data-colrs-trap-focus>
    <p class="accessibility" tabindex="-1">
    	Start of pop up dialog box
    </p>
    <p role="text" class="accessibility" tabindex="-1" data-colrs-trap-initial data-colrs-trap-first>
		Pop up box displayed My addresses
    </p>
    <div class="loading-icon" data-ng-show="!savedAddressesVM.isInitialised" data-ng-class="{'is-active' : !savedAddressesVM.isInitialised}">
		<div data-colrs-preloader data-svg-id="preloader-large-3" data-size="large" data-is-animating="!savedAddressesVM.isInitialised"></div>
	</div>        
    <div class="draw-content-scroll" data-ng-if="savedAddressesVM.isInitialised">
        <div class="draw-content-header" data-ng-if="savedAddressesVM.addressManager.addresses.length > 0">
        	<a href="#" class="back-link" data-ng-click="savedAddressesVM.goBack()" data-ng-if="!savedAddressesVM.fromPartnersAddress && savedAddressesVM.originatedFromAccount"> 
            	<svg focusable="false" class="icon icon-back" role="presentation" aria-hidden="true">
                	<use xmlns:xlink="http://www.w3.org/1999/xlink" xlink:href="#icon-back"></use>
               	</svg>
                <span class="accessibility-inline">
                	Back to my account
                </span>
            </a>
        	<h1 class="heading">
        		My addresses
        	</h1>
            <a href="#" class="hidden-close-popup focus-outline" data-ng-click="close()">
		        Close this pop up dialog box
		    </a>
        </div>
        <div class="draw-content-body">
        	<div class="draw-warning" data-ng-if="savedAddressesVM.addressManager.addresses.length === 0">
                <div class="warning-content">
                    <svg focusable="false" class="icon icon-add-address" role="presentation" aria-hidden="true">
                        <use xmlns:xlink="http://www.w3.org/1999/xlink" xlink:href="#icon-add-address"></use>
                    </svg>
	                <h1 class="warning-title">
	                	You have no saved addresses
	                </h1>
				    <a href="#" class="hidden-close-popup focus-outline" data-ng-click="close()">
				        Close this pop up dialog box
				    </a>        
	                <button class="button button-dark" data-ng-click="savedAddressesVM.addNewAddress($event)">
	                	Add an address
	                </button>
                    <a href="#" class="secondary-cta" data-ng-click="savedAddressesVM.goBack()">
                    	Back to my Account
                    </a>
	            </div>
            </div>
            <ul class="my-address-list" data-ng-if="savedAddressesVM.addressManager.addresses.length > 0">
                <li class="address">
                    <button data-ng-click="savedAddressesVM.addNewAddress($event)" class="button button-plain button-add-address">
                        <span role="text">
							<svg focusable="false" class="icon icon-plus" role="presentation" aria-hidden="true">
                                <use xmlns:xlink="http://www.w3.org/1999/xlink" xlink:href="#icon-plus"></use>
                            </svg>
							<span>Add a new address</span>
                        </span>
                    </button>
                </li>
				<li class="address" data-ng-class="{'is-success': savedAddressesVM.manager.isAddressUpdated(address) , 'is-success is-deleted': savedAddressesVM.isAddressDeleted(address)}" data-ng-repeat="address in savedAddressesVM.addressManager.addresses">
                    <div class="success-message" data-ng-if="savedAddressesVM.manager.isAddressUpdated(address) || savedAddressesVM.isAddressDeleted(address)">
                        <svg focusable="false" class="icon icon-success-white" role="presentation" aria-hidden="true">
                            <use xmlns:xlink="http://www.w3.org/1999/xlink" xlink:href="#icon-success-white"></use>
                        </svg>
                        <p class="success-message-text" id="success-message-text-{{::$index}}" tabindex="-1" role="text">
                            <span role="text" data-ng-bind-html="savedAddressesVM.successMessage"></span>
                        </p>
                    </div>
                    <div class="address-wrapper" data-ng-if="!savedAddressesVM.isAddressDeleted(address)">
                    	<div class="address-details-wrapper">
                            <h2 class="heading">{{::address.nickName}}</h2>
                            <div class="address-details" role="text">
                                <span class="address-row primary" aria-hidden="true">
                                    {{::address.addressLine1Formatted}}, {{::address.addressLine2Formatted}}
                                </span>
                                <span class="address-row" aria-hidden="true">
                                    {{::address.firstName}}  {{::address.lastName}} &ndash; {{::savedAddressesVM.formatTelno(address.phone1)}}
                                </span>
                                <span class="address-row" aria-hidden="true">
                                    {{::address.email1}}
                                </span>
                                <span class="accessibility-inline">{{::address.fullAddressA11y}} {{::savedAddressesVM.nameAndContactA11y(address)}}</span>
                            </div>
                        </div>
                        <div class="button-wrapper">
						    <button class="edit-link has-icon" data-ng-if="savedAddressesVM.addressManager.addresses.length > 1 && savedAddressesVM.isDeletableAddress() && address.isDeletable" 
	                    		data-ng-click="savedAddressesVM.editAddress(address, $event)">
						        <span role="text">
						            <svg focusable="false" class="icon icon-edit" role="presentation" aria-hidden="true">
						                <use xmlns:xlink="http://www.w3.org/1999/xlink" xlink:href="#icon-edit"></use>
						            </svg>
						            <span aria-hidden="true">
						            	Edit
						            </span>
						            <span class="accessibility-inline">
						            	Edit address {{::address.fullAddressA11y}}
									</span>
						        </span>
						    </button>
						    <button class="edit-link has-icon" data-ng-if="savedAddressesVM.addressManager.addresses.length > 1 && savedAddressesVM.isDeletableAddress() && address.isDeletable && !$last" 
								data-ng-click="savedAddressesVM.deleteAddress(address, $event)">
						        <span role="text">
						            <svg focusable="false" class="icon icon-trash" role="presentation" aria-hidden="true">
						                <use xmlns:xlink="http://www.w3.org/1999/xlink" xlink:href="#icon-trash"></use>
						            </svg>
						            <span aria-hidden="true">
						            	Delete
						            </span>
						            <span class="accessibility-inline">
						            	Delete your {{::address.nickName}} address
									</span>
								</span>
							</button>
							<button class="edit-link has-icon" data-ng-if="savedAddressesVM.addressManager.addresses.length > 1 && savedAddressesVM.isDeletableAddress() && address.isDeletable && $last" 
								data-ng-click="savedAddressesVM.deleteAddress(address, $event)" data-colrs-trap-last>
								<span role="text">
									<svg focusable="false" class="icon icon-trash" role="presentation" aria-hidden="true">
										<use xmlns:xlink="http://www.w3.org/1999/xlink" xlink:href="#icon-trash"></use>
									</svg>
									<span aria-hidden="true">
										Delete
									</span>
									<span class="accessibility-inline">
										Delete your {{::address.nickName}} address
									</span>
								</span>
							</button>
						</div>
					</div>
					<div class="address-callout has-icon" data-ng-if="!savedAddressesVM.isAddressDeleted(address) && !address.hasMobileNo()">
						<svg focusable="false" class="icon icon-mobile-ring" role="presentation" aria-hidden="true">
							<use xmlns:xlink="http://www.w3.org/1999/xlink" xlink:href="#icon-mobile-ring"></use>
						</svg>
						<span class="callout-text">
							<a href="#" data-ng-click="savedAddressesVM.addMobileNumber(address, $event)">
								Add a mobile number <span class="accessibility-inline">to receive real time order updates</span>
							</a>
							<span aria-hidden="true">to receive real-time order updates.</span>
						</span>
					</div>
				</li>
			</ul>
		</div>
	</div>
	<span class="accessibility" tabindex="-1">
		End of pop up dialog box
	</span>
</div>


</script>

<script type="text/ng-template" id="/online/COLRSListsViewSuperbarTemplate?storeId=20201&amp;langId=-1&amp;requesttype=ajax">
	
<div class="view view-lists colrs-animate ng-enter" data-ng-class="{'has-back-link': listsViewVM.originatedFromAccount}"
		tabindex="-1" data-colrs-lists-view data-colrs-trap-focus>
    <span class="accessibility" tabindex="-1">
		Start of pop up dialog box
    </span>
    <p class="accessibility" tabindex="-1" aria-live="assertive" data-colrs-trap-initial data-colrs-trap-first>
		Pop up box displayed My lists
    </p>
	<div class="view-lists">
	    <div class="draw-content-scroll">
	        <div class="draw-content-header">
				<a href="#" class="back-link" data-ng-click="listsViewVM.goBack()" data-ng-if="listsViewVM.originatedFromAccount">
			        <svg focusable="false" class="icon icon-back" role="presentation" aria-hidden="true">
		                <use xmlns:xlink="http://www.w3.org/1999/xlink" xlink:href="#icon-back"></use>
			        </svg>
					<span class="accessibility-inline">Back to my account</span>
			    </a>
	       		<h1 class="heading" data-ng-if="listsViewVM.mode === 'view'">
	       			My lists
	       		</h1>
				<a href="#" class="hidden-close-popup focus-outline" data-ng-click="close()">
				    Close this pop up dialog box
				</a>
			</div>
	        
<div style="display:none" aria-hidden="true">[[RS_LISTVIEW_TOP_CONTENT]]</div>

			<div class="new-list-btn-container">
				<div class="new-list-btn">
					<button type="button" class="button button-plain create-list-btn" data-ng-click="listsViewVM.createList($event)">
						<svg focusable="false" role="presentation" aria-hidden="true" class="icon iconId">
							<use xmlns:xlink="http://www.w3.org/1999/xlink" data-ng-attr-xlink:href="#icon-plus" xlink:href=""></use>
						</svg>
						<span>Create a new list</span>
					</button>
				</div>
			</div>
	         
	        <div class="list-content">
	        	<span id="created_list_announce_text" class="accessibility" tabindex="-1">List created</span>
				<ul>
					<li data-ng-repeat="list in listsViewVM.data">
						<span id="deleted_list_{{list.id}}_text" class="accessibility" tabindex="-1"></span>
						 
						<div data-ng-if="!(listsViewVM.isNotificationPanelVisible && listsViewVM.currListIndex === $index)" data-ng-style="list.listDisplaySectionStyle?list.listDisplaySectionStyle:{}" class="list-section">
		        			<div class="list-notification-header" data-ng-if="list.isHeaderNotiVisible?list.isHeaderNotiVisible:false">
		        				<span class="list-notification-icon-edit">
						            <svg focusable="false" class="icon icon-success-white" role="presentation" aria-hidden="true">
								        <use xmlns:xlink="http://www.w3.org/1999/xlink" xlink:href="#icon-success-white"></use>
								   	 </svg>
							    </span>
								<span class="list-notification-header-desc">
									"{{list.name}}" updated
								</span>
		        			</div>
		        			<div class="list-container">
		        				<div class="list-info">
									<p aria-hidden="true" class="list-label">{{ list.name }} ({{ list.formattedItemCount }})
									</p>
									<span class="accessibility">
		                        		{{list.name}} contains {{list.formattedItemCount}} products
									</span>
			                    </div>
			                    <div class="list-edit-button">
			                    	<button data-list="{{list}}" data-list-id="{{list.id}}"  data-list-Name="{{list.name}}"
										data-ng-click="listsViewVM.openEditList($event)">
										<svg focusable="false" class="icon icon-edit" role="presentation" aria-hidden="true">
											<use xmlns:xlink="http://www.w3.org/1999/xlink" xlink:href="#icon-edit"></use>
										</svg>
										<span aria-hidden="true">
											Edit
										</span>
										<span role="text" class="accessibility-inline">
											Edit {{list.name}} list
										</span>
									</button>
		                        </div>
		                    </div>
		                    <div class="shopnow-btn-container">
								<button class="button button-small" data-list-id="{{list.id}}"
		                        	data-ng-click="listsViewVM.openInTab($event)">
		                        	<span role="text" aria-hidden="true">
		                        		Shop now
									</span>
									<span class="accessibility-inline">
			                        		Shop now from {{list.name}} list
									</span>
		                        </button>
		                    </div>
	                    </div>
	                    <div class="list-notification" data-ng-if="listsViewVM.isNotificationPanelVisible && listsViewVM.currListIndex === $index">
						   	 <span class="list-notification-icon">
					            <svg focusable="false" class="icon icon-success-white" role="presentation" aria-hidden="true">
							        <use xmlns:xlink="http://www.w3.org/1999/xlink" xlink:href="#icon-success-white"></use>
							   	 </svg>
						    </span>
							<span class="list-notification-message">{{listsViewVM.deleteEventNotificationMessage}}</span>
						    <!-- a data-ng-click ="listsViewVM.closeNotification($event)" class="btn-notification-close-link">
								<svg focusable="false" class="btn-notification-close" role="presentation" aria-hidden="true">
									<use xmlns:xlink="http://www.w3.org/1999/xlink" xlink:href="#icon-cross"></use>
								</svg>
								<span class="accessibility-inline">???ACCOUNT_SAVED_LIST_CLOSE_NOTIFICATION???</span>
							</a-->
					    </div>
	        		</li>
	        	</ul>
			</div>
		</div>
	   	
    </div>
    <span class="accessibility" tabindex="-1">
    	End of pop up dialog box
    </span>
</div>

</script>

<script type="text/ng-template" id="/online/COLRSRenameListFormSuperbarTemplate?storeId=20201&amp;langId=-1&amp;requesttype=ajax">
	

<div class="view view-lists-rename colrs-animate ng-enter" tabindex="-1" data-colrs-rename-list data-colrs-trap-focus>
    <span class="accessibility" tabindex="-1">
    	Start of pop up dialog box
    </span>
    
    <p class="accessibility" tabindex="-1" data-colrs-trap-initial data-colrs-trap-first>
		Pop up box displayed Rename this list
    </p>

    <div class="draw-content-body">
        <div class="draw-warning">
        	<div class="draw-warning-content">
        	
				<a href="#" class="hidden-close-popup focus-outline" data-ng-click="close()">
				    Close this pop up dialog box
				</a>
        	
        		<svg focusable="false" class="icon icon-mylists" role="presentation" aria-hidden="true">
                	<use xmlns:xlink="http://www.w3.org/1999/xlink" xlink:href="#icon-mylists"></use>
                </svg>
                
                <form class="rename-list-form" name="renameListForm" method="post" autocomplete="off" autocorrect="off" autocapitalize="off"
                	data-colrs-submit-if-valid="renameListFormVM.updateList(false)" data-colrs-rename-list-form novalidate>
	                
                    <div class="input-container" aria-live="off" data-ng-messages="renameListForm.invalidSubmission && renameListForm.listname.$error">
		                <label for="list-name-input" class="warning-title">
		                	Rename this list
		                </label>

						<span id="list-name-input-error" class="colrs-animate form-field-error-message" tabindex="-1" data-ng-message="required">
							A name for the list is required
						</span>
						<span id="list-name-input-error" class="colrs-animate form-field-error-message" tabindex="-1" data-ng-message="colrsListnameRegex">
							Please remove these characters from list name {{renameListForm.listname.errorProps.colrsListnameRegex}}	
						</span>
						
						 <input type="text" id="list-name-input" class="form-field-input" name="listname" 
                        	required maxlength="64" data-colrs-listname-regex aria-describedby="list-name-input-error" 
                        	data-ng-model="renameListFormVM.data.name" data-ng-model-options="{ updateOn: 'submit'}" />
                    </div>

                    <button class="button button-dark form-field-button" data-ng-click="renameListFormVM.setReturnElement($event)">
						Save <span class="accessibility-inline">this list name</span>
					</button>
					
                    <a href="#" class="secondary-cta" data-ng-click="renameListFormVM.goBack()" data-colrs-trap-last>
                        Cancel
                    </a>
                </form>
			</div>
        </div>
    </div>

    <span class="accessibility" tabindex="-1">
    	End of pop up dialog box
    </span>
</div>


</script>

<script type="text/ng-template" id="/online/COLRSNewListConfirmationSuperbarTemplate?storeId=20201&amp;langId=-1&amp;requesttype=ajax">
	

<div class="view view-lists-success colrs-animate ng-enter" data-colrs-new-list-confirmation tabindex="-1" data-colrs-trap-focus>

    <p class="accessibility" tabindex="-1"> 
		Start of pop up dialog box
	</p>
	
	<div class="draw-content-body">
        <div class="draw-warning">
            <div class="warning-content">
				<svg focusable="false" class="icon icon-listsuccess" role="presentation" aria-hidden="true">
                    <use xmlns:xlink="http://www.w3.org/1999/xlink" xlink:href="#icon-listsuccess"></use>
                </svg>                
				<p role="text" class="warning-title" tabindex="0" data-colrs-trap-initial data-colrs-trap-first>
					List created! You're ready to start adding products.                    
					<span class="accessibility-inline">
						Select the Add or remove button for each product to add that product to a list.
					</span>
                </p>
                
				<button class="button button-dark" data-ng-click="newListFormVM.gotoSavedLists()" data-colrs-trap-last>
                    Go to my lists
                </button>
                
            </div>
        </div>
    </div>
    
	<span class="accessibility">
		End of pop up dialog box
	</span>
</div>


</script>

<script type="text/ng-template" id="/online/COLRSDeleteListFormSuperbarTemplate?storeId=20201&amp;langId=-1&amp;requesttype=ajax">
	
<div class="view view-lists-rename colrs-animate ng-enter" data-colrs-trap-focus tabindex="-1" data-colrs-delete-list>
    <p class="accessibility" tabindex="-1">
    	Start of pop up dialog box
    </p>
    <div class="draw-content-body">
        <div class="draw-warning">
        	<div class="draw-warning-content">	
				<div class="warning-content">
					<svg focusable="false" class="icon icon-alert" role="presentation" aria-hidden="true">
	                    <use xmlns:xlink="http://www.w3.org/1999/xlink" xlink:href="#icon-alert"></use>
	                </svg>
	                <div role="text" tabindex="-1" data-colrs-trap-initial data-colrs-trap-first>
		                <p class="warning-title ng-binding">{{deleteListVM.warningTitle}}</p>
					</div>
                	<button class="button button-dark" data-ng-click="deleteListVM.remove($event)">
                		Yes, delete it
                	</button>
                	<a href="#" class="secondary-cta" data-ng-click="deleteListVM.goBack()" data-colrs-trap-last>
                		Cancel
                	</a>
				</div>       
			</div>
        </div>
    </div>
    <span class="accessibility" tabindex="-1">
    	End of pop up dialog box
    </span>
</div>

</script>

<script type="text/ng-template" id="/online/COLRSEditSavedListSuperbarTemplate?storeId=20201&amp;langId=-1&amp;requesttype=ajax">
	
<div class="view view-edit-list colrs-animate ng-enter" data-ng-class="{'has-back-link': manageListFormVM.originatedFromAccount}"
 tabindex="-1" data-colrs-manage-list-form data-colrs-trap-focus>
    <span class="accessibility" tabindex="-1">
    	Start of pop up dialog box
    </span>
    <p id="edit_list_first_focus_ele"  class="accessibility" tabindex="-1" aria-live="assertive" data-colrs-trap-initial data-colrs-trap-first>
    	Pop up box displayed Edit Lists
    </p>
	<p role="text" id="edictListDoneAnnounce" class="accessibility-inline" tabindex="-1"></p>
  	<div class="draw-warning" data-ng-if="manageListFormVM.isItemDeleting">
		<div class="warning-content">
			<div data-colrs-preloader data-svg-id="preloader-generic-loader" data-size="large" data-is-animating="true" />
			<p id="deleting-announcement" role="text" class="warning-title" tabindex="-1">
				<span role="text" data-ng-bind-html="manageListFormVM.deletingMessage" />
			</p>
		</div>
	</div>
    <div class="draw-content-scroll view-lists-edit" data-ng-if="!manageListFormVM.isItemDeleting">
         <form class="rename-list-form" name="renameListForm" method="post" autocomplete="off" autocorrect="off" autocapitalize="off"
                		data-colrs-submit-if-valid="manageListFormVM.done($event)" data-colrs-rename-list-form novalidate>
		        <div class="draw-content-header">
				    <a href="#" class="back-link" data-ng-click="manageListFormVM.goBack()" data-ng-if="manageListFormVM.originatedFromAccount">
				        <svg focusable="false" class="icon icon-back" role="presentation" aria-hidden="true">
			                <use xmlns:xlink="http://www.w3.org/1999/xlink" xlink:href="#icon-back"></use>
				        </svg>
				         <span class="accessibility-inline" tabindex="-1">
							Back to my list
						</span>
			    	</a>
				    <h1 class="heading view-lists-edit-heading ng-scope">
			       		 Edit List
			       	</h1>
					<a href="#" class="hidden-close-popup focus-outline" data-ng-click="close()">
					    Close this pop up dialog box
					</a>

					<div class="edit-list-btn-container">
						<div>
							<button class="edit-list-btn" data-ng-click="manageListFormVM.setReturnElement($event)">
								 Done
							</button>
		                </div>
			        </div>


	        	</div>
	         	
	        	<div class="list-name-edit-section">

		        	<div>
		        		<h2>
		        	  		List name
		        		<h2>
		        	</div>
	                   <div class="input-container" aria-live="off" data-ng-messages="renameListForm.invalidSubmission && renameListForm.listname.$error">
						<span id="list-name-input-error" class="colrs-animate form-field-error-message" tabindex="-1" data-ng-message="required">
							A name for the list is required
						</span>
						<span id="list-name-input-error" class="colrs-animate form-field-error-message" tabindex="-1" data-ng-message="colrsListnameRegex">
							Please remove these characters from list name {{renameListForm.listname.errorProps.colrsListnameRegex}}
						</span>
						 <label tabindex="-1"  class="accessibility" for="list-name-input">Edit list name</label>
						 <input type="text" id="list-name-input" class="form-field-input" name="listname"
	                       	required maxlength="64" data-colrs-listname-regex aria-describedby="list-name-input-error"
	                       	data-ng-model="manageListFormVM.listName"/>
	                   </div>

		        	<div class="edit-list-delete-btn-container">
	        			<button data-ng-click="manageListFormVM.deleteSingleList($event)">
	    					<svg focusable="false" class="icon icon-trash" aria-hidden="true">
								<use xmlns:xlink="http://www.w3.org/1999/xlink" xlink:href="#icon-trash"></use>
							</svg>
							 <span class="accessibility-inline">
							 	Delete list
		                    </span>
	        			<span aria-hidden="true">Delete list</span></button>
	        		</div>
	        	</div>
        	 </form>
	        <div class="list-content">
	        	<div style="text-align: center;margin-top: 50px;" data-ng-if="manageListFormVM.isListEmpty" id="list-empty" tabindex="-1">
		        		 <span class="accessibility">
							 	List is empty
		                </span>
		        		<h2>List is empty</h2>
		        </div>
	        	<div class="edit-list-separator"></div>
	        	
	        	<div class="list-items-display">
	        		<p id="deleted-announcement" role="text" class="accessibility" tabindex="-1">
	        			{{manageListFormVM.deletedMessage}}
	        		</p>
		     		<ul  data-ng-if="!manageListFormVM.isListEmpty">
		        		<li role="presentation" data-ng-repeat="anItem in manageListFormVM.listItemsModelList" >
		        			<div class="edit-list-item-container">
		        				<div>
		        					
		        					<img alt="" class="edit-list-item-image" data-ng-src="{{::anItem.productImage}}" />
		        					
		        					<div class="edit-list-item-desc">
		        						<a id="list-item-{{anItem.singleSKUCatalogEntryID}}" data-ng-attr-href="{{anItem.href}}" data-ng-click = "manageListFormVM.openProduct($event,anItem.seoToken)">
			        						<h3  aria-hidden="true">
			        							{{anItem.itemDesc}}
			        						</h3>
			        						<span class="accessibility">{{anItem.itemDesc}}</span>
		        						</a>
		        					</div>
		        					
		        					<div class="edit-list-item-remove-btn">
			        					<button class="button button-plain" data-ng-click="manageListFormVM.deleteItemFromList($event, anItem)" data-item="{{anItem.singleSKUCatalogEntryID}}">
			        						<span class="accessibility" tabindex="-1">
												<span>Remove {{anItem.itemDesc}} from list</span>
											</span>
											<svg focusable="false" class="icon icon-cross" aria-hidden="true">
												<use xmlns:xlink="http://www.w3.org/1999/xlink" xlink:href="#icon-cross"></use>
											</svg>
										</button>
		        					</div>
		        					
		        					<div data-colrs-item-qty-dropdown-btn data-is-last-item="$last"
		        					data-item = "anItem" data-value-update-callback = "manageListFormVM.itemQtyChanged"
		        					data-on-qty-drop-down-open="manageListFormVM.itemQtyDropDownOpen"
		        					data-on-lose-focus="manageListFormVM.itemQtyLoseFocus"
		        					data-selected-qty-value="anItem.productQty">
		        					</div>
		        				</div>
		        			</div>
		        		</li>
		        	</ul>
	        	</div>
	        </div>
    </div>
    <div style="display:none" id="pageAnnounce">
    </div>
    <span class="accessibility" tabindex="-1">
    	End of pop up dialog box
    </span>
</div>


</script>

<script type="text/ng-template" id="/online/COLRSCreateListFormSuperbarTemplate?storeId=20201&amp;langId=-1&amp;requesttype=ajax">
	

<div class="view view-lists-create colrs-animate ng-enter" tabindex="-1" data-colrs-create-list-form data-colrs-trap-focus>
    <span class="accessibility" tabindex="-1">
    	Start of pop up dialog box
    </span>
    <p class="accessibility" tabindex="-1" data-colrs-trap-initial data-colrs-trap-first>
		Pop up box displayed Create a list
	</p>
	<h1 class="accessibility-inline" tabindex="-1">
		Create a list
	</h1>
	<a href="#" class="hidden-close-popup focus-outline" tabindex="0" data-ng-click="close()">
		Close this pop up dialog box
	</a>
		
	<div class="draw-content-body">
		<div class="draw-warning">
			<div class="draw-warning-content">
        		<svg focusable="false" class="icon icon-mylists" role="presentation" aria-hidden="true">
                	<use xmlns:xlink="http://www.w3.org/1999/xlink" xlink:href="#icon-mylists"></use>
                </svg>
               
                <form class="create-list-form" name="createListForm" method="post" autocomplete="off" autocorrect="off" autocapitalize="off" 
                	data-colrs-submit-if-valid="createListFormVM.createList(false)" data-colrs-create-list-form novalidate>
                	
                    <div class="input-container" aria-live="off" data-ng-messages="createListForm.invalidSubmission && createListForm.listname.$error">
		                <label for="list-name-input" class="warning-title">
		                	Choose a name for this list
		                </label>
	                
						<span id="list-name-input-error" class="colrs-animate form-field-error-message" tabindex="-1" data-ng-message="required">
							A name for the list is required
						</span>
						<span id="list-name-input-error" class="colrs-animate form-field-error-message" tabindex="-1" data-ng-message="colrsListnameRegex">
							Please remove these characters from list name {{createListForm.listname.errorProps.colrsListnameRegex}}	
						</span>

                        <input type="text" id="list-name-input" class="form-field-input" name="listname" 
                        	required maxlength="64" data-colrs-listname-regex aria-describedby="list-name-input-error" 
                        	data-ng-model="createListFormVM.list.name" data-ng-model-options="{ updateOn: 'submit'}" />
                    </div>

                    <button class="button button-dark form-field-button" data-ng-click="createListFormVM.setReturnElement($event)">
						Save
					</button>
					
                    <a href="" class="secondary-cta" data-ng-click="createListFormVM.goBack()" data-colrs-trap-last>
                        Cancel
                    </a>
                </form>
			</div>
       	</div>
   	</div>
    
    <span class="accessibility" tabindex="-1">
    	End of pop up dialog box
    </span>
</div>

</script>

<script type="text/ng-template" id="/online/COLRSFlybuysSuperbarTemplate?storeId=20201&amp;langId=-1&amp;requesttype=ajax">
	
<div class="view view-flybuys colrs-animate ng-enter" data-ng-class="{'has-back-link': flybuysVM.originatedFromAccount}" tabindex="-1" data-colrs-trap-focus data-colrs-flybuys data-context="account">
	<span class="accessibility" tabindex="-1"> 
		Start of pop up dialog box
	</span>
	<p class="accessibility" tabindex="-1" data-ng-if="!flybuysVM.flybuysNumber" data-colrs-trap-initial data-colrs-trap-first>
		Pop up box displayed enter your flybuys number
	</p>
    <div class="draw-content-scroll">
        <div class="draw-content-header">
        	<a href="#" class="back-link" data-ng-click="flybuysVM.goBack()" data-ng-if="flybuysVM.originatedFromAccount">
            	<svg focusable="false" class="icon icon-back" role="presentation" aria-hidden="true">
                	<use xmlns:xlink="http://www.w3.org/1999/xlink" xlink:href="#icon-back"></use>
               	</svg>
                <span class="accessibility-inline">
                	Back to my account
                </span>
            </a>
            <span class="heading">Link your flybuys account</span>
        	<a href="#" class="hidden-close-popup focus-outline" data-ng-click="close()">
	        	Close this pop up dialog box
	    	</a>
	    	<span class="intro">Earn flybuys points every time you shop!</span>
	    </div>
        <div class="draw-content-body">
            <form name="flybuysForm" method="post" data-ng-submit="flybuysVM.saveFlybuysNumber($event)" novalidate>
				<img data-ng-src="/wcsstore/ColesResponsiveStorefrontAssetStore/dist/90b2e798691089e2d47e0a69aa96fa34/img/icons/icon-flybuys-no.svg" class="icon-flybuys-card" role="presentation" aria-hidden="true" 
					alt="Your flybuys number is printed on the back of your flybuys card">
				<h1 class="heading">
					Enter your flybuys number
				</h1>
				
				<div name="flybuysNumber" class="flybuys-input-container" aria-live="off" required
					data-colrs-flybuys-input data-label="Flybuys Number" 
					data-ng-model="flybuysVM.flybuysNumber" data-ng-model-options="{ updateOn: 'submit'}" 
					data-ng-messages="flybuysForm.$submitted && flybuysForm.flybuysNumber.$error" >
				</div>
				<span class="footnote">
					By entering your flybuys number, you agree that flybuys and Coles can exchange information about you.
				</span>
				<label for="flybuys-import" class="form-field-checkbox-label flybuys-import-checkbox">
					<input type="checkbox" id="flybuys-import" name="flybuys-import" data-ng-model="flybuysVM.importItemsFlag"> 
					<span class="form-field-checkbox-mask" ></span>
					Shop faster! Import items you've bought before
				</label>
				<button type="submit" class="button button-dark">
					Link flybuys account
				</button>
				<a href="#" class="secondary-cta" data-ng-click="flybuysVM.goBack()" data-ng-if="::flybuysVM.originatedFromAccount" data-colrs-trap-last>
                	Cancel
            	</a>
            	<a href="#" class="secondary-cta" data-ng-click="flybuysVM.goBack()" data-ng-if="::!flybuysVM.originatedFromAccount" data-colrs-trap-last>
                	Skip this step
            	</a>
            </form>
        </div>
    </div>
    <span class="accessibility" tabindex="-1">
	   	End of pop up dialog box
	</span>
</div>

</script>
<script type="text/ng-template" id="/online/COLRSFlybuysManageSuperbarTemplate?storeId=20201&amp;langId=-1&amp;requesttype=ajax">
	
<div class="view view-flybuys colrs-animate ng-enter" data-ng-class="{'has-back-link': flybuysVM.originatedFromAccount}" tabindex="-1" data-colrs-trap-focus data-colrs-flybuys data-context="account">
	<span class="accessibility" tabindex="-1">
		Start of pop up dialog box
	</span>
	<p class="accessibility" tabindex="-1" data-ng-if="flybuysVM.flybuysNumber" data-colrs-trap-initial data-colrs-trap-first>
		Pop up box displayed Manage your flybuys number
	</p>
    <div class="draw-content-scroll">
        <div class="draw-content-header">
        	<a href="#" class="back-link" data-ng-click="flybuysVM.goBack()" data-ng-if="flybuysVM.originatedFromAccount">
            	<svg focusable="false" class="icon icon-back" role="presentation" aria-hidden="true">
                	<use xmlns:xlink="http://www.w3.org/1999/xlink" xlink:href="#icon-back"></use>
               	</svg>
                <span class="accessibility-inline">
                	Back to my account
                </span>
            </a>
            <h1 class="heading">Manage your flybuys details</h1>
        	<a href="#" class="hidden-close-popup focus-outline" data-ng-click="close()">
	        	Close this pop up dialog box
	    	</a>
	    	<span class="intro">Earn flybuys points every time you shop!</span>
	    </div>
        <div class="draw-content-body">
            <form name="flybuysForm" method="post" data-ng-submit="flybuysVM.importFromFlybuysNumber($event)" novalidate>
				<img data-ng-src="/wcsstore/ColesResponsiveStorefrontAssetStore/dist/90b2e798691089e2d47e0a69aa96fa34/img/icons/icon-flybuys-no.svg" class="icon-flybuys-card" role="presentation" aria-hidden="true" 
					alt="Your flybuys number is printed on the back of your flybuys card">
				<h2 class="heading" style="font-size: 1.846153846em">
					Your flybuys number
				</h2>
				
				<label data-ng-if="::flybuysVM.maskingEnabled">
					<span class="accessibility-inline">
						your flybuys number starts with {{::flybuysVM.userManager.user.memberAttributes.unmaskedInitialDigitsA11y}} and ends with {{::flybuysVM.userManager.user.memberAttributes.unmaskedLastDigitsA11y}}
					</span>
					<span aria-hidden="true">
						{{::flybuysVM.userManager.user.memberAttributes.unmaskedInitialDigits}}<span class="flybuys-mask-number" data-ng-bind-html="flybuysVM.userManager.formatMaskedFlybuysBullets()"></span> {{::flybuysVM.userManager.user.memberAttributes.unmaskedLastDigits}}
					</span>
				</label>
				<label data-ng-if="::!flybuysVM.maskingEnabled">
					<span class="accessibility-inline">
						<span >Flybuys number</span>
					</span>
					<span data-ng-bind="flybuysVM.formattedFlybuysNumber"></span>
				</label>
				<a href="#" class="secondary-cta" data-ng-hide="!flybuysVM.flybuysNumber.length" data-ng-click="flybuysVM.deleteFlybuysNumber($event)">
                	<svg focusable="false" class="icon-flybuys-unlink" aria-hidden="true" role="presentation">
						<use xmlns:xlink="http://www.w3.org/1999/xlink" xlink:href="#icon-unlink"></use>
					</svg>
					<span class="accessibility-inline">
						Unlink your flybuys number that starts with {{::flybuysVM.userManager.user.memberAttributes.unmaskedInitialDigitsA11y}} and ends with {{::flybuysVM.userManager.user.memberAttributes.unmaskedLastDigitsA11y}}
					</span>
					<span aria-hidden="true">Unlink your flybuys number</span>
            	</a>
				<br/>
				<div class="separator">
					<label>
						<h3>Shop faster with bought before</h3>
					</label>
					<label class="secondary-desc">
						<span>Import your in-store purchases to your online "bought before".</span>
					</label>
					<br/>
					<button type="submit" class="button button-small">
						Import from flybuys
					</button>
				</div>
            </form>
        </div>
    </div>
    <span class="accessibility" tabindex="-1">
	   	End of pop up dialog box
	</span>
</div>

</script>

<script type="text/ng-template" id="/online/COLRSRegisterFlybuysSuperbarTemplate?storeId=20201&amp;langId=-1&amp;requesttype=ajax">
	

<div class="view view-flybuys colrs-animate ng-enter" tabindex="-1" data-colrs-flybuys data-colrs-trap-focus data-context="registration">
	<span class="accessibility" tabindex="-1"> 
		Start of pop up dialog box
	</span>
	<p class="accessibility" tabindex="-1" data-colrs-trap-initial data-colrs-trap-first>
		Pop up box displayed enter your flybuys number
	</p>
    <div class="draw-content-scroll">
        <div class="draw-content-body">
            <form name="flybuysForm" method="post" data-ng-submit="flybuysVM.saveFlybuysNumber($event)" novalidate>
				<img data-ng-src="/wcsstore/ColesResponsiveStorefrontAssetStore/dist/90b2e798691089e2d47e0a69aa96fa34/img/icons/icon-flybuys-no.svg" class="icon-flybuys-card" 
					alt="Your flybuys number is printed on the back of your flybuys card">
				<h1 class="heading">
					Enter your flybuys number
				</h1>
				<a href="#" class="hidden-close-popup focus-outline" data-ng-click="close()">
                   	Close this pop up dialog box
                 	</a>
                 	
				
				<div name="flybuysNumber" aria-live="off" required
					data-colrs-flybuys-input data-label="Flybuys Number" 
					data-ng-model="flybuysVM.flybuysNumber" data-ng-model-options="{ updateOn: 'submit'}" 
					data-ng-messages="flybuysForm.$submitted && flybuysForm.flybuysNumber.$error" >
				</div>
				
				<span class="footnote">
                	By entering your flybuys number, you agree that flybuys and Coles can exchange information about you.
              	</span>
				<button type="submit" class="button button-dark">
					Find the things I've bought before
				</button>
              	<a href="#" class="secondary-cta" data-ng-click="flybuysVM.goBack()" data-colrs-trap-last>
                	Cancel
            	</a>
            </form>
        </div>
    </div>
    <span class="accessibility" tabindex="-1">
	   	End of pop up dialog box
	</span>
</div>


</script>

<script type="text/ng-template" id="/online/COLRSAddNewAddressSuperbarTemplate?storeId=20201&amp;langId=-1&amp;requesttype=ajax">
	

<div class="view view-add-address view-contact-details colrs-animate ng-enter" data-ng-class="{'has-back-link': addAddressVM.originatedFromAccount}" tabindex="-1" data-colrs-add-address data-colrs-trap-focus>
    <span class="accessibility" tabindex="-1"> 
		Start of pop up dialog box
	</span>
	<p class="accessibility" tabindex="-1" data-colrs-trap-initial data-colrs-trap-first data-ng-if="::!addAddressVM.isEditAddress">
		Pop up box displayed Add an address
	</p>
    <p class="accessibility" tabindex="-1" data-colrs-trap-initial data-colrs-trap-first data-ng-if="::addAddressVM.isEditAddress">
		Pop up box displayed Edit an address
	</p>
    <div class="draw-content-scroll">
        <div class="draw-content-header">
        	<a href="#" class="back-link" data-ng-click="addAddressVM.back()" data-ng-if="addAddressVM.originatedFromAccount"> 
            	<svg focusable="false" class="icon icon-back" role="presentation" aria-hidden="true">
                	<use xmlns:xlink="http://www.w3.org/1999/xlink" xlink:href="#icon-back"></use>
               	</svg>
                <span class="accessibility-inline">
                	Go back to saved addresses
                </span>
            </a>
            <h1 class="heading" data-ng-if="::!addAddressVM.isEditAddress">
            	Add a new address
            </h1>
            <h1 class="heading" data-ng-if="::addAddressVM.isEditAddress">
            	Edit an address
            </h1>
            <a href="#" class="hidden-close-popup focus-outline" data-ng-click="close()">
       			Close this pop up dialog box
   			</a>
    	</div>
        <div class="draw-content-body">
        	<form name="addNewAddressForm" method="post" data-colrs-submit-if-valid="addAddressVM.next($event)" novalidate>
				<div data-ng-if="addNewAddressForm.invalidSubmission && addNewAddressForm.$invalid" data-colrs-validation-messages></div>
                <span class="req-field-desc">
               		All fields are mandatory unless marked optional
                </span>
                
				<div data-colrs-address-form data-address-details="addAddressVM.manager.formData" data-show-delivery-instr="false" data-ng-attr-data-keep-details="{{::addAddressVM.manager.keepDetails}}"></div>
				
				<div class="input-container contact">
					<fieldset>
						<legend class="heading">
							Who can we contact about orders for this address?
						</legend>
						<div class="input-container contact" data-address-contact="addAddressVM.manager.formData" 
							data-colrs-address-contact-form></div>
					</fieldset>
				</div>
                
                <button type="submit" class="button button-dark form-field-button" name="btnSaveProfile">
					Continue
				</button>
				<a href="#" class="secondary-cta" data-ng-click="addAddressVM.back()" data-colrs-trap-last>
					Cancel
				</a>
            </form>
		</div>
    </div>
    <span class="accessibility" tabindex="-1">
		End of pop up dialog box
	</span>
</div>


</script>

<script type="text/ng-template" id="/online/COLRSAddPartnerAddressSuperbarTemplate?storeId=20201&amp;langId=-1&amp;requesttype=ajax">
	

<div class="view view-hotel-address colrs-animate ng-enter" tabindex="-1" data-colrs-add-partner-address data-colrs-trap-focus>
    <span class="accessibility" tabindex="-1"> 
		Start of pop up dialog box
	</span>
	<p id="partner-a11y-title" class="accessibility" tabindex="-1" data-colrs-trap-initial data-colrs-trap-first>
		{{::addPartnerAddressVM.a11yTitle}}
	</p>
    
    <div class="draw-content-scroll">
        <div class="draw-content-header">
            <h1 class="heading">
            	Confirm your location
            </h1>
    	</div>
    	<a href="#" class="hidden-close-popup focus-outline" tabindex="0" data-ng-click="close()">
        		Close this pop up dialog box
   		</a>
        <div class="draw-content-body">
        	<form name="addPartnerAddressForm" method="post" data-colrs-submit-if-valid="addPartnerAddressVM.handleContinue($event)" novalidate>
				<div data-ng-if="addPartnerAddressForm.invalidSubmission && addPartnerAddressForm.$invalid" data-colrs-validation-messages></div>
                <span class="req-field-desc">
               		All fields are mandatory unless marked optional
                </span>
                <fieldset>
					
					<div class="input-container" aria-live="off" data-colrs-partners-drop-down data-label="{{addPartnerAddressVM.label}}" 
						data-ng-messages="addPartnerAddressForm.invalidSubmission && addPartnerAddressForm.partnerLocations.$error"
						data-ng-model="addPartnerAddressVM.selectedPartnerLocation">
					</div>
                    
                    
					<div class="input-container plain" aria-live="off"
						data-ng-messages="addPartnerAddressForm.invalidSubmission && addPartnerAddressForm.txtUnitNo.$error">
						<label for="unit-number-input" class="form-field-label">
							Unit/Room number or business name
							<span class="optional" data-ng-if="::addPartnerAddressVM.isUnitNoOptional">
								(optional)
							</span>
						</label>
						
						<span id="unit-number-input-error" class="colrs-animate form-field-error-message" data-ng-message="required">
							Please enter a unit/room number or business name
						</span>
						<span id="unit-number-input-error" class="colrs-animate form-field-error-message" data-ng-message="maxlength">
							Please ensure the unit/room number or business name is 50 characters or less
						</span>
						<span id="unit-number-input-error" class="colrs-animate form-field-error-message" data-ng-message="colrsNicknameRegex">
							Please remove these characters from the unit/room number or business name {{addPartnerAddressForm.txtUnitNo.errorProps.colrsNicknameRegex}}
						</span>
						
					   	<input type="text" id="unit-number-input" class="form-field-input unit-number-input" name="txtUnitNo"  
					   		maxlength="50" data-colrs-nickname-regex aria-describedby="unit-number-input-error" data-ng-required="::!addPartnerAddressVM.isUnitNoOptional"
							data-ng-model="addPartnerAddressVM.unitNumber" data-ng-model-options="{ updateOn: 'submit'}" />
					</div>
					
					
					<div class="input-container plain content">
                        <span role="text">
                            <span class="heading">Address</span>
                            <span data-ng-bind="addPartnerAddressVM.selectedPartnerLocation.fullAddressFormatted"></span>
                        </span>
                    </div>
    				
    				
					<div class="input-container plain" aria-live="off"
						data-ng-messages="addPartnerAddressForm.invalidSubmission && addPartnerAddressForm.txtBookingRef.$error">
						<label for="reference-number-input" class="form-field-label">
							Booking reference
							<span class="optional" data-ng-if="::addPartnerAddressVM.isBookingRefOptional">
								(optional)
							</span>
						</label>
						
						<span id="reference-number-input-error" class="colrs-animate form-field-error-message" data-ng-message="required">
							Please enter a booking reference
						</span>
						<span id="reference-number-input-error" class="colrs-animate form-field-error-message" data-ng-message="maxlength">
							Please ensure the booking reference is 20 characters or less
						</span>
						<span id="reference-number-input-error" class="colrs-animate form-field-error-message" data-ng-message="colrsNicknameRegex">
							Please remove these characters from the booking reference {{addPartnerAddressForm.txtBookingRef.errorProps.colrsNicknameRegex}}
						</span>
						
					   	<input type="text" id="reference-number-input" class="form-field-input reference-number-input" name="txtBookingRef" 
					   		maxlength="20" data-colrs-nickname-regex aria-describedby="reference-number-input-error" data-ng-required="::!addPartnerAddressVM.isBookingRefOptional" 
							data-ng-model="addPartnerAddressVM.referenceNumber" data-ng-model-options="{ updateOn: 'submit'}" />
					</div>
				</fieldset>
				
				<div class="input-container contact">
					<fieldset>
						<legend class="heading">
							Who can we contact about orders for this address?
						</legend>
						<div class="input-container contact" data-address-contact="addPartnerAddressVM.contactDetails" 
							data-colrs-address-contact-form data-show-email="{{!addPartnerAddressVM.selectedPartnerLocation.email1}}"></div>
					</fieldset>
				</div>
				
				<button type="submit" class="button button-dark form-field-button" name="btnSavePartnerAddress" data-colrs-trap-last>
					Continue
				</button>
            </form>
		</div>
    </div>
    <span class="accessibility" tabindex="-1">
		End of pop up dialog box
	</span>
</div>


</script>

<script type="text/ng-template" id="/online/COLRSPartnersFormTemplate?storeId=20201&amp;langId=-1&amp;requesttype=ajax">
	

<div class="form-field-row">
	<form name="partnersForm" method="post" novalidate data-ng-submit="partnersFormVM.next()"
	data-ng-messages="partnersForm.$submitted && partnersForm.partnerLocations.$error" aria-live="off"
	data-colrs-partners-drop-down data-label="{{::partnersFormVM.label}}" data-from-partner="true"  
	data-ng-model="partnersFormVM.selectedPartnerLocation">
		<button class="button button-dark" type="submit" ng-disabled="::partnersFormVM.invalid" id="partner-submit-btn">
			Continue
		</button>
	</form>
</div>


</script>

<script type="text/ng-template" id="/online/COLRSPartnersDropDownTemplate?storeId=20201&amp;langId=-1&amp;requesttype=ajax">
	

<label class="form-field-label" for="partner-location" data-ng-if="::partnersDropDownVM.label" 
	data-ng-bind="::partnersDropDownVM.label"></label>
<span id="partner-location-error" class="colrs-animate form-field-error-message" tabindex="-1" 
	data-ng-message="required" >
	To continue, you must select a location
</span>
<span id="partner-location-error" class="colrs-animate form-field-error-message" tabindex="-1" 
	data-ng-if="::partnersDropDownVM.invalid" >
	Sorry, there was a problem loading locations
</span>
<span class="form-field-dropdown-list-mask">
	<select name="partnerLocations" aria-describedby="partner-location-error"
		data-ng-model="partnersDropDownVM.selectedPartnerLocation" id="partner-location" required="" 
		data-ng-options="partnerLocation as partnerLocation.label for partnerLocation in partnersDropDownVM.partnerLocations track by partnerLocation.label">
		<option value="" data-ng-if="fromPartner">
			Please select
		</option>
	</select>
</span>
<ng-transclude ></ng-transclude>

</script>

<script type="text/ng-template" id="/online/COLRSAddressContactFormTemplate?storeId=20201&amp;langId=-1&amp;requesttype=ajax">
	
<div class="input-container" aria-live="off" data-ng-messages="addressContactForm.invalidSubmission && addressContactForm.firstName.$error">
	<span class="req-field-desc" data-ng-if="::showMandatoryLabel">
	    All fields are mandatory unless marked optional
	</span>
	<label for="firstname-input" class="form-field-label">
		Given name
	</label>
	
	<span id="firstname-input-error" class="colrs-animate form-field-error-message" data-ng-message="required">
		Please enter a given name
	</span>
	<span id="firstname-input-error" class="colrs-animate form-field-error-message" data-ng-message="maxlength">
		Please ensure the given name is 31 characters or less
	</span>
	<span id="firstname-input-error" class="colrs-animate form-field-error-message" data-ng-message="colrsNameRegex">
		Please remove these characters from the given name {{addressContactForm.firstName.errorProps.colrsNameRegex}}
	</span>
	
	<input type="text" id="firstname-input" class="form-field-input" name="firstName" 
		required maxlength="31" data-colrs-name-regex aria-describedby="firstname-input-error"
		data-ng-model="addressContact.firstName" data-ng-model-options="{ updateOn: 'submit'}" />
</div>


<div class="input-container" aria-live="off" data-ng-class="::{'plain': showNameTogether}" data-ng-messages="addressContactForm.invalidSubmission && addressContactForm.lastName.$error">
	<label for="lastname-input" class="form-field-label">
		Family name
	</label>
	
	<span id="lastname-input-error" class="colrs-animate form-field-error-message" data-ng-message="required">
		Please enter a family name
	</span>
	<span id="lastname-input-error" class="colrs-animate form-field-error-message" data-ng-message="maxlength">
		Please ensure the family name is 31 characters or less
	</span>
	<span id="lastname-input-error" class="colrs-animate form-field-error-message" data-ng-message="colrsNameRegex">
		Please remove these characters from the family name {{addressContactForm.lastName.errorProps.colrsNameRegex}}
	</span>
	
	<input type="text" id="lastname-input" class="form-field-input" name="lastName"
		required maxlength="31" data-colrs-name-regex aria-describedby="lastname-input-error"
		data-ng-model="addressContact.lastName" data-ng-model-options="{ updateOn: 'submit'}" />
</div>


<div class="input-container dates" name="dob" aria-live="off" data-ng-if="::showDateOfBirth" data-date-restriction="future"
	data-label="Date of birth" data-colrs-date-picker 
	data-ng-model="addressContact.dob" data-ng-model-options="{ updateOn: 'submit'}" 
	data-ng-messages="addressContactForm.$submitted && addressContactForm.dob.$error">
	<span id="dob-validation" class="colrs-animate form-field-error-message" data-ng-message="date, dateNotInFuture" >
		Please enter a valid date of birth
	</span>
</div>



<div class="input-container" aria-live="off" data-ng-if="showEmail && !showSecondaryEmail" data-ng-messages="addressContactForm.invalidSubmission && addressContactForm.email.$error">
	<label for="email-input" class="form-field-label">
		Email
	</label>
	
	<span id="email-input-error" class="colrs-animate form-field-error-message" data-ng-message="required">
		Please enter an email address
	</span>
	<span id="email-input-error" class="colrs-animate form-field-error-message" data-ng-message="maxlength">
		Please ensure the email is 50 characters or less
	</span>
	<span id="email-input-error" class="colrs-animate form-field-error-message" data-ng-message="colrsEmailRegex">
		Please enter a valid email address
	</span>
	
	<input type="email" id="email-input" class="form-field-input" name="email" 
		required maxlength="50" data-colrs-email-regex aria-describedby="email-input-error"
		data-ng-model="addressContact.email1" data-ng-model-options="{ updateOn: 'submit'}" />
</div>



<div class="input-container" aria-live="off" data-ng-if="showEmail && showSecondaryEmail" data-ng-messages="addressContactForm.invalidSubmission && addressContactForm.email.$error">
	<label for="email-input" class="form-field-label">
		Primary email
	</label>
	
	<span id="email-input-error" class="colrs-animate form-field-error-message" data-ng-message="required">
		Please enter a primary email address
	</span>
	<span id="email-input-error" class="colrs-animate form-field-error-message" data-ng-message="maxlength">
		Please ensure the primary email address is 50 characters or less
	</span>
	<span id="email-input-error" class="colrs-animate form-field-error-message" data-ng-message="colrsEmailRegex">
		Please enter a valid primary email address
	</span>
	
	<input type="email" id="email-input" class="form-field-input" name="email" 
		required maxlength="50" data-colrs-email-regex aria-describedby="email-input-error"
		data-ng-model="addressContact.email1" data-ng-model-options="{ updateOn: 'submit'}" />
</div>


<div class="input-container" aria-live="off" data-ng-if="showSecondaryEmail" data-ng-messages="addressContactForm.invalidSubmission && addressContactForm.email2.$error">
	<label for="email2-input" class="form-field-label">
		Secondary email
		<span class="optional" >(optional)</span>
	</label>
	
	<span id="email2-input-error" class="colrs-animate form-field-error-message" data-ng-message="maxlength">
		Please ensure the secondary email address is 50 characters or less
	</span>
	<span id="email2-input-error" class="colrs-animate form-field-error-message" data-ng-message="colrsEmail2Regex">
		Please enter a valid secondary email address
	</span>
	
	<input type="email" id="email2-input" class="form-field-input" name="email2" 
		maxlength="50" data-colrs-email2-regex aria-describedby="email2-input-error"
		data-ng-model="addressContact.email2" data-ng-model-options="{ updateOn: 'submit'}" />
</div>


<div class="input-container" aria-live="off" data-ng-messages="addressContactForm.invalidSubmission && addressContactForm.phone.$error" data-ng-if="addressContactFormVM.isMobile">
	<label for="mobile-input" class="form-field-label">
		Mobile number
	</label>
	
	<span role="text" id="mobile-input-hint" class="field-hint">
		<span class="accessibility-inline">
			For example,
		</span>
		<span aria-hidden="true">
			E.g.&nbsp;
		</span>
		<span>0456789123. This is where we'll send real<span aria-hidden="true">-</span>time updates about orders for this address</span>
	</span>
	
	<span id="mobile-input-error" class="colrs-animate form-field-error-message" data-ng-message="required">
		Please enter a mobile number
	</span>
	<span id="mobile-input-error" class="colrs-animate form-field-error-message" data-ng-message="colrsMobile" role="text">
		Please enter a mobile number beginning with <span aria-hidden="true">"</span>04<span aria-hidden="true">"</span>
	</span>
	
	<input type="tel" id="mobile-input" class="form-field-input" name="phone" 
		required colrs-mobile-input aria-describedby="mobile-input-error mobile-input-hint"
		data-ng-model="addressContact.phone" data-ng-model-options="{ updateOn: 'submit'}" />
		
	<button type="button" class="form-field-link" data-ng-click="addressContactFormVM.phoneMobileToggle()">
        I don't have a mobile number
    </button>
</div>


<div class="input-container" aria-live="off" data-ng-messages="addressContactForm.invalidSubmission && addressContactForm.phone.$error" data-ng-if="!addressContactFormVM.isMobile">
	<label for="phone-input" class="form-field-label">
		Phone number
	</label>
	
	<span role="text" id="phone-input-hint" class="field-hint">
		<span class="accessibility-inline">
			For example,
		</span>
		<span aria-hidden="true">
			E.g.&nbsp;
		</span>
		<span>0398765432 or 0456789123</span>
	</span>
	
	<span id="phone-input-error" class="colrs-animate form-field-error-message" data-ng-message="required">
		Please enter a phone number
	</span>
	<span id="phone-input-error" class="colrs-animate form-field-error-message" data-ng-message="colrsPhone">
		Please enter a valid phone number
	</span>
	
	<input type="tel" id="phone-input" class="form-field-input" name="phone" 
		required colrs-phone-input aria-describedby="phone-input-error phone-input-hint"
		data-ng-model="addressContact.phone" data-ng-model-options="{ updateOn: 'submit'}" />
			
	<div class="input-message">
         <div class="heading-container has-icon">
             <svg focusable="false" class="icon icon-mobile-ring" role="presentation" aria-hidden="true">
                 <use xmlns:xlink="http://www.w3.org/1999/xlink" xlink:href="#icon-mobile-ring"></use>
             </svg>
             <h2 class="input-message-heading" id="desc1">
                 <span role="text">Don't miss out on up<span aria-hidden="true">-</span>to<span aria-hidden="true">-</span>date notifications</span>
             </h2>
         </div>
         <p class="plain-text" id="desc2">
             Without a mobile number we may not be able to send you timely notifications about your account and orders.
         </p>
         <button type="button" class="plain-link" data-ng-click="addressContactFormVM.phoneMobileToggle()" aria-describedby="desc1 desc2">
             Use a mobile number
         </button>
     </div>
</div>


</script>

<script type="text/ng-template" id="/online/COLRSAddressFormTemplate?storeId=20201&amp;langId=-1&amp;requesttype=ajax">
	

<fieldset>
	<legend class="accessibility">
		The address you're ordering for
	</legend>
	
	
	<div class="input-container" aria-live="off" data-ng-messages="addressForm.invalidSubmission && addressForm.txtStreetAddress.$error">
		<label for="street-address-input" class="form-field-label">
			Street Address
		</label>
		
		<span role="text" id="street-address-input-hint" class="field-hint">
			<span class="accessibility-inline">
				For example,
			</span>
			<span aria-hidden="true">
				E.g.&nbsp;
			</span>
			1402/300 Elizabeth Street
		</span>
		
		<span id="street-address-input-error" class="colrs-animate form-field-error-message" data-ng-message="required">
			Please enter a street address
		</span>
		<span id="street-address-input-error" class="colrs-animate form-field-error-message" data-ng-message="maxlength">
			Please ensure the street address is 64 characters or less
		</span>
		<span id="street-address-input-error" class="colrs-animate form-field-error-message" data-ng-message="colrsAddressRegex">
			Please remove these characters from street address {{addressForm.txtStreetAddress.errorProps.colrsAddressRegex}}	
		</span>
		
	   	<input type="text" id="street-address-input" class="form-field-input street-address-input pred-address" name="txtStreetAddress" 
	   		required maxlength="64" data-colrs-address-regex aria-describedby="street-address-input-error street-address-input-hint" 
			data-ng-model="addressDetails.streetAddress" data-ng-model-options="{ updateOn: 'submit'}" />
	</div>
	
	      
	<div class="input-container plain" aria-live="off" data-ng-messages="addressForm.invalidSubmission && addressForm.txtSuburb.$error">
		<label for="suburb-input" class="form-field-label">
			Suburb
		</label>
		
		<span id="suburb-input-error" class="colrs-animate form-field-error-message" data-ng-message="required">
			Please enter a suburb
		</span>
		<span id="suburb-input-error" class="colrs-animate form-field-error-message" data-ng-message="maxlength">
			Please ensure the suburb is 64 characters or less
		</span>
		<span id="suburb-input-error" class="colrs-animate form-field-error-message" data-ng-message="colrsNameRegex">
			Please remove these characters from suburb {{addressForm.txtSuburb.errorProps.colrsNameRegex}}
		</span>
		
	   	<input type="text" id="suburb-input" class="form-field-input suburb-input" name="txtSuburb" 
			required maxlength="64" data-colrs-name-regex aria-describedby="suburb-input-error"
			data-ng-model="addressDetails.suburb" data-ng-model-options="{ updateOn: 'submit'}" />
	</div>
	
	
	<div class="input-container plain" aria-live="off" data-ng-messages="addressForm.invalidSubmission && addressForm.txtPostcode.$error">
		<label for="postcode-input" class="form-field-label">
			Post code
		</label>
		
		<span id="postcode-input-error" class="colrs-animate form-field-error-message" data-ng-message="required">
			Please enter a postcode
		</span>
		<span id="postcode-input-error" class="colrs-animate form-field-error-message" data-ng-message="maxlength">
			Please ensure the postcode is 3 or 4 characters
		</span>
		<span id="postcode-input-error" class="colrs-animate form-field-error-message" data-ng-message="minlength">
			Please ensure the postcode is 3 or 4 characters
		</span>
		<span id="postcode-input-error" class="colrs-animate form-field-error-message" data-ng-message="colrsNumbersonlyRegex">
			Post code must not contain alphabets and special characters
		</span>
		
	   	<input type="text" id="postcode-input" class="form-field-input postcode-input" name="txtPostcode" 
			required maxlength="4" pattern="[0-9]*" data-ng-minlength="3" data-colrs-numbersonly-regex aria-describedby="postcode-input-error"
			data-ng-model="addressDetails.postcode" data-ng-model-options="{ updateOn: 'submit'}" />
	</div>
	
	
	<div class="input-container plain" aria-live="off" data-ng-messages="addressForm.invalidSubmission && addressForm.txtState.$error">
		<label for="state-selection" class="form-field-label">
			State
		</label>
		
		<span id="state-selection-error" class="colrs-animate form-field-error-message" data-ng-message="required">
			Please select a state
		</span>
		
	    <span class="form-field-dropdown-list-mask">
		    <select id="state-selection" class="form-field-dropdown state-input" name="txtState" required aria-describedby="state-selection-error"
		    	data-ng-model="addressDetails.state" data-ng-model-options="{ updateOn: 'submit'}">
		        
					<option value="ACT" >
						ACT
					</option>
				
					<option value="NSW" >
						NSW
					</option>
				
					<option value="NT" >
						NT
					</option>
				
					<option value="QLD" >
						QLD
					</option>
				
					<option value="SA" >
						SA
					</option>
				
					<option value="TAS" >
						TAS
					</option>
				
					<option value="VIC" >
						VIC
					</option>
				
					<option value="WA" >
						WA
					</option>
				
		    </select>
		</span>
	</div>
</fieldset>


<div class="input-container" aria-live="off" data-ng-messages="addressForm.invalidSubmission && addressForm.nickname.$error">
	<label for="nickname-input" class="form-field-label">
		Give this address a name
	</label>
	
	<span role="text" id="nickname-input-hint" class="field-hint">
		<span class="accessibility-inline">
			For example,
		</span>
		<span aria-hidden="true">
			E.g.&nbsp;
		</span>
		Home, Work, Holiday house etc.
	</span>
	
	<span id="nickname-input-error" class="colrs-animate form-field-error-message" data-ng-message="maxlength">
		Please ensure the name for this address is 100 characters or less
	</span>
	<span id="nickname-input-error" class="colrs-animate form-field-error-message" data-ng-message="required">
		Please enter a name for this address
	</span>
	<span id="nickname-input-error" class="colrs-animate form-field-error-message" data-ng-message="colrsNicknameRegex">
		Please remove these characters from the name for this address {{addressForm.nickname.errorProps.colrsNicknameRegex}}
	</span>
	
	<input type="text" id="nickname-input" name="nickname" class="form-field-input" 
		required maxlength="100" data-colrs-nickname-regex aria-describedby="nickname-input-error nickname-input-hint"
		data-ng-model="addressDetails.nickName"	data-ng-model-options="{ updateOn: 'submit'}" />
</div>


<div class="input-container" aria-live="off" data-ng-if="::showDeliveryInstr" data-ng-messages="addressForm.invalidSubmission && addressForm.txtDeliveryInstructions.$error">
	<label for="delivery-instructions-input" class="form-field-label" >
		<span role="text">
			Delivery instructions
			&nbsp;<span class="optional">(optional)</span>
		</span>
	</label>
	
	<span id="delivery-instructions-input-error" class="colrs-animate form-field-error-message" data-ng-message="maxlength">
		Please ensure the delivery instructions are 400 characters or less
	</span>
	<span id="delivery-instructions-input-error" class="colrs-animate form-field-error-message" data-ng-message="colrsDeliveryInstructionsValidator">
		Please remove these characters from the delivery instructions {{addressForm.txtDeliveryInstructions.errorProps.colrsDeliveryInstructionsValidator}}
	</span>
	
	<textarea id="delivery-instructions-input" class="form-field-textarea" name="txtDeliveryInstructions" 
		maxlength="400" data-colrs-delivery-instructions-validator aria-describedby="delivery-instructions-input-error"
		data-ng-model="addressDetails.txtDeliveryInstructions" 
		data-ng-model-options="{ updateOn: 'submit'}" ></textarea>
</div>


</script>
<script type="text/ng-template" id="/online/COLRSUpdateMobileFormTemplate?storeId=20201&amp;langId=-1&amp;requesttype=ajax">
	

<svg focusable="false" class="icon icon-mobile-ring" role="presentation" aria-hidden="true">
	<use xmlns:xlink="http://www.w3.org/1999/xlink" xlink:href="#icon-mobile-ring"></use>
</svg>

<h1>
	<span role="text" data-colrs-trap-initial data-colrs-trap-first>
		<span class="warning-title" aria-hidden="true">
            {{::heading}}
        </span>
        <span class="plain-text" aria-hidden="true" data-ng-if="::headingAddress" data-ng-bind-html="::headingAddress"></span>
        <span class="accessibility-inline" data-ng-bind-html="::headingAlly"></span>
    </span>
</h1>
<span class="plain-text" role="text">
	Update to a mobile number and receive timely notifications about your account and orders. 
</span>

<div class="input-container plain" aria-live="off" data-ng-messages="updateMobileForm.invalidSubmission && updateMobileForm.phone.$error">
	<label for="mobile-num" class="form-field-label">
		Mobile number
	</label>
	<span role="text" id="mobile-num-hint" class="field-hint">
		<span class="accessibility-inline">
			For example,
		</span>
		<span aria-hidden="true">
			E.g.&nbsp;
		</span>
		0456789123
	</span>
	<span role="text" id="mobile-num-error" class="colrs-animate form-field-error-message" data-ng-message="required" tabindex="-1">
		Please enter a mobile number
	</span>
	<span role="text" id="mobile-num-error" class="colrs-animate form-field-error-message" data-ng-message="colrsMobile" tabindex="-1">
		Please enter a mobile number starting with <span aria-hidden="true">"</span>04<span aria-hidden="true">"</span>
	</span>
	<span role="text" id="mobile-num-error" class="colrs-animate form-field-error-message" data-ng-message="maxlength" tabindex="-1">
		Please enter a mobile number starting with <span aria-hidden="true">"</span>04<span aria-hidden="true">"</span>
	</span>
	
	<input type="tel" id="mobile-num" class="form-field-input" name="phone" 
		required maxlength="10" colrs-mobile-input aria-describedby="mobile-num-error mobile-num-hint"
		data-ng-model="addressContact.phone" data-ng-model-options="{ updateOn: 'submit'}" />
</div>


</script>

<script type="text/ng-template" id="/online/COLRSQasAddressListTemplate?storeId=20201&amp;langId=-1&amp;requesttype=ajax">
	
<ul class="address-list">
	<li ng-repeat="qasAddress in qasAddressListVM.addressList | limitTo: qasAddressListVM.displayLimit">
		<button data-ng-click="qasAddressListVM.selectAddress(qasAddress, true)">
			<span class="address-wrapper" role="text">
			 	<span class="heading" data-ng-bind="::qasAddress.addressLine"></span>
				<span class="address-details" data-ng-bind="::qasAddress.regionLine"></span>
		 	</span>
		 	<svg focusable="false" class="icon icon-arrow" role="presentation" aria-hidden="true">
				 <use xmlns:xlink="http://www.w3.org/1999/xlink" xlink:href="#icon-arrow"></use>
			 </svg>
		</button>
	</li>
	<li data-ng-if="qasAddressListVM.showLink">
		<button role="link" data-ng-click="qasAddressListVM.selectAddress(qasAddressListVM.userEnteredAddress, false)" >
			<span data-ng-if="qasAddressListVM.addressList && qasAddressListVM.addressList.length === 0 && qasAddressListVM.aServiceType === 'RD' && qasAddressListVM.userVM.user.isGuest" class="heading">The address entered is a remote delivery location. Continue with address entered.</span>
			<span data-ng-if="qasAddressListVM.addressList && qasAddressListVM.addressList.length === 0 && qasAddressListVM.aServiceType === 'RD' && qasAddressListVM.userVM.user.isRegistered" class="heading">Remote delivery address entered. Please continue to add contact details and select a transport provider.</span>
			<svg focusable="false" class="icon icon-arrow" role="presentation" aria-hidden="true">
				<use xmlns:xlink="http://www.w3.org/1999/xlink" xlink:href="#icon-arrow"></use>
			</svg>		 	
		</button>
	</li>
	<li data-ng-if="!hideRdWorksLink && qasAddressListVM.addressList && qasAddressListVM.addressList.length === 0 && qasAddressListVM.aServiceType === 'RD'">
		<a href="#" data-ng-click="qasAddressListVM.howRDWork($event)">
			How does remote delivery work?
		</a>
	</li>
	<li data-ng-if="qasAddressListVM.addressList && qasAddressListVM.addressList.length === 0 && !qasAddressListVM.showLink">
			<span class="heading">No address found.</span>
	</li>
</ul>

</script>

<script type="text/ng-template" id="/online/COLRSHowRDWorksSuperbarTemplate?storeId=20201&amp;langId=-1&amp;requesttype=ajax">
	
<div class="view view-rd-info colrs-animate ng-enter" tabindex="-1" data-colrs-trap-focus data-colrs-how-r-d-works>
	<span class="accessibility" tabindex="-1"> 
		Start of pop up dialog box
	</span>
	<p class="accessibility" tabindex="-1" data-colrs-trap-initial data-colrs-trap-first>
		Pop up box displayed How remote delivery works            
	</p> 
    <div class="draw-content-scroll">
        <div class="draw-content-header">
            <h1 class="heading">
            	How remote delivery works
			</h1>
            <a href="#" class="back-link" data-ng-click="howRDWorksVM.back()" aria-label="Back" data-ng-if="howRDWorksVM.showBackLink"> 
	           	<svg focusable="false" class="icon icon-back" role="presentation" aria-hidden="true">
	               	<use xmlns:xlink="http://www.w3.org/1999/xlink" xlink:href="#icon-back"></use>
	            </svg>
                <span class="accessibility-inline">
                	Back to address verification
                </span>
	        </a>
            <a href="#" class="hidden-close-popup focus-outline" data-ng-click="close()">
		        Close this pop up dialog box
		    </a>
        </div>
        <div class="draw-content-body">
			<div class="input-container">
				<svg focusable="false" class="icon icon-truck" role="presentation" aria-hidden="true">
					<use xmlns:xlink="http://www.w3.org/1999/xlink" xlink:href="#icon-truck"></use>
				</svg>
				<span class="text-wrapper">
					<h2 class="heading" tabindex="0">
						Place a Coles Online Order
					</h2>
					<span>
						We'll pick your order and pack it for transport to your transport provider.
					</span>
				</span>
				<svg focusable="false" class="icon icon-dropdown-small" role="presentation" aria-hidden="true">
					<use xmlns:xlink="http://www.w3.org/1999/xlink" xlink:href="#icon-dropdown-small"></use>
				</svg>
			</div>

			<div class="input-container">
				<svg focusable="false" class="icon icon-mapmarker" role="presentation" aria-hidden="true">
					<use xmlns:xlink="http://www.w3.org/1999/xlink" xlink:href="#icon-mapmarker"></use>
				</svg>
				<span class="text-wrapper">
					<h2 class="heading" tabindex="0">
						Choose a transport provider
					</h2>
					<span>
						We'll arrange for your transport provider to receive your order on the date you selected for delivery.
					</span>
				</span>
				<svg focusable="false" class="icon icon-dropdown-small" role="presentation" aria-hidden="true">
					<use xlink:href="#icon-dropdown-small"></use>
				</svg>
			</div>

			<div class="input-container last">
				<svg focusable="false" class="icon icon-address" role="presentation" aria-hidden="true">
					<use xmlns:xlink="http://www.w3.org/1999/xlink" xlink:href="#icon-address"></use>
				</svg>
				<span class="text-wrapper">
					<h2 class="heading" tabindex="0">
						Delivery to your address
					</h2>
					<span>
						Your transport provider will deliver your order to its final destination according to their delivery schedule.
					</span>
				</span>
			</div>
			
			<div class="input-container last" >
				<span class="text-wrapper">
					<span>
						Please check delivery schedules and fees with the individual transport providers.
					</span>
				</span>
			</div>
			<span class="accessibility" tabindex="0" data-colrs-trap-last>
				End of pop up dialog box
			</span>
		</div>
    </div>
</div>



</script>
<script type="text/ng-template" id="/online/COLRSDeliverySlotSelectorSuperbarLinkTemplate?storeId=20201&amp;langId=-1&amp;requesttype=ajax">
	

<a href="#" class="draw-link-delivery colrs-animate" data-colrs-dss-link >
	<span role="text">
		<span class="tick" data-ng-if="dssLinkVM.manager.trolley.deliverySlot.isValid">
			<svg focusable="false" class="icon icon-roundedtick" role="presentation" aria-hidden="true">
				<use xmlns:xlink="http://www.w3.org/1999/xlink" xlink:href="#icon-roundedtick"></use>
			</svg>
		</span>
		<svg focusable="false" class="icon {{dssLinkVM.icon}}" role="presentation" aria-hidden="true">
			<use data-ng-attr-xlink:href="{{'#'+dssLinkVM.icon}}" xlink:href=""/>
		</svg>
		
		<span class="accessibility-inline" data-ng-if="!dssLinkVM.manager.trolley.deliverySlot.isValid">
			Choose a {{dssLinkVM.drawLink}} time
		</span>
		<span class="draw-text" aria-hidden="true" data-ng-if="!dssLinkVM.manager.trolley.deliverySlot.isValid">
			Choose a {{dssLinkVM.drawLink}} time
		</span>
		
		<span class="accessibility-inline" data-ng-if="dssLinkVM.manager.trolley.deliverySlot.isValid">
			{{dssLinkVM.manager.trolley.deliverySlot.serviceType.A11Y_SELECTED_TEXT}} selected {{dssLinkVM.manager.trolley.deliverySlot.startTimeFormatted}} to {{dssLinkVM.manager.trolley.deliverySlot.endTimeFormatted}} {{dssLinkVM.manager.trolley.deliverySlot.deliveryDateFormattedA11y}}
		</span>
		<span class="draw-text" aria-hidden="true" data-ng-if="dssLinkVM.manager.trolley.deliverySlot.isValid">
			<span class="dss-slot">
				<span class="lowercase">{{dssLinkVM.manager.trolley.deliverySlot.startTimeFormatted}}<em> - </em>{{dssLinkVM.manager.trolley.deliverySlot.endTimeFormatted}}</span>
				<br/>
				{{dssLinkVM.manager.trolley.deliverySlot.deliveryDateFormatted}}
			</span>
		</span>
		
		
		<span class="draw-text is-small" aria-hidden="true" data-ng-bind="dssLinkVM.drawText"></span>
	</span>
</a>


</script>

<script type="text/ng-template" id="/online/COLRSDeliverySlotSelectorSuperbarTemplate?storeId=20201&amp;langId=-1&amp;requesttype=ajax">
	

<div id="view-delivery" class="view view-delivery colrs-animate ng-enter" tabindex="-1" data-colrs-dss data-colrs-trap-focus>
	<span class="accessibility" tabindex="-1"> 
		Start of pop up dialog box
	</span>
	<p role="text" class="accessibility" tabindex="-1" data-colrs-trap-initial data-colrs-trap-first>
		Pop up box displayed
		<span data-ng-if="!dssVM.manager.trolley.deliverySlot.isValid">
			{{ dssVM.popupTitle }}
		</span>
		<span data-ng-if="dssVM.manager.trolley.deliverySlot.isValid" data-ng-cloak>
			{{dssVM.selectedSlotHeading}}{{::dssVM.selectedLocation.nickName}}
		</span>
	</p>
	
	<a href="#" class="hidden-close-draw focus-outline" data-ng-click="close()">
		Close this pop up dialog box
	</a>
	
	<div class="loading-icon" aria-hidden="true" data-ng-show="!dssVM.isInitialised" data-ng-class="{'is-active' : !dssVM.isInitialised}"> 
		<div data-colrs-preloader data-svg-id="preloader-large-3" data-size="large" data-is-animating="!dssVM.isInitialised"></div>
	</div>
	
	<div id="colrs-sw-prodl-dss-scroll-dir" mbox
			data-mboxname="colrs-sw-prodl-dss-scroll" class="mboxDefault">
		
	</div>

	
	<div class="cc-locations" data-ng-if="(dssVM.isInitialised && !dssVM.manager.trolley.deliverySlot.isValid) || (dssVM.dssWizardIsActive && !dssVM.manager.trolley.deliverySlot.isValid)">
		<div class="draw-content-scroll not-reserved-dss">
			<div class="draw-content-header"> 
				<h1 class="heading">How would you like to get your shopping?</h1>
			</div>
			
			
			<p id="content_focus_RS_EMG_MSG_DLS" class="accessibility" tabindex="-1"></p>
			
			<div class="draw-content-body">
				
				<h2 class="title">Collect your shopping in these areas near you</h2>
				
				
				
				<div class="addr-list">
					<button class="button d-option" data-ng-repeat="ccLocation in dssVM.ccLocations" 
						data-ng-click="dssVM.selectDeliveryLocation(ccLocation)">
						<svg focusable="false" class="icon icon-clickandcollect" role="presentation" aria-hidden="true">
							<use xmlns:xlink="http://www.w3.org/1999/xlink" xlink:href="#icon-clickandcollect"></use>
						</svg>
						<p>
							<strong>{{ccLocation.displayStoreName}}</strong>
						 	<span aria-hidden="true">{{ccLocation.addressLine1Formatted}}</span><br/>
						 	<span aria-hidden="true">{{ccLocation.addressLine2Formatted}}</span>
					 		<span class="accessibility-inline">{{ccLocation.fullAddressA11y}}</span>
						 </p>
						 <svg focusable="false" class="icon icon-arrow" role="presentation" aria-hidden="true">
                            <use xmlns:xlink="http://www.w3.org/1999/xlink" xlink:href="#icon-arrow"></use>
                        </svg>
					</button>
				</div>
				<p class="d-option-other" data-ng-if="dssVM.ccLocations.length > 0">
					<a href="#" data-ng-click="dssVM.leaveToDss('changePickupLocation')">
						Choose another collection location nearby
					</a>
				</p>
				<div class="addr-list">
					<button class="button d-option" data-ng-if="dssVM.ccLocations.length === 0" 
						data-ng-click="dssVM.leaveToDss('fulfilNationalCC')">
						<svg focusable="false" class="icon icon-shopping-bag" role="presentation" aria-hidden="true">
							<use xmlns:xlink="http://www.w3.org/1999/xlink" xlink:href="#icon-shopping-bag"></use>
						</svg>
						<p><strong>View all locations</strong></p>
					</button>
				</div>
				
				<div data-ng-if="dssVM.addressManager.hdAddresses.length > 0">
					<h2 class="title">Or view delivery times for</h2>
					<div class="addr-list">
						<button class="button d-option" data-ng-repeat="hdAddress in dssVM.addressManager.hdAddresses" 
							data-ng-click="dssVM.selectDeliveryLocation(hdAddress)">
							<svg focusable="false" class="icon icon-delivery" role="presentation" aria-hidden="true">
								<use xmlns:xlink="http://www.w3.org/1999/xlink" xlink:href="#icon-delivery"></use>
							</svg>
							<p>
								<strong>{{::hdAddress.nickName}}</strong>
							 	<span aria-hidden="true">{{::hdAddress.addressLine1Formatted}}</span><br/>
						 		<span aria-hidden="true">{{::hdAddress.addressLine2Formatted}}</span>
						 		<span class="accessibility-inline">{{::hdAddress.fullAddressA11y}}</span>
						 	</p>
						 	<svg focusable="false" class="icon icon-arrow" role="presentation" aria-hidden="true">
		                 		<use xmlns:xlink="http://www.w3.org/1999/xlink" xlink:href="#icon-arrow"></use>
		                    </svg>
						</button>
					</div>
					<p class="d-option-other">
						<a href="#" data-ng-click="dssVM.leaveToAddAddress($event)" data-colrs-trap-last>
							Add an address
						</a>
					</p>
				</div>
				
				
				<div data-ng-if="dssVM.addressManager.rdAddresses.length > 0">
					<h2 class="title">Or view remote delivery options for</h2>
					<div class="addr-list">
						<button class="button d-option" data-ng-repeat="rdAddress in dssVM.addressManager.rdAddresses" 
							data-ng-click="dssVM.selectDeliveryLocation(rdAddress)">
							<svg focusable="false" class="icon icon-remotedelivery" role="presentation" aria-hidden="true">
								<use xmlns:xlink="http://www.w3.org/1999/xlink" xlink:href="#icon-remotedelivery"></use>
							</svg>
							<p>
								<strong>{{::rdAddress.nickName}}</strong>
							 	<span aria-hidden="true">{{::rdAddress.addressLine1Formatted}}</span><br/>
						 		<span aria-hidden="true">{{::rdAddress.addressLine2Formatted}}</span>
						 		<span class="accessibility-inline">{{::rdAddress.fullAddressA11y}}</span>
						 	</p>
						 	<svg focusable="false" class="icon icon-arrow" role="presentation" aria-hidden="true">
		                 		<use xmlns:xlink="http://www.w3.org/1999/xlink" xlink:href="#icon-arrow"></use>
		                    </svg>
						</button>
					</div>
					<p class="d-option-other">
						<a href="#" data-ng-click="dssVM.leaveToAddAddress($event)" data-colrs-trap-last>
							Add an address
						</a>
					</p>
				</div>
				
				
				<div data-ng-if="dssVM.addressManager.hdAddresses.length === 0 && dssVM.addressManager.rdAddresses.length === 0">
					<button class="button d-option" data-ng-click="dssVM.leaveToAddAddress($event)" data-colrs-trap-last>
						<svg focusable="false" class="icon icon-delivery" role="presentation" aria-hidden="true">
							<use xmlns:xlink="http://www.w3.org/1999/xlink" xlink:href="#icon-delivery"></use>
						</svg>
						<p><strong>Add an address</strong></p>
					</button>
				</div>
			</div>
		</div>
	</div>
	
	<div id="dss-slot-reserved" data-ng-if="dssVM.isInitialised && dssVM.manager.trolley.deliverySlot.isValid">
		<div class="draw-content-scroll reserved-dss">
			<div class="draw-content-header"> 
				<h1 class="heading">{{::dssVM.selectedSlotHeading}}</h1> 

				<p>
					<span role="text" tabindex="-1">
						<span class="accessibility-inline">{{::dssVM.selectedLocation.fullAddressA11y}}</span>
						<span aria-hidden="true">{{::dssVM.selectedLocation.fullAddressFormatted}}</span>
					</span>
					<a href="#" data-ng-click="dssVM.changeLocation($event)">
						Change <span class="accessibility-inline">{{::dssVM.manager.trolley.deliverySlot.serviceType.A11Y_CHANGE_LINK}}</span>
					</a>
				</p>
			</div>
			
			<div class="draw-content-body">
				<div class="draw-warning">
					<div class="warning-content">
						<span class="tick">
							<svg focusable="false" class="icon icon-roundedtick" role="presentation" aria-hidden="true">
								<use xmlns:xlink="http://www.w3.org/1999/xlink" xlink:href="#icon-roundedtick"></use>
							</svg>
						</span>
						<svg focusable="false" class="icon {{dssVM.manager.trolley.deliverySlot.serviceType.ICON}}" role="presentation" aria-hidden="true">
							<use xmlns:xlink="http://www.w3.org/1999/xlink" xlink:href="" data-ng-attr-xlink:href="{{'#'+dssVM.manager.trolley.deliverySlot.serviceType.ICON}}"></use>
						</svg>
						<p role="text" class="warning-title" tabindex="-1">
							<span class="accessibility-inline">
								{{::dssVM.manager.trolley.deliverySlot.serviceType.SELECTED_MESSAGE}} {{::dssVM.manager.trolley.deliverySlot.deliveryDayFormatted}}, {{::dssVM.manager.trolley.deliverySlot.startTimeFormatted}} to {{::dssVM.manager.trolley.deliverySlot.endTimeFormatted}}
							</span>
							<strong aria-hidden="true">
								{{::dssVM.manager.trolley.deliverySlot.serviceType.SELECTED_MESSAGE}}<br/>
								{{::dssVM.manager.trolley.deliverySlot.deliveryDayFormatted}}<br/>
								<span class="timeslot lowercase">{{::dssVM.manager.trolley.deliverySlot.startTimeFormatted}}<em> - </em>{{::dssVM.manager.trolley.deliverySlot.endTimeFormatted}}</span>
							</strong>
						</p>
						<a href="#" class="secondary-cta" data-ng-click="dssVM.leaveToDss()">
							Choose a different time
						</a>
						<p role="text" class="expiry-warning" tabindex="-1" data-colrs-trap-last>
							To keep this time, be sure to check out before <strong class="lowercase">{{dssVM.manager.trolley.deliverySlot.expiryTimeUTCFormatted}} {{dssVM.manager.trolley.deliverySlot.expiryTimeDay}}</strong>.
						</p>
					</div>
				</div>
			</div>
		</div>
	</div>
	
	
	<span class="accessibility" tabindex="-1">
		End of pop up dialog box
	</span>
</div>


</script>

<script type="text/ng-template" id="/online/COLRSDeliverySlotSelectorDeliveryOptionsSuperbarTemplate?storeId=20201&amp;langId=-1&amp;requesttype=ajax">
	

<div class="view view-delivery-options colrs-animate ng-enter" tabindex="-1" data-colrs-trap-focus data-colrs-dss-delivery-options>
	<span class="accessibility" tabindex="-1">
		Start of pop up dialog box
	</span>
	<p class="accessibility" tabindex="-1" data-colrs-trap-initial data-colrs-trap-first>
		Pop up box displayed How would you like to get your shopping?
	</p> 
	<a href="#" class="hidden-close-draw focus-outline" data-ng-click="close()">
		Close this pop up dialog box
	</a>
	
	<div class="loading-icon" data-ng-show="!dssDeliveryOptionsVM.isInitialised" data-ng-class="{'is-active' : !dssDeliveryOptionsVM.isInitialised}">
		<div data-colrs-preloader data-svg-id="preloader-large-3" data-size="large" data-is-animating="!dssDeliveryOptionsVM.isInitialised"></div>
	</div>
	
	<div class="draw-content-scroll" data-ng-if="dssDeliveryOptionsVM.isInitialised">
		<div id="colrs-sw-prodl-delivery-options-dss-scroll-dir" mbox
				data-mboxname="colrs-sw-prodl-delivery-options-dss-scroll" class="mboxDefault">
			
		</div>
		<div class="draw-content-header" data-ng-if="dssDeliveryOptionsVM.isInitialised">
			<h1 class="heading" tabindex="-1">How would you like to get your shopping?</h1>
		</div>

		<div class="draw-content-body" data-ng-if="dssDeliveryOptionsVM.isInitialised">
			<div class="addr-list">
				
				<button class="button d-option" data-ng-repeat="hdAddress in dssDeliveryOptionsVM.addressManager.hdAddresses" 
					data-ng-click="dssDeliveryOptionsVM.selectDeliveryLocation(hdAddress)">
					<svg focusable="false" class="icon icon-delivery" role="presentation" aria-hidden="true">
						<use xmlns:xlink="http://www.w3.org/1999/xlink" xlink:href="#icon-delivery"></use>
					</svg>
					<p>
						<strong>{{::hdAddress.nickName}}</strong>
					 	<span aria-hidden="true">{{::hdAddress.addressLine1Formatted}}</span><br/>
				 		<span aria-hidden="true">{{::hdAddress.addressLine2Formatted}}</span>
				 		<span class="accessibility-inline">{{::hdAddress.fullAddressA11y}}</span>
				 	</p>
				 	<svg focusable="false" class="icon icon-arrow" role="presentation" aria-hidden="true">
                            <use xmlns:xlink="http://www.w3.org/1999/xlink" xlink:href="#icon-arrow"></use>
                    </svg>
				</button>
				
				<button class="button d-option" data-ng-repeat="rdAddress in dssDeliveryOptionsVM.addressManager.rdAddresses" 
					data-ng-click="dssDeliveryOptionsVM.selectDeliveryLocation(rdAddress)">
					<svg focusable="false" class="icon icon-remotedelivery" role="presentation" aria-hidden="true">
						<use xmlns:xlink="http://www.w3.org/1999/xlink" xlink:href="#icon-remotedelivery"></use>
					</svg>
					<p>
						<strong>{{::rdAddress.nickName}}</strong>
					 	<span aria-hidden="true">{{::rdAddress.addressLine1Formatted}}</span><br/>
				 		<span aria-hidden="true">{{::rdAddress.addressLine2Formatted}}</span>
				 		<span class="accessibility-inline">{{::rdAddress.fullAddressA11y}}</span>
				 	</p>
				 	<svg focusable="false" class="icon icon-arrow" role="presentation" aria-hidden="true">
                            <use xmlns:xlink="http://www.w3.org/1999/xlink" xlink:href="#icon-arrow"></use>
                    </svg>
				</button>
				<button href="#" class="button add-address-button" data-ng-if="dssDeliveryOptionsVM.addressManager.hdAddresses.length > 0 || dssDeliveryOptionsVM.addressManager.rdAddresses.length > 0" 
					data-ng-click="dssDeliveryOptionsVM.leaveToAddAddress($event)">
					Add an address
				</button>
				
				
				<button class="button d-option" data-ng-if="dssDeliveryOptionsVM.addressManager.hdAddresses.length === 0 && dssDeliveryOptionsVM.addressManager.rdAddresses.length === 0"
					data-ng-click="dssDeliveryOptionsVM.leaveToAddAddress($event)" >
					<svg focusable="false" class="icon icon-delivery" role="presentation" aria-hidden="true">
						<use xmlns:xlink="http://www.w3.org/1999/xlink" xlink:href="#icon-delivery"></use>
					</svg>
					<p><strong>Add an address</strong></p>
					<svg focusable="false" class="icon icon-arrow" role="presentation" aria-hidden="true">
                            <use xmlns:xlink="http://www.w3.org/1999/xlink" xlink:href="#icon-arrow"></use>
                    </svg>
				</button>
			</div>
			<a href="#" class="secondary-cta" data-ng-click="dssDeliveryOptionsVM.back()" data-colrs-trap-last>
				Cancel
			</a>
		</div>
	</div>

	<span class="accessibility" tabindex="-1">
		End of pop up dialog box
	</span>
</div>


</script>

<script type="text/ng-template" id="/online/COLRSRemoteDeliveryProvidersSuperbarTemplate?storeId=20201&amp;langId=-1&amp;requesttype=ajax">
	

<div class="view view-rd-providers has-back-link colrs-animate ng-enter" tabindex="-1" data-colrs-rd-providers data-colrs-trap-focus>
	<span class="accessibility" tabindex="-1"> 
		Start of pop up dialog box
	</span>
	<p class="accessibility" tabindex="-1" data-colrs-trap-initial data-colrs-trap-first>
		Pop up box displayed Please choose a remote delivery provider
	</p>
	<div class="loading-icon" data-ng-show="!rdpVM.isInitialised" data-ng-class="{'is-active' : !rdpVM.isInitialised}">
		<div data-colrs-preloader data-svg-id="preloader-large-3" data-size="large" data-is-animating="!rdpVM.isInitialised"></div>
	</div>
    <div class="draw-content-scroll" data-ng-if="rdpVM.isInitialised">
        <div class="draw-content-header">
        	<a class="back-link" href="#" data-ng-click="rdpVM.goBack()">
				<svg focusable="false" class="icon icon-back" role="presentation" aria-hidden="true">
					<use xmlns:xlink="http://www.w3.org/1999/xlink" xlink:href="#icon-back"></use>
				</svg>
				<span class="accessibility-inline">Back to how would you like to get your shopping</span>
			</a>
            <h1 class="heading">Please choose a remote delivery provider</h1>
            <a href="#" class="hidden-close-draw focus-outline" data-ng-click="close()">
				Close this pop up dialog box
			</a>
        </div>
        <div class="draw-content-body">
            <ul class="address-list">
                <li data-ng-repeat="rdProvider in rdpVM.rdProviders">
                    <button class="button" data-ng-click="rdpVM.selectProvider(rdProvider)">
                        <span class="heading">{{::rdProvider.nickName}}</span>
                        <span class="address-details">
                        	to&nbsp;{{::rdProvider.locationInfo.address.addressLine[0]}} {{::rdProvider.locationInfo.address.city}}, {{::rdProvider.locationInfo.address.state}} {{::rdProvider.locationInfo.address.postCode}}
                        </span>
                        <svg focusable="false" class="icon icon-arrow" role="presentation" aria-hidden="true">
                            <use xmlns:xlink="http://www.w3.org/1999/xlink" xlink:href="#icon-arrow"></use>
                        </svg>
                        <svg focusable="false" class="icon icon-remotedelivery" role="presentation" aria-hidden="true">
                            <use xmlns:xlink="http://www.w3.org/1999/xlink" xlink:href="#icon-remotedelivery"></use>
                        </svg>
                    </button>
                </li>
        	</ul>
    	</div>
	</div>
	<span class="accessibility" tabindex="-1">
		End of pop up dialog box
	</span>
</div>


</script>

<script type="text/ng-template" id="/online/COLRSFeedbackSuperbarLinkTemplate?storeId=20201&amp;langId=-1&amp;requesttype=ajax">
	
<a data-ng-href="{{ ::superbarVM.contactUsUrl }}" class="draw-link-feedback" target="_self">
	<span role="text">
		<svg focusable="false" class="icon icon-feedback" role="presentation" aria-hidden="true">
			<use xlink:href="#icon-feedback"/>
		</svg>
		<span class="accessibility-inline hide-from-mobile">
			Help / Support
		</span>
		<span class="accessibility-inline hide-from-desktop">
			Help
		</span>
		<span class="draw-text" aria-hidden="true">
			Help / Support
		</span>
		<span class="draw-text is-small" aria-hidden="true">
			Help
		</span>
	</span>
</a>

</script>

<script type="text/ng-template" id="/online/COLRSStateUnauthorisedTemplate?storeId=20201&amp;langId=-1&amp;requesttype=ajax">
	
<div class="main">	
	<main id="main-content" class="main-content">
		<div id="main-content-inside" class="main-content-inside">
				<div class="main-content-header txt-center">
					<img src="/wcsstore/ColesResponsiveStorefrontAssetStore/dist/90b2e798691089e2d47e0a69aa96fa34/img/img_browser.svg" class="img-browser" aria-hidden="true">
								

<h1 tabindex="-1" aria-hidden="false">
	<span espotTitle="">Sorry, you don't have permission to view this page</span>
</h1>
<p>
	<a href="#" class="button button-dark button-large" data-colrs-home-state>
		Back to Coles Online
	</a>
</p>
				</div>
			</div>
		</div>
	</main>
</div>

</script>


<script type="text/ng-template" id="/online/COLRSItemQtyDropdownBtnTemplate?storeId=20201&amp;langId=-1&amp;requesttype=ajax">
	

<div class="edit-list-item-quantity-drp">
	<div class="listDropdownBtn">
		<span aria-hidden="true">
			{{colrsItemQtyDropdownVM.defaultOption.formattedQuantity}}
		</span>
		<span class="accessibility-inline" tabindex="-1">
			Quantity {{colrsItemQtyDropdownVM.currentQty}} for {{colrsItemQtyDropdownVM.itemDesc}}
		</span>
	</div>
	<div>
		<button data-ng-if="colrsItemQtyDropdownVM.isLastItem" data-colrs-trap-last focusable="true" aria-expanded="{{colrsItemQtyDropdownVM.isExpanded}}" class="listDropDownOptionsBtn" data-ng-click = "colrsItemQtyDropdownVM.showQtyOptions($event)">
			<span class="accessibility" tabindex="-1">
				Choose a different quantity for {{colrsItemQtyDropdownVM.itemDesc}}
			</span>  
			<svg focusable="false" class="icon icon-dropdown-small" role="presentation" aria-hidden="true">
				<use xlink:href="#icon-dropdown-small"></use>
			</svg>
		</button>
		<button data-ng-if="!colrsItemQtyDropdownVM.isLastItem" focusable="true" aria-expanded="{{colrsItemQtyDropdownVM.isExpanded}}" class="listDropDownOptionsBtn" data-ng-click = "colrsItemQtyDropdownVM.showQtyOptions($event)">
			<span class="accessibility" tabindex="-1">
				Choose a different quantity for {{colrsItemQtyDropdownVM.itemDesc}}
			</span>  
			<svg focusable="false" class="icon icon-dropdown-small" role="presentation" aria-hidden="true">
				<use xlink:href="#icon-dropdown-small"></use>
			</svg>
		</button>
	</div>
	<div class="dropdown-top-options" data-ng-if="colrsItemQtyDropdownVM.qtyTopOptionsIsVisible">
		<ul>
			<li data-ng-repeat="option in ::colrsItemQtyDropdownVM.options">
				<button class="optionButton" data-qty="{{option.quantity}}" data-ng-click="colrsItemQtyDropdownVM.qtyOptionsSelected($event,'option')">
					<span class="accessibility" tabindex="-1">
						Choose quantity {{option.formattedQuantity}}
					</span>  
					<span aria-hidden="true">{{option.formattedQuantity}}</span>
				</button>
			</li>
			<li>
				<div>
					<span class="accessibility-inline" tabindex="-1">
							Choose quantity 5 or more
					</span>
					<label for="_input_{{colrsItemQtyDropdownVM.product.partNumber}}" class="accessibility">
						Edit quantity
					</label>
					<input id="_input_{{colrsItemQtyDropdownVM.product.partNumber}}" min="0" maxlength="6" class="customQtyInput" type="number" data-ng-model="colrsItemQtyDropdownVM.qtyInputValue" ng-change="colrsItemQtyDropdownVM.validateValueLength()"></input>
					<span data-ng-if="::colrsItemQtyDropdownVM.product.isWeighedByWeight"> {{::colrsItemQtyDropdownVM.product.uom}} </span>
					<button ng-style="colrsItemQtyDropdownVM.customAddBtnStyle" ng-disabled = "colrsItemQtyDropdownVM.isAddBtnDisable" id="_btn_down_{{colrsItemQtyDropdownVM.product.partNumber}}" data-ng-click="colrsItemQtyDropdownVM.customQtyOptionsSelected($event,'input')" class="qty-commit-btn">Add</button>
				</div>
			</li>
		</ul>
	</div>
	<div class="dropdown-options" data-ng-if="colrsItemQtyDropdownVM.qtyOptionsIsVisible">
		<ul>
			<li role="presentation" data-ng-repeat="option in ::colrsItemQtyDropdownVM.options">
				<button class="optionButton" data-qty="{{option.quantity}}" data-ng-click="colrsItemQtyDropdownVM.qtyOptionsSelected($event,'option')">
					<span class="accessibility" tabindex="-1">
						Choose quantity {{option.formattedQuantity}}
					</span>  
					<span role="presentation" aria-hidden="true">{{option.formattedQuantity}}</span>
				</button>
			</li>
			<li role="presentation">
				<div>
					<span class="accessibility-inline" tabindex="-1">
							Choose quantity 5 or more
					</span>
					<label for="_input_{{colrsItemQtyDropdownVM.product.partNumber}}" class="accessibility">
						Edit quantity
					</label>
					<input min="0" maxlength="6" id="_input_{{colrsItemQtyDropdownVM.product.partNumber}}"  class="customQtyInput" type="number"  data-ng-model="colrsItemQtyDropdownVM.qtyInputValue" 
					ng-change="colrsItemQtyDropdownVM.validateValueLength()">
					<span data-ng-if="::colrsItemQtyDropdownVM.product.isWeighedByWeight"> {{::colrsItemQtyDropdownVM.product.uom}} </span>
					<button ng-style="colrsItemQtyDropdownVM.customAddBtnStyle" ng-disabled = "colrsItemQtyDropdownVM.isAddBtnDisable" id="_btn_down_{{colrsItemQtyDropdownVM.product.partNumber}}" data-ng-click="colrsItemQtyDropdownVM.customQtyOptionsSelected($event,'input')" class="qty-commit-btn">Add</button>
				</div>
			</li>
		</ul>
</div>
	<p role="text" id="announce{{colrsItemQtyDropdownVM.itemId}}" class="accessibility" tabindex="-1"></p>
</div>


</script>


<script type="text/ng-template" id="/online/COLRSFatControllerTemplate?storeId=20201&amp;langId=-1&amp;requesttype=ajax">
	
<ng-transclude></ng-transclude>
<div class="fc-button" data-colrs-fat-controller-container data-colrs-if="fatControllerVM.showFatController" data-ng-class="{'is-expanded': fatControllerVM.isExpanded}">
	<div class="button-main-container clear" data-colrs-fat-controller-responsive>
		<button type="submit" class="button button-main" data-colrs-if="(fatControllerVM.defaultType === 'MultibuyMultiSku')"
			 	data-colrs-fat-controller-button data-colrs-fat-controller-button-main data-ng-click="fatControllerVM.promotionAction()" >
			
			<span class="product-cta" data-colrs-fat-controller-responsive-promo>
				Pick any
			</span>
			<span class="product-qty">{{::fatControllerVM.promoOption.formattedQuantity}}</span>
			<span class="product-text">for</span>
			<span>
				<strong class="product-price">{{::fatControllerVM.promoOption.formattedTotal}}</strong>
			</span>
			<span aria-hidden="true">
				...
			</span>
		</button>
		<button type="submit" class="button button-main" data-colrs-if="(fatControllerVM.defaultType === 'CheapestFreeMultiSku')"
			 	data-colrs-fat-controller-button data-colrs-fat-controller-button-main data-colrs-fat-controller-responsive-cheapest-free 
			 	data-ng-click="fatControllerVM.promotionAction()" >
			
			<span class="product-cta">
				Pick
			</span>
			<span class="product-qty">{{::fatControllerVM.promoOption.formattedQuantity}},<span class="num-free">1</span></span>
			<span class="cheapest-text">
				cheapest
			</span>
			<strong class="product-price">
				FREE
			</strong>
		</button>
		<button type="submit" id="{{context}}_btn_{{::fatControllerVM.product.partNumber}}" class="button button-main" data-colrs-if="(fatControllerVM.defaultType === 'STANDARD')"
				data-colrs-fat-controller-button data-colrs-fat-controller-button-main data-colrs-click="fatControllerVM.toggleItem()" >
			
			<span class="product-cta" aria-hidden="true" data-colrs-fat-controller-responsive-component="Add">
				Add
			</span>
			<span class="accessibility">Add</span>
			<span class="product-qty">{{::fatControllerVM.defaultOption.formattedQuantity}}</span>
			<span class="accessibility" data-ng-bind="::fatControllerVM.product.prodA11yHeading"></span>
			<span class="product-text">for</span>
			<strong class="product-price">{{fatControllerVM.defaultOption.formattedTotal}}</strong>
			<span class="accessibility">to the trolley.</span>
			
			<!-- 
			<span class="product-saving" aria-hidden="true" data-colrs-if="fatControllerVM.defaultOption.hasDiscount()"
					data-colrs-fat-controller-responsive-component="Save">
				save 
				<strong>{{fatControllerVM.defaultOption.formattedDiscount}}</strong>
			</span>
			
			<span class="accessibility" data-colrs-if="fatControllerVM.defaultOption.hasDiscount()">
				save 
				{{fatControllerVM.defaultOption.formattedDiscount}}
			</span>
			-->
		</button>
	</div>
	<button id="{{context}}_down_{{::fatControllerVM.product.partNumber}}" class="button button-down" aria-expanded="{{fatControllerVM.isExpanded}}"
			data-colrs-fat-controller-button data-colrs-click="fatControllerVM.toggleSelect()" 
			data-ng-blur="fatControllerVM.resetAnnounceElements(fatControllerVM.product.partNumber)">
		<svg focusable="false" class="icon icon-dropdown-small" role="presentation" aria-hidden="true">
			<use xlink:href="#icon-dropdown-small"/>
		</svg>
		<span class="accessibility" id="{{context}}_announce_{{::fatControllerVM.product.partNumber}}"></span>
		<span class="accessibility"><br />choose a different quantity for</span>
		<span class="accessibility" data-ng-bind="::fatControllerVM.product.prodA11yHeading"></span>
	</button>
	<div class="button-confirmation">
		<div class="button-confirmation-container clear">
			<div class="button-confirmation-label">
				<span data-colrs-fat-controller-animation-message></span>
			</div>
		</div>
		<div class="button-confirmation-icon">
			<span class="icon-loading"></span>
		</div>
	</div>
	<div class="fc-dropdown" data-colrs-if="fatControllerVM.isExpanded">
		<span class="popup-arrow"></span>
		
		<ul role="presentation" class="fc-button-options force-hidden"
				data-ng-class="{'has-selected': fatControllerVM.trolleyPricingDetails.quantity > 0}"
				data-colrs-fat-controller-select data-colrs-fat-controller-align >
			<li role="presentation" class="fc-option fc-option-promo" 
					data-colrs-if="::(fatControllerVM.type === 'PROMOTIONAL_POPUP') && (context !== 'MODAL') && (context !== 'TROLLEY')">
				<button class="button-add button-measure" data-colrs-if="::(product.promo.type === 'MultibuyMultiSku')" 
						data-colrs-dropdown-element data-ng-click="fatControllerVM.openPromotion()"
						data-ng-blur="fatControllerVM.checkFocusAndCollapse()">
					<svg focusable="false" class="icon icon-tick" role="presentation" aria-hidden="true">
						<use xlink:href="#icon-tick" />
					</svg>
					<span class="multibuy-offer-text combined" data-colrs-fat-controller-align-comp="promo" 
							data-ng-style="fcAlignVM.listStyleWidth['promo'].style" >
						<span class="product-text">Pick any&nbsp;</span>
						<span class="product-qty" >{{::fatControllerVM.promoOption.formattedQuantity}}&nbsp;</span>
						<span class="product-text">for&nbsp;</span>
						<strong class="product-price" >{{::fatControllerVM.promoOption.formattedTotal}}</strong>
						<span class="product-text" aria-hidden="true">...</span> 
					</span>
				</button>
				<button class="button-add button-measure" data-colrs-if="::(product.promo.type === 'CheapestFreeMultiSku')" 
						data-colrs-dropdown-element data-ng-click="fatControllerVM.openPromotion()"
						data-ng-blur="fatControllerVM.checkFocusAndCollapse()">
					<svg focusable="false" class="icon icon-tick" role="presentation" aria-hidden="true">
						<use xlink:href="#icon-tick" />
					</svg>
					<span class="multibuy-offer-text combined" data-colrs-fat-controller-align-comp="promo" data-ng-style="fcAlignVM.listStyleWidth['promo'].style">
						<span class="product-text">Pick</span>
						<span class="product-qty" >{{::fatControllerVM.promoOption.formattedQuantity}},&nbsp;
							
						</span>
						<span class="product-text">cheapest&nbsp;</span>
						<strong class="product-price" >FREE</strong>
					</span>
				</button>
			</li>
			<li role="presentation" class="fc-option" data-colrs-if="::fatControllerVM.isInTrolley()">
				<button class="button-add button-remove button-measure" data-colrs-dropdown-element 
						data-colrs-click="fatControllerVM.removeItem()" data-ng-blur="fatControllerVM.checkFocusAndCollapse()">
					<svg focusable="false" class="icon icon-tick" role="presentation" aria-hidden="true">
						<use xlink:href="#icon-tick" />
					</svg>
					<span class="combined" data-colrs-fat-controller-align-comp="combined" 
							data-ng-style="fcAlignVM.listStyleWidth['combined'].style" >
						<span aria-hidden="true">
							<span class="product-qty" data-colrs-fat-controller-align-comp="product-qty" 
                    			data-ng-style="fcAlignVM.listStyleWidth['product-qty'].style">
								0&nbsp;</span>
								<span class="product-text fc-remove-all">(remove item)</span>
						</span>
						<span class="accessibility">remove this product from trolley</span>
					</span>						
				</button>
			</li>
			<li role="presentation" class="fc-option" data-ng-repeat="option in ::fatControllerVM.options" 
					data-ng-class="{'is-selected': (fatControllerVM.trolleyPricingDetails.quantity === option.quantity)}" 
					data-colrs-notify-last-repeat data-on-last="fcAlignVM.setLast()">
				<button class="button-add button-measure" data-colrs-dropdown-element 
						data-colrs-click="fatControllerVM.selectOption(option)" 
						data-ng-blur="fatControllerVM.checkFocusAndCollapse()">
					<svg focusable="false" class="icon icon-tick" role="presentation" aria-hidden="true">
						<use xlink:href="#icon-tick" />
					</svg>
					<span class="accessibility" data-colrs-if="::(fatControllerVM.trolleyPricingDetails.quantity !== option.quantity && !fatControllerVM.isInTrolley())">
						Add</span>
						<span class="accessibility" data-colrs-if="::(fatControllerVM.trolleyPricingDetails.quantity !== option.quantity && fatControllerVM.isInTrolley())">
						change quantity to </span>
						<span class="accessibility" data-colrs-if="::fatControllerVM.trolleyPricingDetails.quantity === option.quantity">
						already in trolley</span>
						<span class="combined" data-colrs-fat-controller-align-comp="combined" 
							data-ng-style="fcAlignVM.listStyleWidth['combined'].style" >
	                    <span class="product-qty" data-colrs-fat-controller-align-comp="product-qty" 
	                    	data-ng-style="fcAlignVM.listStyleWidth['product-qty'].style">{{::option.formattedQuantity}}&nbsp;</span>
	                    	<span class="product-text">for&nbsp;</span>
	                    	<strong class="product-price" data-colrs-fat-controller-align-comp="product-price"
	                    		data-ng-style="fcAlignVM.listStyleWidth['product-price'].style">{{::option.formattedTotal}}</strong>
	                    <span class="accessibility" data-colrs-if="::(fatControllerVM.trolleyPricingDetails.quantity !== option.quantity && !fatControllerVM.isInTrolley()) ">
	                    	to the trolley.</span>
	                    <span class="product-saving-wrapper" data-colrs-if="::!fatControllerVM.isDiet && option.hasDiscount()" 
	                    		data-colrs-fat-controller-align-comp="product-saving" data-ng-style="fcAlignVM.listStyleWidth['product-saving'].style"  >
	                    	<span class="product-saving" data-colrs-if="fatControllerVM.product.tickettypeObject.style != 'X'">
								save 
								<strong data-ng-bind="::option.formattedDiscount"></strong>
							</span>
						</span>
					</span>
				</button>
			</li>
			<li role="presentation" class="fc-option fc-option-more" data-colrs-fat-controller-more-option>
				<button class="button-more button-measure" aria-hidden="{{fatControllerVM.showInputField}}" data-colrs-dropdown-element 
						tabindex="{{fatControllerVM.showInputField?-1:0}}" data-ng-disabled="{{fatControllerVM.showInputField}}" 
						data-colrs-click="fatControllerVM.revealInputField()" data-ng-blur="fatControllerVM.checkFocusAndCollapse()">
					<svg focusable="false" class="icon icon-tick" role="presentation" aria-hidden="true">
						<use xlink:href="#icon-tick" />
					</svg>
					<span class="option-more combined" data-colrs-fat-controller-align-comp="combined" 
							data-ng-style="fcAlignVM.listStyleWidth['combined'].style" >
						<span class="accessibility" data-colrs-if="::!fatControllerVM.isInTrolley()">
							Add {{::fatControllerVM.moreOptionQuantity}} or more
						</span>						
						<span class="accessibility" data-colrs-if="::fatControllerVM.isInTrolley()">
							change quantity to {{::fatControllerVM.moreOptionQuantity}} or more
						</span>
						<span class="product-text" aria-hidden="true">
							<span class='product-qty' data-colrs-fat-controller-align-comp='product-qty' 
		                    		data-ng-style='fcAlignVM.listStyleWidth["product-qty"].style'>{{::fatControllerVM.moreOptionQuantity}}
		                    	</span> or more...
						</span>
					</span>
				</button>
				<div class="fc-option-more-input" data-ng-show="fatControllerVM.showInputField" >
					<label for="inputCustomQty{{::fatControllerVM.product.getItemPartNumber()}}" class="accessibility">
						Edit quantity
					</label>
					<input type="number" id="inputCustomQty{{::fatControllerVM.product.getItemPartNumber()}}" min="0" maxlength="6" 
						data-colrs-fat-controller-input data-colrs-dropdown-element 
						data-ng-model="fatControllerVM.inputFieldValue"  
						data-ng-blur="fatControllerVM.checkFocusAndCollapse()">
					<span class="product-unit" data-ng-bind="::fatControllerVM.product.uom" data-ng-show="::fatControllerVM.showUom"></span>
					<button class="button button-add-custom-qty" data-colrs-dropdown-element 
							data-ng-switch="::fatControllerVM.isInTrolley()" data-ng-disabled="!fatControllerVM.enableInputSubmit()"
							data-colrs-click="fatControllerVM.submitCustomValue()" data-ng-blur="fatControllerVM.checkFocusAndCollapse()">
						<span data-ng-switch-when="false">Add</span>
						<span class="accessibility-inline" data-ng-switch-when="false">&nbsp;to&nbsp;</span>
						<span data-ng-switch-when="true">Update</span>
						<span class="accessibility-inline">Trolley</span>						
					</button>
				</div>
			</li>
		</ul>
	</div>
	<p role="text" id="{{context}}_proc_{{product.partNumber}}" class="accessibility" tabindex="-1"></p>
</div>

<button class="button fc-button-alt" data-colrs-if="fatControllerVM.showUnavailableMessage && context !== 'MODAL'"
		data-ng-click="fatControllerVM.openAlternativeProductsModal($event, fatControllerVM.product)">
	<span role="text">
		View alternatives
		<span class="accessibility">for</span>
		<span class="accessibility" data-ng-bind="::fatControllerVM.product.prodA11yHeading"></span>
	</span>
</button>

</script>

<script type="text/ng-template" id="/online/COLRSFatControllerButtonTemplate?storeId=20201&amp;langId=-1&amp;requesttype=ajax">
	
<span class="button-main-inner" data-colrs-if="fatControllerVM.isInTrolley()">
	<svg class="icon icon-tick" focusable="false" role="presentation" aria-hidden="true" colrs-fat-controller-responsive-component="Add">
		<use xlink:href="#icon-tick" />
	</svg>
	<span class="product-cta" >
		Add 
	</span>
	<span class="accessibility" data-ng-if="!fatControllerVM.isDiet">
		already in trolley 
	</span>	
	<span class="product-qty">{{fatControllerVM.trolleyPricingDetails.formattedQuantity}}</span>
	<span class="accessibility" data-ng-bind="::fatControllerVM.product.prodA11yHeading"></span>
	<span class="product-text">for</span> 
	<strong class="product-price">{{fatControllerVM.trolleyPricingDetails.formattedTotal}}</strong>
	<span class="product-saving" aria-hidden="true"
			data-colrs-if="!fatControllerVM.isDiet && fatControllerVM.trolleyPricingDetails.hasDiscount()"
			colrs-fat-controller-responsive-component="Save">
		save 
		<strong data-ng-bind="fatControllerVM.trolleyPricingDetails.formattedDiscount"></strong>
	</span>
	<span class="accessibility" data-colrs-if="fatControllerVM.trolleyPricingDetails.hasDiscount()">
		you've saved {{fatControllerVM.trolleyPricingDetails.formattedDiscount}}
	</span>
</span>
<span class="button-main-inner" data-colrs-if="!fatControllerVM.isInTrolley()" ng-transclude>
</span>

</script>

<script type="text/ng-template" id="/online/COLRSValidationMessagesTemplate?storeId=20201&amp;langId=-1&amp;requesttype=ajax">
	

<svg focusable="false" class="icon icon-alert" role="presentation" aria-hidden="true">
	<use xmlns:xlink="http://www.w3.org/1999/xlink" xlink:href="#icon-alert"></use>
</svg>
<h2 tabindex="-1">
	<span role="text">
		<span class="accessibility-inline">There are errors in the form.</span>
		To continue<span aria-hidden="true">...</span>
		<span class="accessibility-inline">please action the following</span>
	</span>
</h2>
<ul role="list">
	<li ng-repeat="message in validationVM.messages" class="colrs-animate">{{message}}</li>
</ul>

</script>

<script type="text/ng-template" id="/online/COLRSPlaceholderTile?storeId=20201&amp;langId=-1&amp;requesttype=ajax">
	
<span id="{{::tab.id + '-loading-page'}}" ng-if="$first" ng-cloak class="accessibility" tabindex="-1">Please wait.</span>
<div class="inner placeholder-animate">
	<div class="placeholder-1"></div>
	<div class="placeholder-2"></div>
	<div class="placeholder-3"></div>
	<div class="placeholder-4"></div>
	<div class="placeholder-5"></div>
	<div class="placeholder-6"></div>
	<div class="placeholder-7"></div>
	<div class="placeholder-8"></div>
	<div class="placeholder-9"></div>
	<div class="placeholder-10"></div>
	<div class="placeholder-11"></div>
	<div class="placeholder-12"></div>
	<div class="placeholder-13"></div>
	<div class="placeholder-14"></div>
	<div class="placeholder-15"></div>
	<div class="placeholder-16"></div>
</div>

</script>

<script type="text/ng-template" id="/online/COLRSTileTemplate?storeId=20201&amp;langId=-1&amp;requesttype=ajax">
	
<div id="{{::tile.elementId}}" data-tile-seq-no="{{tile.sequence}}" data-ng-switch="::tile.type">
	<div data-ng-switch-when="product" tile="tile" data-colrs-product-tile></div>
	<div data-ng-switch-when="product-rec" tile="tile" data-colrs-product-tile></div>
	<div data-ng-switch-when="product-citrus" tile="tile" data-colrs-product-tile></div>
	<div data-ng-switch-when="content-rec" tile="tile" data-colrs-content-tile></div>
	<div data-ng-switch-when="tobacco-warning" data-colrs-tobacco-warning-tile></div>
	<div data-ng-switch-when="addtl-tobacco-warning" data-colrs-addtl-tobacco-warning-tile></div>
	<div data-ng-switch-when="liquor-warning" data-colrs-liquor-warning-tile></div>
	<div data-ng-switch-when="tobacco-restricted" tile="tile" data-colrs-tobacco-restricted-tile></div>
	<div data-ng-switch-when="product-list-filler" data-colrs-product-list-filler-tile></div>
</div>

</script>

<script type="text/ng-template" id="/online/COLRSContentTileTemplate?storeId=20201&amp;langId=-1&amp;requesttype=ajax">
	
<div data-ng-switch="::content.format">
	<div class="accessibility"  data-colrs-page-focus-point="{{'next_product'+tile.sequence}}" colrs-product-option-temp-message><p tabindex="-1">next item is</p></div>
	
	<div data-ng-switch-when="File" data-ng-class="::{'product is-promo': (tile.size), 'is-promo-large' : (tile.size == 2)}" data-ng-switch="::content.hasURL"> <!--  content image display -->
		<div data-ng-class="::{'promo-content-wrapper':(tile.size)}" >
			
			<a data-ng-href="{{::content.url}}" title="{{::content.description}}" data-ng-switch-when="true"><img data-ng-src="{{::content.image}}" alt="{{::content.description}}"/></a>
			
			<img data-ng-src="{{::content.image}}" alt="{{::content.description}}"  data-ng-switch-default />
			
		</div>
	</div>
	
	<div class="content-text-container" data-ng-switch-when="Text" data-ng-switch="::content.hasURL"> <!--  Check for content url -->
		<div data-ng-class="::{'product is-promo': (tile.size), 'is-promo-large' : (tile.size == 2)}" data-ng-switch-when="true" > 
			<a data-ng-href="{{::content.url}}" title="{{::content.description}}" data-colrs-bind-html-compile="::content.text"></a>
		</div>
		
		<div data-ng-class="::{'product is-promo': (tile.size && !tile.isPromoCitrus), 'is-promo-large' : (tile.size == 2), 'product is-promo-citrus' : (tile.isPromoCitrus)}" data-ng-switch-default data-colrs-bind-html-compile="::content.text"></div>
	</div>
</div>

</script>

<script type="text/ng-template" id="/online/COLRSCitrusBannerTemplate?storeId=20201&amp;langId=-1&amp;requesttype=ajax">
	
<div class="espotContainer product-banner product-banner-citrus">
    <div class="citrus-banner {{citrusBannerVM.manager.banner.secondaryBackgroundImagePosition}}-second-bg {{citrusBannerVM.manager.banner.backgroundImagePosition}}-bg {{citrusBannerVM.manager.banner.hasImageClass}}" 
    	data-citrus-banner-id="{{citrusBannerVM.manager.banner.citrusAdId}}">
        <style>
            .product-banner-citrus .citrus-banner[data-citrus-banner-id="{{citrusBannerVM.manager.banner.citrusAdId}}"] {
                {{citrusBannerVM.manager.banner.backgroundStyle}}
            }
            .product-banner-citrus .citrus-banner[data-citrus-banner-id="{{citrusBannerVM.manager.banner.citrusAdId}}"] .citrus-banner-hero-text {
                color: {{'#'+citrusBannerVM.manager.banner.bannerTextColour}};
            }
            @media screen and (max-width: 975px){
                .product-banner-citrus .citrus-banner[data-citrus-banner-id="{{citrusBannerVM.manager.banner.citrusAdId}}"] .button {
                    color: {{'#'+citrusBannerVM.manager.banner.bannerTextColour}};
                    outline-color: {{'#'+citrusBannerVM.manager.banner.bannerTextColour}};
                }
            }
        </style>
        <h3 class="accessibility-inline">{{citrusBannerVM.manager.banner.headingText}}</h3>
        <div class="citrus-banner-hero-image-container" data-ng-if="citrusBannerVM.manager.banner.heroImage">
            <img data-ng-src="{{citrusBannerVM.manager.banner.heroImage}}" alt="{{citrusBannerVM.manager.banner.heroImageAltText}}" role="presentation" data-ng-attr-aria-hidden="{{!citrusBannerVM.manager.banner.heroImageAltText}}" class="citrus-banner-hero-image">
        </div>
        <div class="citrus-banner-hero-image-container secondary-image"  data-ng-if="citrusBannerVM.manager.banner.secondaryHeroImage && !citrusBannerVM.manager.banner.isLandscape">
            <img data-ng-src="{{citrusBannerVM.manager.banner.secondaryHeroImage}}" alt="{{citrusBannerVM.manager.banner.secondaryHeroImageAltText}}" role="presentation" data-ng-attr-aria-hidden="{{!citrusBannerVM.manager.banner.secondaryHeroImageAltText}}" class="citrus-banner-hero-image">
        </div>
        <div class="citrus-banner-content-container">
            <div class="citrus-banner-content">
                <span class="citrus-banner-hero-text">
            		<img data-ng-src="{{citrusBannerVM.manager.banner.secondaryHeroImage}}" alt="{{citrusBannerVM.manager.banner.secondaryHeroImageAltText}}" role="presentation" data-ng-attr-aria-hidden="{{!citrusBannerVM.manager.banner.secondaryHeroImageAltText}}" class="horizontal-logo" 
            			data-ng-if="citrusBannerVM.manager.banner.isLandscape"">
                    <span role="text" data-ng-bind-html="citrusBannerVM.manager.banner.bannerText" />
                </span>
                <a data-ng-href="{{citrusBannerVM.manager.banner.ctaLink}}" class="button button-large" data-ng-if="citrusBannerVM.manager.banner.ctaFlag">
                    <span role="text">
                        {{citrusBannerVM.manager.banner.ctaText}} <span class="accessibility-inline">{{citrusBannerVM.manager.banner.ctaTextAccessibility}}</span>
                    </span>
                </a>
            </div>
        </div>
    </div>
</div>

</script>

<script type="text/ng-template" id="/online/COLRSCitrusSingleTileTemplate?storeId=20201&amp;langId=-1&amp;requesttype=ajax">
	
<div class="citrus-tile-content-container {{citrusSingleTileVM.manager.singleTiles[0].backgroundImagePosition}}-bg {{citrusSingleTileVM.manager.singleTiles[0].secondaryBackgroundImagePosition}}-second-bg" 
	data-citrus-tile-id="{{citrusSingleTileVM.manager.singleTiles[0].citrusAdId}}">
	<style data-ng-if="citrusSingleTileVM.manager.singleTiles[0].backgroundStyle">
		.product.is-promo-citrus .citrus-tile-content-container[data-citrus-tile-id="{{citrusSingleTileVM.manager.singleTiles[0].citrusAdId}}"] {
			{{citrusSingleTileVM.manager.singleTiles[0].backgroundStyle}}
		}
		.product.is-promo-citrus .citrus-tile-content-container[data-citrus-tile-id="{{citrusSingleTileVM.manager.singleTiles[0].citrusAdId}}"] .citrus-tile-hero-text {
			color: {{'#'+citrusSingleTileVM.manager.singleTiles[0].bannerTextColour}};
		}
   	</style>
   	<h3 class="accessibility-inline">{{citrusSingleTileVM.manager.singleTiles[0].headingText}}</h3>
   	<div class="citrus-tile-hero-image-container">
		<!-- Main hero image goes here-->
		<div class="citrus-tile-hero-image" data-ng-if="citrusSingleTileVM.manager.singleTiles[0].heroImage">
			<!-- To be supplied at either 670px if landscape or 250px if portrait -->
			<img data-ng-src="{{citrusSingleTileVM.manager.singleTiles[0].heroImage}}" alt="{{citrusSingleTileVM.manager.singleTiles[0].heroImageAltText}}" role="presentation" data-ng-attr-aria-hidden="{{!citrusSingleTileVM.manager.singleTiles[0].heroImageAltText}}" class="citrus-tile-image">
		</div>
		<div class="citrus-tile-hero-image secondary-image" data-ng-if="citrusSingleTileVM.manager.singleTiles[0].secondaryHeroImage" data-ng-class="[{'is-landscape' : citrusSingleTileVM.manager.singleTiles[0].isLandscape}]">
			<img data-ng-src="{{citrusSingleTileVM.manager.singleTiles[0].secondaryHeroImage}}" alt="{{citrusSingleTileVM.manager.singleTiles[0].secondaryHeroImageAltText}}" data-ng-attr-aria-hidden="{{!citrusSingleTileVM.manager.singleTiles[0].secondaryHeroImageAltText}}" role="presentation" class="citrus-tile-image">
		</div>
	</div>
	<div class="citrus-tile-content">
		<div class="citrus-tile-hero-text-container">
			<span class="citrus-tile-hero-text">
				<span role="text" data-ng-bind-html="citrusSingleTileVM.manager.singleTiles[0].bannerText">
			</span>
		</div>
		<a data-ng-href="{{citrusSingleTileVM.manager.singleTiles[0].ctaLink}}" class="button" data-ng-if="citrusSingleTileVM.manager.singleTiles[0].ctaFlag">
			<span role="text">
				{{citrusSingleTileVM.manager.singleTiles[0].ctaText}} <span class="accessibility-inline">{{citrusSingleTileVM.manager.singleTiles[0].ctaTextAccessibility}}</span>
			</span>
		</a>
	</div>
</div>

</script>

<script type="text/ng-template" id="/online/COLRSCitrusDoubleTileTemplate?storeId=20201&amp;langId=-1&amp;requesttype=ajax">
	
<div class="citrus-tile-content-container {{citrusDoubleTileVM.manager.doubleTile.backgroundImagePosition}}-bg {{citrusDoubleTileVM.manager.doubleTile.secondaryBackgroundImagePosition}}-second-bg" 
	data-citrus-tile-id="{{citrusDoubleTileVM.manager.doubleTile.citrusAdId}}">
	<style data-ng-if="citrusDoubleTileVM.manager.doubleTile.backgroundStyle">
       .product.is-promo-citrus .citrus-tile-content-container[data-citrus-tile-id="{{citrusDoubleTileVM.manager.doubleTile.citrusAdId}}"] {
			{{citrusDoubleTileVM.manager.doubleTile.backgroundStyle}}
		}
		.product.is-promo-citrus .citrus-tile-content-container[data-citrus-tile-id="{{citrusDoubleTileVM.manager.doubleTile.citrusAdId}}"] .citrus-tile-hero-text {
			color: {{'#'+citrusDoubleTileVM.manager.doubleTile.bannerTextColour}};
		}
   	</style>
	<h3 class="accessibility-inline">{{citrusDoubleTileVM.manager.doubleTile.headingText}}</h3>
   	<div class="citrus-tile-hero-image-container">
		<!-- Main hero image goes here-->
		<div class="citrus-tile-hero-image" data-ng-if="citrusDoubleTileVM.manager.doubleTile.heroImage">
			<!-- To be supplied at either 670px if landscape or 250px if portrait -->
			<img data-ng-src="{{citrusDoubleTileVM.manager.doubleTile.heroImage}}" alt="{{citrusDoubleTileVM.manager.doubleTile.heroImageAltText}}" role="presentation" data-ng-attr-aria-hidden="{{!citrusDoubleTileVM.manager.doubleTile.heroImageAltText}}" class="citrus-tile-image">
		</div>
		<div class="citrus-tile-hero-image secondary-image" data-ng-if="citrusDoubleTileVM.manager.doubleTile.secondaryHeroImage" data-ng-class="[{'is-landscape' : citrusDoubleTileVM.manager.doubleTile.isLandscape}]">
			<img data-ng-src="{{citrusDoubleTileVM.manager.doubleTile.secondaryHeroImage}}" alt="{{citrusDoubleTileVM.manager.doubleTile.secondaryHeroImageAltText}}" data-ng-attr-aria-hidden="{{!citrusDoubleTileVM.manager.doubleTile.secondaryHeroImageAltText}}" role="presentation" class="citrus-tile-image">
		</div>
	</div>
	<div class="citrus-tile-content">
		<div class="citrus-tile-hero-text-container">
			<span class="citrus-tile-hero-text">
				<span role="text" data-ng-bind-html="citrusDoubleTileVM.manager.doubleTile.bannerText" />
			</span>
		</div>
		<a data-ng-href="{{citrusDoubleTileVM.manager.doubleTile.ctaLink}}" class="button" data-ng-if="citrusDoubleTileVM.manager.doubleTile.ctaFlag">
			<span role="text">
				{{citrusDoubleTileVM.manager.doubleTile.ctaText}} <span class="accessibility-inline">{{citrusDoubleTileVM.manager.doubleTile.ctaTextAccessibility}}</span>
			</span>
		</a>
	</div>
</div>

</script>

<script type="text/ng-template" id="/online/COLRSLiquorWarningTileTemplate?storeId=20201&amp;langId=-1&amp;requesttype=ajax">
	

<div class="product is-promo" data-colrs-enhance-links>
	
	<div class="accessibility"  data-colrs-page-focus-point="{{'next_product'+tile.sequence}}" colrs-product-option-temp-message><p tabindex="-1">next item is</p></div>
	<h2 id="{{::tile.pageHeadingID}}" class="accessibility" tabindex="-1" data-ng-if="::tile.pageHeading" data-ng-bind="::tile.pageHeading" data-ng-cloak></h2>
 	<p class="accessibility" data-ng-if="productListVM.loadMore && tile.allyLoadMore" data-ng-bind="tile.allyLoadMore"></p>
			
	
<div style="display:none" aria-hidden="true">[[RS_LiquorWarningTile_Content]]</div>

	<div id="contentRecommendationWidget_RS_LiquorWarningTile_Content" class="contentRecommendationWidget" colrs-espot colrs-espot-name="RS_LiquorWarningTile_Content"
		>
		

<div class="left_espot">
	
	<style>
  .is-legal a {
   text-decoration: underline; 
  }
  
  .is-legal a:focus {
   border: 1px black dotted; 
  }
  </style>
<div class="promo-content-wrapper is-legal">

        <div class="promo-body">

                <svg class="icon icon-under18" focusable="false">
                    <use xlink:href="#icon-under18"/>
                </svg>

            <p style="font-size:13px; line-height:17px;"><strong>Under the VIC Liquor Control Reform Act 1998 it is an offence:</strong> To supply alcohol to a person under the age of 18 years (Penalty exceeds $19,000), for a person under the age of 18 years to purchase or receive liquor (Penalty exceeds $800).</p>
            <a href="/a/a-national/content/orders-with-alcohol-and-tobacco">View our liquor licence numbers</a>
        </div>

    </div>
	
</div>


	</div>

</div>


</script>

<script type="text/ng-template" id="/online/COLRSProductTileTemplate?storeId=20201&amp;langId=-1&amp;requesttype=ajax">
	
<div class="product" data-colrs-product-style="::tile.data" data-ng-class="::{'has-merch-assoc':(productTileVM.context !== 'MODAL' && product.productAssociation.isVisible && product.productAssociation.isFromAssociation) || (tile.isTPB && tile.hasTPBMerchAssociation), 'product-specials': tile.isTPB, 'has-flag': product.showAsUnavailable}" data-ng-hide="productTileVM.context === 'MODAL' && product.showAsUnavailable && !(product.isSizesVarieties)">
	
	<h2 id="{{::tile.pageHeadingID}}" class="accessibility" tabindex="-1" data-ng-if="::tile.pageHeading" data-ng-bind="::tile.pageHeading" data-ng-cloak></h2>
 	<p class="accessibility" data-ng-if="productListVM.loadMore && tile.allyLoadMore" data-ng-bind="tile.allyLoadMore"></p>
	<div class="product-icons clear" data-ng-if="productTileVM.showSpecials && !product.tickettypeObject.isRedRing">
    	<svg focusable="false" class="icon icon-specials" role="presentation" aria-hidden="true">
        	<use xmlns:xlink="http://www.w3.org/1999/xlink" xlink:href="#icon-specials"></use>
        </svg>
    </div>
    
    <div role="text" class="merch-assoc-container" data-ng-if="::((productTileVM.context !== 'MODAL' && product.productAssociation.isVisible && product.productAssociation.isFromAssociation) || (productTileVM.context !== 'MODAL' && product.associatedEspot && product.showAssocEspot))">
		<div class="merch-assoc">
			<span data-ng-if="::!(productTileVM.context !== 'MODAL' && product.associatedEspot && product.showAssocEspot)">
				<span class="accessibility-inline" data-ng-bind="::product.productAssociation.textA11y"></span>
			</span>
			<svg focusable="false" class="icon icon-crosssell" role="presentation" aria-hidden="true">
			    <use xmlns:xlink="http://www.w3.org/1999/xlink" xlink:href="#icon-crosssell"></use>
			</svg>
			<span class="text" aria-hidden="true" data-ng-bind-html="::product.productAssociation.text"></span>
			<span class="accessibility-inline" data-ng-if="::(productTileVM.context !== 'MODAL' && product.associatedEspot && product.showAssocEspot)">
				This product is related to the next item in the product list
			</span>
		</div>
	</div>
	<div class="product-inner" aria-hidden="true" data-ng-if="::productTileVM.context === 'MODAL'">
		<div class="product-image" >
			<a role="presentation" aria-hidden="true" tabindex="-1"
					data-ui-sref="colrs.store.product({token: '{{::product.productDisplayToken}}'})" data-ng-click="productTileVM.openProduct($event)">
				<img role="presentation" alt="{{::product.prodA11yHeading}}" data-ng-src="{{::product.thumbnail}}" data-colrs-def-product-image/>
			</a>
		</div>
	</div>
	<header role="presentation" class="product-header" data-colrs-product-header>
		<div class="product-icons" data-ng-if="::(product.badges.length && ((productTileVM.context !== 'MODAL') || (productTileVM.hasProductTicketType && productTileVM.context === 'MODAL')))">
			
			<span data-ng-repeat="badge in product.badges track by badge.badgeType" data-colrs-product-badge></span>
		</div>
		<div class="product-image-container" data-ng-if="::productTileVM.context !== 'MODAL'">
			<span class="accessibility-inline" data-ng-if="::(product.productAssociation.isVisible && !product.productAssociation.isFromAssociation)"
				data-ng-bind="::product.productAssociation.textA11y"></span>
	        <a class="product-image-link" data-ng-attr-href="{{::productTileVM.pdpHref}}" data-ng-click="productTileVM.openProduct($event)">
	            <div class="product-image">
					<span role="text">
						<img alt="{{::product.prodA11yHeading}}" data-ng-src="{{::product.thumbnail}}" data-colrs-def-product-image aria-hidden="true" role="presentation" />
						<span class="accessibility-inline">{{::product.prodA11yHeading}}</span>
					</span>
	            </div>
	        </a>
	    </div>
	    <div class="product-main-info">
		    <div data-ng-if="productTileVM.context !== 'MODAL'" class="accessibility-inline" data-colrs-page-focus-point="{{'next_product'+tile.sequence}}" colrs-product-option-temp-message>
				<p tabindex="-1">
					next item is
				</p>
			</div>
	    	<h3 class="product-title" data-ng-class="::{'product-no-desc': !product.showOnlineSizeDesc, 'short-width-title': product.hasRoundelPromo && productTileVM.context !== 'MODAL'}"
					data-ng-attr-data-partnumber="{{::product.partNumber}}" data-ng-attr-data-itemId="{{::product.singleSKUCatalogEntryID}}">
				<a data-ng-attr-href="{{::productTileVM.pdpHref}}" data-ng-click="productTileVM.openProduct($event)">
					<span role="text">
						<span class="sponsored-badge" data-ng-if="::tile.isAd">
	                        <svg focusable="false" class="icon icon-sponsored" aria-hidden="true" role="presentation">
	                            <use xlink:href="#icon-sponsored"></use>
	                        </svg>
	                    </span>
						<span class="product-brand" data-ng-bind="::product.displayBrandText"></span>
						<span class="product-name" data-ng-bind="::product.displayNameText"></span>
						<span class="package-size accessibility-inline" data-ng-bind="::product.prodA11yHeadingSuffix"></span>
						<span class="accessibility-inline" data-ng-bind="product.promo_desc_ally" data-ng-if="::product.hasRoundelPromo"></span>
						<span class="accessibility-inline" data-ng-if="::tile.isAd">sponsored product</span>
						<span class="accessibility-inline" data-ng-if="::product.isBrandedProduct">Featured product</span>
					</span>
				</a>
			</h3>
			<div class="icon-roundel-container" data-ng-class="{'promo-svg-body':product.tickettypeObject.promoSVG}" aria-hidden="true" data-ng-if="::(product.hasRoundelPromo && productTileVM.context !== 'MODAL')">
				<div class="icon-discount" data-ng-if="::(!product.tickettypeObject.promoSVG)">
					<div class="discount-text">
						<span class="promo-txt-line1" data-ng-bind="::product.promo_roundel_line1"></span>
						<span class="promo-txt-line2" data-ng-class ="{'is-cheapest-free-promo': product.isCheapestFreePromo, 'is-multibuy-promo': product.isMultiBuyPromo, 'is-big-num': product.isBigNum}">
							<span class="discount-modifier" data-ng-if="::product.isMultiBuyPromo">$</span>
							<span data-ng-bind="::product.promo_roundel_line2"></span>
							<span class="promo-cent-value" data-ng-if="::product.promo_price_cent_value" data-ng-bind="::product.promo_price_cent_value"></span>
						</span>
					</div>
				</div>
				<svg data-ng-if="::product.tickettypeObject.promoSVG" focusable="false" class="icon specials-roundel {{::product.tickettypeObject.promoSVG}}" role="presentation" aria-hidden="true">
		        	<use xmlns:xlink="http://www.w3.org/1999/xlink" data-ng-attr-xlink:href="{{'#' + product.tickettypeObject.promoSVG}}" xlink:href=""></use>
		        </svg>
			</div>
			<span class="product-pricing-info" role="text" data-ng-if="::!product.price.isNaN">
	            <span class="price-container">
	            	<span class="accessibility-inline" data-ng-if="::product.hasRoundelPromo">regular price</span>
	            	<!--To reduce the space between $ and Hero price for Accessibility, combined span tags in same line-->
	            	<span class="currency-sign">$</span><span class="dollar-value" data-ng-bind="::product.price.dollarValue"></span><span class="cent-value">.{{::product.price.centValue}}</span>
	                <span class="price-suffix" data-ng-if="::product.hasRoundelPromo && !product.isWeightedItem">
				        <span aria-hidden="true">ea</span>
				        <span class="accessibility-inline">each</span>
				    </span>
	            </span>
	            
               <span class="saving-container" data-colrs-if="((productTileVM.defaultOption.hasDiscount()  && !product.isMultiBuyPromo && !product.tickettypeObject.isRedRing) || productTileVM.product.hasDownDown)">
                    <span class="product-saving" data-colrs-if="!productTileVM.product.hasDownDown && productTileVM.product.tickettype != 'X'">
                        <span class="product-save-prefix">
                            save
                        </span>
                        <span class="product-save-value">
                            <strong>{{productTileVM.defaultOption.formattedDiscount}}</strong>
                        </span>
                    </span>
                    <span class="product-saving bg-red" data-colrs-if="productTileVM.product.hasDownDown">
                        <span class="product-save-value">
                        	<strong>Was ${{productTileVM.product.formattedListPrice}} on {{productTileVM.product.downDate}}
                        </span>
                    </span>
                </span>
               
	        </span>
	        <span class="product-pricing-info product-price-nan" data-ng-if="::product.price.isNaN">Price temporarily unavailable</span>
		</div>
        <div class="product-info">
			<p tabindex="-1">
				<span class="package-size" aria-hidden="true" data-ng-if="::product.showOnlineSizeDesc" data-ng-bind="::product.sizeDescription"></span>
				<span class="delimeter" role="presentation" aria-hidden="true" data-ng-if="::(product.showOnlineSizeDesc && product.unitPrice)"></span>
				<span role="text">
					<span class="package-price" data-ng-bind="::product.unitPrice"></span>
					<span class="accessibility-inline" data-ng-bind="::product.unitPriceA11y"></span>
				</span>
			</p>
			<p class="accessibility-inline" data-ng-if="tile.isTPB && tile.hasTPBMerchAssociation">
				<span role="text">
					This product is available in pack or carton
				</span>
			</p>
			<p class="accessibility-inline" data-ng-if="product.isBoughtBefore && productTileVM.context !== 'MODAL'" data-ng-bind="::product.boughtBeforeA11y"></p>
		</div>
		<div class="star-rating" data-ng-if="::(product.bvEnabled && product.displayReview)">
			<a href="{{::productTileVM.pdpHref}}" >
				<div class="star" aria-hidden="true">
					<data-colrs-product-static-rating data-product="product"></data-colrs-product-static-rating>
				</div>
				<div class="rating-details">
					<span class="value" aria-hidden="true" data-ng-bind="::product.rating"></span>
					<span class="delimeter" role="presentation" aria-hidden="true" data-ng-if="::product.reviewsToDisplay"></span>
					<span class="reviews" aria-hidden="true" data-ng-bind="::product.reviewsToDisplay" data-ng-if="::product.reviewsToDisplay"></span>
					<span class="accessibility-inline">
						{{::product.rating}} out of 5 stars from {{::product.reviews}} ratings received
					</span>
				</div>
			</a>
		</div>
	    <div class="product-price-estimate" data-colrs-product-price-estimate data-product="product"></div>
	    <p class="accessibility" data-ng-if="product.showAsUnavailable  && product.tickettype != 'S' && product.tickettype != 'M'">
			This product is temporarily unavailable
		</p>
	</header>
	<div class="product-desc" data-colrs-product-desc data-product="product" data-ng-if="(productTileVM.context !== 'MODAL' && product.shortDescription) || (productTileVM.context !== 'MODAL' && product.showAsUnavailable)"></div>
	<div class="product-assoc-link" data-ng-class="{'isVisible': product.assocIsVisible}" data-colrs-product-assoc-link data-product="product" data-ng-if="productTileVM.context !== 'MODAL' && !product.showAsUnavailable"></div>
	<!-- Fat controller and lists container -->
	<div class="product-actions-container">
		<div class="product-options-container" data-ng-if="productTileVM.context !== 'MODAL'" data-colrs-product-options></div>
		<div class="product-desc" data-colrs-product-desc data-product="product" data-ng-if="(productTileVM.context === 'MODAL' && product.isWeightedItem || productTileVM.context === 'MODAL' && product.shortDescription || productTileVM.context === 'MODAL' && product.showAsUnavailable)"></div>
		<div class="fat-controller" data-ng-class="{'is-full-width':!productTileVM.isRegistered}" data-container="tile" data-product="product" data-context="{{productTileVM.context}}"
				data-show-savings="{{productTileVM.showTicketType}}" data-colrs-fat-controller>
		</div>
	</div>
</div>

</script>

<script type="text/ng-template" id="/online/COLRSProductDescTemplate?storeId=20201&amp;langId=-1&amp;requesttype=ajax">
	
<button class="product-desc-action" role="text" aria-hidden="false" data-colrs-click="colrsProductDescVM.showPriceAlertMessage()"
		data-ng-show="::colrsProductDescVM.product.shortDescription">
    <span class="product-desc-text" data-ng-bind="::colrsProductDescVM.product.shortDescription"
    	data-ng-class="{'short-desc': colrsProductDescVM.checkProductDescLength(colrsProductDescVM.product)}"></span>
</button>
<div class="alert" role="alert" aria-hidden="true" data-ng-blur="colrsProductDescVM.closePriceAlertMessageOnBodyClick($event)"
		data-ng-keydown="colrsProductDescVM.alertKeyHandler($event)" >
    <div class="alert-wrapper alert-information" data-colrs-click-ignore>
        <span class="arrow"></span>
         <div class="close is-dark">
             <a data-ng-href class="popup-close" title="pop up" data-ng-click="colrsProductDescVM.hidePriceAlertMessage()">
                 <svg role="presentation" focusable="false" class="icon icon-cross" aria-hidden="true">
                     <use xmlns:xlink="http://www.w3.org/1999/xlink" xlink:href="#icon-cross"></use>
                 </svg>
             </a>
         </div>
        <div class="alert-content">
            <p class="product-desc-text" ng-bind="::colrsProductDescVM.product.shortDescription" data-colrs-click-ignore></p>
        </div>
    </div>
</div>
<div class="product-flag" data-colrs-if="colrsProductDescVM.product.showAsUnavailable">
	Temporarily unavailable
</div>

</script>

<script type="text/ng-template" id="/online/COLRSProductAssocLinkTemplate?storeId=20201&amp;langId=-1&amp;requesttype=ajax">
	
<button class="assoc-link-btn" data-ng-click="productAssocLinkVM.openSizesAndVarietiesModal($event, productAssocLinkVM.product)">
	<span role="text">
		<span data-ng-bind-html="productAssocLinkVM.assocLinkTxt"></span>
		<svg focusable="false" class="icon icon-arrow" role="presentation" aria-hidden="true">
		    <use xmlns:xlink="http://www.w3.org/1999/xlink" xlink:href="#icon-arrow"></use>
		</svg>
	</span>
</button>


</script>

<script type="text/ng-template" id="/online/COLRSProductAssocModalTemplate?storeId=20201&amp;langId=-1&amp;requesttype=ajax">
	
<div id="crosssell-dialog" class="colrs-animate popup popup-crosssell popup-sizes-varieties is-open" tabindex="-1" aria-hidden="false" 
		data-colrs-product-assoc-modal data-colrs-trap-focus>
	<span class="accessibility" tabindex="-1"> 
		Start of pop up dialog box
	</span>
    <div class="popup-inside">
        <div class="popup-header" data-transclude-id="head">
        	<div role="text" id="crosssell-dialog-title" tabindex="-1" data-colrs-trap-initial data-colrs-trap-first>
                <span class="accessibility">
                	Pop up box displayed <span class="accessibility-inline">Browse </span>Sizes and varieties
				</span>
            </div>
            <h1 class="popup-title dialogbox-start">
                <span role="text">
                	<span class="accessibility-inline">Browse </span>Sizes and varieties
                </span>
            </h1>
            <div class="close is-dark">
                <a href="#" class="popup-close" title="Close this pop up dialog box" data-ng-click="close()">
                    <svg role="presentation" focusable="false" class="icon icon-cross" aria-hidden="true">
                        <use xlink:href="#icon-cross" />
                    </svg>
                </a>
            </div>
        </div>
        <div class="popup-body">
            <div class="popup-content-scroll">
            	<div class="popup-tabs">
	            	<ul class="nav-tabs">
	            		<li class="nav-item" id="{{::tab.name}}" data-ng-repeat="tab in productAssocModalVM.tabs" data-ng-class="{'active': tab.isActive}">
	            			<a href="#" class="nav-link" data-ng-click="productAssocModalVM.handleTabClick(tab.name)" data-ng-bind-html="::tab.tabLinkText" />
	            		</li>
	            	</ul>
	            	<h2 id="assoc-different-heading-{{::tab.name}}" tabindex="-1" data-ng-repeat="tab in productAssocModalVM.tabs" class="accessibility-inline" data-ng-show="tab.isActive">
        				{{::tab.tabHeadingText}}
        			</h2>
        			<hr class="nav-divider-line" aria-hidden="true">
            	</div>
				
				<div data-colrs-tobacco-warning-banner data-ng-if="productAssocModalVM.isRestrictedTobacco"></div>
            	<div class="product-list" data-colrs-products-area-container>
					<div data-colrs-preloader data-svg-id="preloader-modal" data-size="large" 
						data-ng-class="{'is-active' : productAssocModalVM.isLoading}" data-is-animating="productAssocModalVM.isLoading"></div>
					<div data-colrs-product-tile data-ng-repeat="tile in productAssocModalVM.tiles" tile="tile"
						data-context="MODAL" data-show-ticket-type="true" data-ng-class="{'is-boxed': productTileVM.hasProductTicketType}">
					</div>
				</div>
				
				<div data-colrs-tobacco-warning-banner data-ng-if="productAssocModalVM.isRestrictedTobacco"></div>
				<p class="switch-links nav-item" id="{{::tabLink.name}}" data-ng-repeat="tabLink in productAssocModalVM.tabs" data-ng-class="{'hide-link': tabLink.isActive || tabLink.productArray.length === 1}">
					<a href="#" class="nav-link" data-ng-click="productAssocModalVM.handleTabClick(tabLink.name)" data-ng-bind-html="::tabLink.viewLinkText" />
				</p>
            </div>
        </div>
        <div class="popup-footer" data-transclude-id="footer">
			<button class="button button-dark float-right" data-ng-click="close()" data-ng-if="!productAssocModalVM.fromOOSPage" data-colrs-trap-last>
				Keep Shopping
			</button>
			<button class="button button-dark float-right" data-ng-click="close()" data-ng-if="productAssocModalVM.fromOOSPage" data-colrs-trap-last>
				Continue
			</button>
		</div>
    </div>
    <span class="accessibility" tabindex="-1">
		End of pop up dialog box
	</span>
</div>

</script>

<script type="text/ng-template" id="/online/COLRSProductPriceEstimateTemplate?storeId=20201&amp;langId=-1&amp;requesttype=ajax">
	
<button class="action-alert-active" role="text" data-ng-show="::colrsProductPriceEstimateVM.product.isWeightedItem" 
	data-colrs-click="colrsProductPriceEstimateVM.showPriceAlertMessage()">
    <svg focusable="false" class="icon icon-info-circle" aria-hidden="true" role="presentation">
        <use xlink:href="#icon-info-circle"></use>
    </svg>
    <span class="product-price-estimate-text">
	    Price is an estimate
		<span class="accessibility-inline">
			<span data-ng-if="::colrsProductPriceEstimateVM.product.isWeighedByEach">
				Prices are estimated based on an average of {{::colrsProductPriceEstimateVM.product.averageSize+colrsProductPriceEstimateVM.product.uom}} per item. The actual weight may differ slightly, and that will affect the price you pay.						
			</span> 
			<span data-ng-if="::colrsProductPriceEstimateVM.product.isWeighedByWeight">
				The actual weight may differ slightly from {{::colrsProductPriceEstimateVM.product.averageSize+colrsProductPriceEstimateVM.product.uom}} and that will affect the price you pay.							
			</span>
		</span>
	</span>
</button>
<div class="alert" aria-hidden="true" role="alert" data-ng-blur="colrsProductPriceEstimateVM.closePriceAlertMessageOnBodyClick($event)"
		data-ng-keydown="colrsProductPriceEstimateVM.alertKeyHandler($event)">
	<div class="alert-wrapper alert-information" data-colrs-click-ignore> 
		<span class="arrow"></span>
         <div class="close is-dark">
             <a href="#" data-ng-href class="popup-close" title="pop up" data-ng-click="colrsProductPriceEstimateVM.hidePriceAlertMessage()">
                 <svg role="presentation" focusable="false" class="icon icon-cross" aria-hidden="true">
                     <use xmlns:xlink="http://www.w3.org/1999/xlink" xlink:href="#icon-cross"></use>
                 </svg>
             </a>
         </div>
		<div class="alert-content">
			<span data-colrs-if="::colrsProductPriceEstimateVM.product.isWeighedByEach" data-colrs-click-ignore>
				<p data-colrs-click-ignore>
					Prices are estimated based on an average of <strong data-colrs-click-ignore>{{::colrsProductPriceEstimateVM.product.averageSize+colrsProductPriceEstimateVM.product.uom}}</strong> per item. 
				</p>
				<p data-colrs-click-ignore>The actual weight may differ slightly, and that will affect the price you pay.</p>							
			</span> 
			<p data-colrs-if="::colrsProductPriceEstimateVM.product.isWeighedByWeight" data-colrs-click-ignore>
				The actual weight may differ slightly from <strong data-colrs-click-ignore>{{::colrsProductPriceEstimateVM.product.averageSize+colrsProductPriceEstimateVM.product.uom}}</strong> and that will affect the price you pay.							
			</p>
		</div>
	</div>
</div>

</script>

<script type="text/ng-template" id="/online/COLRSCatalogEntryRecommendationTemplate?storeId=20201&amp;langId=-1&amp;requesttype=ajax">
	<div data-ng-class="::[{'espotContainer' : productRecVM.widget.hasContainer},productRecVM.widget.containerClass]"> 
	<!-- If an espot widget then the espot name will be printed by the espot widget -->
	<div style="display: none" data-ng-if="::!productRecVM.widget.espot.isEspotWidget">[[{{productRecVM.widget.espot.name}}]]</div>
	<h2 class="espotTitle" id="title-{{::productRecVM.widget.widgetId}}" data-ng-if="productRecVM.widget.espotTitle" data-ng-bind-html="productRecVM.widget.espotTitle"></h2>
	<div ng-class="::{'productContainer':productRecVM.widget.hasContainer}">
		<div data-colrs-tile data-ng-repeat="tile in productRecVM.widget.tiles" context="TILE" class="tile">
		</div>
	</div>
</div>
</script>

<script type="text/ng-template" id="/online/COLRSCatalogEntryListTemplate?storeId=20201&amp;langId=-1&amp;requesttype=ajax">
	

<div class="clear">
	
	<div data-ng-if="::productListVM.widget.searchInfo.totalCount">
       	
	    <section id="product-list">	
  			  			
    		<div class="colrs-animate tile-animate" 
    			data-ng-class="::{'tile-stagger': (productListVM.widget.searchInfo.currentPage > 1)}" 
    			data-ng-repeat="tile in productListVM.widget.tiles" data-colrs-tile>
    		</div>
   			
   			<colrs-placeholder-tile class="product placeholder" 
   				data-ng-repeat="placeholder in productListVM.widget.placeholders track by $index">
   			</colrs-placeholder-tile>				
		</section>	
		
		
		<div class="pagination-container" data-colrs-pagination>        
            <span class="accessibility-inline"  data-ng-if="::paginationVM.paginationObjects.length > 1">
                Go to 
            </span>                                                
			<ul class="pagination" data-ng-if="::paginationVM.paginationObjects.length > 1">                        
				<li class="page-number" 
					data-ng-class="::{'truncated' : paginationVM.isTruncated($index)}" 
					data-ng-repeat="paginationObject in paginationVM.paginationObjects track by $index">
					<span class="button is-active" data-ng-if="::paginationVM.isActive($index)" tabindex="0">
						<span class="accessibility-inline">
							Current page page {{::paginationObject.number}} 
						</span>
						<span class="number" aria-hidden="true">{{::paginationObject.number}}</span>
					</span>
					<a data-ng-href="{{productListVM.getLinkUrl(paginationObject.number)}}" class="button" data-ng-if="!paginationVM.isTruncated($index) && !paginationVM.isActive($index)" 
						data-ng-click="productListVM.pagination(paginationObject.number,$event)">
						<span class="accessibility-inline">Page</span>  
						<span class="number">{{::paginationObject.number}}</span>      
					</a>
					<span class="number" aria-hidden="false" tabindex="0" data-ng-if="::paginationVM.isTruncated($index)">
						...
					</span>
				</li>
			</ul>
		</div>        
	</div>	
</div>


</script>

<script type="text/ng-template" id="/online/COLRSTobaccoPriceBoardTemplate?storeId=20201&amp;langId=-1&amp;requesttype=ajax">
	
<div data-colrs-tobacco-warning-banner></div>
<section class="products">
	<div class="tobacco-price-board">
		
		<div class="product product-tobacco" data-ng-repeat="product in tobaccoPriceBoardVM.priceBoard" data-ng-if="product.hasPackOrPouch">
			<h3 class="product-title">
				<span class="product-brand">{{ ::product.manufacturer }}</span>
				<span class="package-size">{{ ::product.size }}</span>
			</h3>
			<p class="pack-cost"> 
				<span role="text">
					<span class="accessibility-inline">Price per</span> {{ ::product.packLabel }}: {{ ::product.packPrice }}
				</span>
			</p>
			<p class="carton-cost">
				<span role="text" data-ng-if="product.hasCarton">
					<span class="accessibility-inline">Price per</span> Carton: {{ ::product.cartonPrice }}
				</span>
			</p>
			<button class="button" data-ng-click="tobaccoPriceBoardVM.showAll($event, product)">
				Shop <span class="accessibility-inline">for {{ ::product.manufacturer }} {{ ::product.size }} varieties</span> now
			</button>
		</div>
	</div>
	<div data-colrs-tobacco-products-link></div>
</section>

</script>


<script type="text/ng-template" id="/online/COLRSDidYouMeanTemplate?storeId=20201&amp;langId=-1&amp;requesttype=ajax">
	

<p role="text" class="callout-content spell-check-info">
	<span>
		We couldn't find any results for <strong>"{{::origsearchterm}}"</strong>
	</span>
	<span>
		Showing results for <strong>{{::actualsearchterm}}</strong>
	</span>
</p>
<p class="callout-content spell-check-links" data-ng-if="suggestedterms.length > 1">  
	Search instead for:&nbsp;<a class="filter-button" href="#" term="term" data-ng-repeat="term in suggestedterms" data-ng-bind="::term" 
		data-ng-click="performSearch()" data-colrs-did-you-mean-link></a>
</p>


</script>

<script type="text/ng-template" id="/online/COLRSSpendStretchTileContentTemplate?storeId=20201&amp;langId=-1&amp;requesttype=ajax">
	

<div class="promo-content-wrapper spend-stretch">
	<div class="promo-body">
		<h3 class="accessibility-inline">Special offer</h3>
		<div class="icon-container">
			<div class="icon-discount" data-ng-class="{'is-delivery':spendStretchTileVM.offer.isShipping, 'is-free':spendStretchTileVM.offer.isFreeShipping, 'is-percentage': spendStretchTileVM.offer.isPercentageModifier}" role="text">
				<div class="discount-text">
					<span class="discount-value"><span class="discount-modifier" data-ng-if="spendStretchTileVM.offer.isPercentageModifier === false && !spendStretchTileVM.offer.isFreeShipping">{{::spendStretchTileVM.offer.modifier}}</span>{{::spendStretchTileVM.offer.formattedOfferAmountOnly}}<span class="discount-modifier" ng-if="spendStretchTileVM.offer.isPercentageModifier === true">{{::spendStretchTileVM.offer.modifier}}</span></span>
					<span class="discount-suffix">{{::spendStretchTileVM.offer.roundelSuffix}}</span>
				</div>
			</div>
		</div>
		<span class="heading" role="text">
			<span data-ng-bind-html="::spendStretchTileVM.offer.tileMessage"></span>
		</span>
	</div>
	<div class="promo-footer">
		<p class="promo-footer-tac">	
			<span class="promo-end" data-ng-bind="::spendStretchTileVM.offer.endDate"></span>
            <span role="text" data-ng-bind-html="::spendStretchTileVM.offer.exclusionsMessage" aria-hidden="true"></span>
            <span role="text" data-ng-bind-html="::spendStretchTileVM.offer.exclusionsMessageA11y" class="accessibility-inline"></span>
            <span data-ng-bind-html="::spendStretchTileVM.offer.termsAndConditions"></span>
		</p>
	</div>
</div>


</script>

<script type="text/ng-template" id="/online/COLRSBackLinkTemplate?storeId=20201&amp;langId=-1&amp;requesttype=ajax">
	
<p class="back-link">
    <a data-ui-sref="{{::backLinkVM.previousState.name}}({{::backLinkVM.previousState.params}})"
    	data-ng-click="backLinkVM.back($event)">
        <span role="text">
	        <svg focusable="false" class="icon icon-arrow" role="presentation" aria-hidden="true">
	            <use xmlns:xlink="http://www.w3.org/1999/xlink" xlink:href="#icon-arrow"></use>
	        </svg>
	        <strong data-ng-bind="::backLinkVM.backText"></strong>
        </span>
    </a>
</p>

</script>

<script type="text/ng-template" id="/online/COLRSTobaccoProductsLinkTemplate?storeId=20201&amp;langId=-1&amp;requesttype=ajax">
	
<a class="button button-wide button-view-all" 
    data-category-id="{{::tobaccoProductsLinkVM.categoryId}}"
	data-ng-href="{{ ::tobaccoProductsLinkVM.url }}"
	data-ng-click="tobaccoProductsLinkVM.go($event)">
    View all tobacco products
</a>

</script>

<script type="text/ng-template" id="/online/COLRSCatalogEntryListEmptyTemplate?storeId=20201&amp;langId=-1&amp;requesttype=ajax">
	
<div class="colrs-animate callout is-large is-results">
	<p class="callout-content txt-center" role="text">
		<svg focusable="false" class="icon {{::productListEmptyVM.icon}}" data-ng-if="::tab.hasIcon && !tab.isIconFromImageTag" role="presentation" aria-hidden="true">
        	<use xmlns:xlink="http://www.w3.org/1999/xlink" data-ng-attr-xlink:href="{{::('#' + productListEmptyVM.icon)}}" xlink:href=""/>
      	</svg>
      	<img class="icon" data-ng-class="tab.getIconClass()" data-ng-if="::tab.hasIcon && tab.isIconFromImageTag" role="presentation" aria-hidden="true" 
			data-ng-src="{{::tab.iconSrc}}" />
      	<span id="emptyCatalogEntryList" class="callout-label" data-ng-bind-html="::productListEmptyVM.message"></span>
    </p>
   	<p class="callout-footer txt-center" ng-if="::productListEmptyVM.showEverythingSearchButton" role="presentation">
		
		<span data-colrs-get-everything-count>
			<a role="button" class="button showEverything" data-ng-click="productListEmptyVM.clickEverything()"
				data-ng-if="getCountVM.everythingMessage" data-ng-bind-html="::getCountVM.everythingMessage" 
				data-ui-sref='colrs.store.tabs.search.everything.top({searchTerm: "{{::productListEmptyVM.searchTerm}}"})'></a>
			<a role="button" class="button showAll" data-ng-click="productListEmptyVM.clickEverything()"
				data-ng-if="getCountVM.allMessage" data-ng-bind-html="::getCountVM.allMessage" 
				data-ui-sref='colrs.store.tabs.search.everything.top({searchTerm: "{{::productListEmptyVM.searchTerm}}"})'></a>
		</span>
	</p>
	<p class="callout-footer txt-center" ng-if="::productListEmptyVM.showCollectionsButton" role="presentation">
		<span>
			<a role="button" class="button" data-ng-click="productListEmptyVM.showSpecialtyStores()"
				data-ng-bind-html="::productListEmptyVM.buttonText" 
				href="#"></a>
		</span>
	</p>
	<p class="callout-footer txt-center" ng-if="::productListEmptyVM.showClearFiltersButton" role="presentation">
		<span>
			<a role="button" class="button" data-ng-click="productListEmptyVM.clearAllFilters()"
				data-ng-bind-html="::productListEmptyVM.buttonText" href="#"></a>
		</span>
	</p>
</div>

</script>

<script type="text/ng-template" id="/online/COLRSCitrusAdsTemplate?storeId=20201&amp;langId=-1&amp;requesttype=ajax">
	
<div data-ng-if="::citrusProductListVM.widget.citrusSearchInfo.totalCount">
	
	<section id="product-list">
		
		<div class="colrs-animate tile-animate" 
			data-ng-class="::{'tile-stagger': (citrusProductListVM.widget.citrusSearchInfo.currentPage > 1)}" 
			data-ng-repeat="tile in citrusProductListVM.widget.tiles" data-colrs-tile>
		</div>
		
		<colrs-placeholder-tile class="product placeholder" 
			data-ng-repeat="placeholder in citrusProductListVM.widget.placeholders track by $index">
		</colrs-placeholder-tile>
	</section>
</div>

</script>

<script type="text/ng-template" id="/online/COLRSContentRecommendationTemplate?storeId=20201&amp;langId=-1&amp;requesttype=ajax">
	
<div data-ng-class="[contentRecVM.widget.containerClass]" data-ng-repeat="content in contentRecVM.widget.espot.contents" data-colrs-bind-html-compile="::content.text" data-ng-if="contentRecVM.widget.isHtmlOnlyContent"></div>
<div data-ng-class="[{'espotContainer' : contentRecVM.widget.hasContainer},contentRecVM.widget.containerClass]" data-ng-if="!contentRecVM.widget.isHtmlOnlyContent"> 
	<div style="display: none" data-ng-if="::!contentRecVM.widget.espot.isEspotWidget">[[{{contentRecVM.widget.espot.name}}]]</div>
	<h2 class="espotTitle" id="title-{{contentRecVM.widget.widgetId}}" data-ng-if="contentRecVM.widget.espotTitle" data-ng-bind-html="contentRecVM.widget.espotTitle"></h2>
	<div data-colrs-tile data-ng-repeat="tile in contentRecVM.widget.tiles"></div>
</div>

</script>

<script type="text/ng-template" id="/online/COLRSSortViewTemplate?storeId=20201&amp;langId=-1&amp;requesttype=ajax">
	
<p id="sort-options" class="sort-options-desc">
	<span role="text" id="sort-options-heading-{{::tab.id}}" tabindex="-1"> 
		<span class="sort-options-heading" role="text">
		    <span class="accessibility-inline">
				{{sortViewVM.model.active.a11yTitle}}
			</span>
			Sorted by<span aria-hidden="true">:</span>
			{{sortViewVM.model.active.sortString}}
		</span>
		<span class="sort-options-heading accessibility">
			{{sortViewVM.sortOptionsHeadingMobile}}
		</span>
	</span>
	 
	<button id="sort-options-trigger" class="button button-link" aria-expanded="{{sortViewVM.isExpanded}}"
		data-ng-click="sortViewVM.change($event)" > 
		<span class="tablet">
			change
			<span class="accessibility-inline">&nbsp;product sort order</span>
		</span>
		<span class="mobile">
			<span aria-hidden="true">Sort</span>
			<span class="accessibility-inline">
				change&nbsp;product sort order
			</span>
		</span>
	</button>
</p>
<div id="sort-options-wrapper-{{::tab.id}}" class="sort-options" data-ng-show="sortViewVM.isExpanded"
	data-ng-class="{'is-expanded' : sortViewVM.isExpanded}" >
	<h3 id="sort-heading-{{::tab.id}}" class="sort-options-title" tabindex="-1">
	    <span data-colrs-tab-name-display data-tab-name="sortViewVM.model.active.title" 
  						data-tab-short-name="sortViewVM.model.active.shortTitle" 
  						data-tab-a11y-name="sortViewVM.model.active.a11yOptionsTitle"></span>
	</h3>
	<div data-ng-if="sortViewVM.model.active.personalisable">
		<label for="sort_bought-before-first-{{::tab.id}}" class="form-field-checkbox-label">
			<input type="checkbox" id="sort_bought-before-first-{{::tab.id}}" name="bought-before" aria-checked="{{sortViewVM.model.active.personalise}}" 
				data-ng-checked="sortViewVM.model.active.personalise" data-ng-model="sortViewVM.model.active.personalise"/>
				<span class="form-field-checkbox-mask"></span>Show bought before first
		</label>
	</div>
	<h3 class="sort-options-title" data-ng-if="sortViewVM.model.active.personalisable">
		Then sort by
	</h3>
	<div>
		<div role="presentation" class="form-field-radio-button-label" data-ng-repeat="option in sortViewVM.model.active.options" data-ng-cloak>
			<input type="radio" id="{{::option.id}}-{{::tab.id}}" aria-labelledby="{{::option.id}}-label" 
				data-ng-model="sortViewVM.model.active.selected" data-ng-value="::option" name="sort-view-option-{{::tab.id}}" />
			<div class="form-field-radio-mask" aria-hidden="true"><span class="form-field-radio-checked"></span></div>
			<label id="{{::option.id}}-label" for="{{::option.id}}-{{::tab.id}}" class="form-field-radio-button-label">{{::option.text}}</label>
		</div>
	</div>
	<p class="sort-button-wrapper">
		<button class="button button-dark button-small" data-ng-click="sortViewVM.save()">
			Save
			<span class="accessibility">&nbsp;product sort order</span>
		</button>
		<button class="button button-plain button-small" data-ng-click="sortViewVM.cancel()">
			Cancel
			<span class="accessibility">&nbsp;product sort order</span>
		</button>
	</p>
</div>

</script>

<script type="text/ng-template" id="/online/COLRSSortSubstituteViewTemplate?storeId=20201&amp;langId=-1&amp;requesttype=ajax">
	
<p id="sort-options" class="sort-options-desc">
	<span role="text" id="sort-options-heading-substitutes" tabindex="-1"> 
		<span class="sort-options-heading" role="text">
		    <span class="accessibility-inline">
				{{sortViewSubstituteVM.model.active.a11yTitle}}
			</span>
			Sorted by<span aria-hidden="true">:</span>
			{{sortViewSubstituteVM.model.active.sortString}}
		</span>
		<span class="sort-options-heading accessibility">
			{{sortViewSubstituteVM.sortOptionsHeadingMobile}}
		</span>
	</span>
	 
	<button id="sort-options-trigger" class="button button-link" aria-expanded="{{sortViewSubstituteVM.isExpanded}}"
		data-ng-click="sortViewSubstituteVM.change($event)" > 
		<span class="tablet">
			change
			<span class="accessibility-inline">&nbsp;product sort order</span>
		</span>
		<span class="mobile">
			<span aria-hidden="true">Sort</span>
			<span class="accessibility-inline">
				change&nbsp;product sort order
			</span>
		</span>
	</button>
</p>
<div id="sort-options-wrapper-substitutes" class="sort-options" data-ng-show="sortViewSubstituteVM.isExpanded"
	data-ng-class="{'is-expanded' : sortViewSubstituteVM.isExpanded}" >
	<h3 id="sort-heading-substitutes" class="sort-options-title" aria-hidden="true" tabindex="-1">
	    <span data-colrs-tab-name-display data-tab-name="sortViewSubstituteVM.model.active.title" 
					data-tab-a11y-name="sortViewSubstituteVM.model.active.a11yOptionsTitle"></span>
	</h3>
	<div>
		<div role="presentation" class="form-field-radio-button-label" data-ng-repeat="option in sortViewSubstituteVM.model.active.options" data-ng-cloak>
			<input type="radio" id="{{::option.id}}-{{::tab.id}}" aria-labelledby="{{::option.id}}-label" 
				data-ng-model="sortViewSubstituteVM.model.active.selected" data-ng-value="::option" name="sort-view-option-{{::tab.id}}" />
			<div class="form-field-radio-mask" aria-hidden="true"><span class="form-field-radio-checked"></span></div>
			<label id="{{::option.id}}-label" for="{{::option.id}}-{{::tab.id}}" class="form-field-radio-button-label">{{::option.text}}</label>
		</div>
	</div>
	<p class="sort-button-wrapper">
		<button class="button button-dark button-small" data-ng-click="sortViewSubstituteVM.save()">
			Save
			<span class="accessibility">&nbsp;product sort order</span>
		</button>
		<button class="button button-plain button-small" data-ng-click="sortViewSubstituteVM.cancel()">
			Cancel
			<span class="accessibility">&nbsp;product sort order</span>
		</button>
	</p>
</div>

</script>

<script type="text/ng-template" id="/online/COLRSFiltersViewTemplate?storeId=20201&amp;langId=-1&amp;requesttype=ajax">
	
<div data-ng-if="filtersViewVM.manager.filters">
	<div class="facets">
		<button class="button button-light button-toggle-facets" aria-expanded="{{filtersViewVM.manager.isExpanded}}" 
			data-ng-click="filtersViewVM.toggleFilters($event)">
		    <svg focusable="false" class="icon icon-filter" role="presentation" aria-hidden="true">
		        <use xmlns:xlink="http://www.w3.org/1999/xlink" xlink:href="#icon-filter"></use>
		    </svg>
			Show filters
		</button>
	</div>
	
	<div class="callout is-white facets-available colrs-animate" data-ng-if="filtersViewVM.manager.isExpanded">
		<h2 class="callout-label">Filter products</h2>
		<div class="facet-button-container">
			<div class="button-container" data-ng-repeat="filter in filtersViewVM.manager.filters">
				<button id="{{filter.name}}" class="button" data-ng-click="filtersViewVM.openFilterLabels(filter, $event)">
					<span class="accessibility-inline">Filter by </span>{{filter.name}}
				</button>
			</div>
		</div>
	</div>
	
	<div class="callout is-plain facets-applied" data-ng-if="filtersViewVM.manager.activeFilters.length > 0">
		<span class="callout-label">Filtered by:</span>
		<div class="button-container">
			<button id="{{activeFilter.value}}" class="button button-pill is-closable" data-ng-repeat="activeFilter in filtersViewVM.manager.activeFilters"
				data-ng-click="filtersViewVM.remove(activeFilter)">
				<span class="accessibility-inline">Remove </span>{{activeFilter.label}}<span class="accessibility-inline"> {{activeFilter.name}} filter</span>
				<svg focusable="false" class="icon icon-cross" role="presentation" aria-hidden="true">
					<use xmlns:xlink="http://www.w3.org/1999/xlink" xlink:href="#icon-cross"></use>
				</svg>
			</button>
			<button id="clearAllFilters" class="button button-link" data-ng-click="filtersViewVM.removeAll()">
				Clear all filters
			</button>
		</div>
	</div>
</div>

</script>

<script type="text/ng-template" id="/online/COLRSCatNavHeaderTemplate?storeId=20201&amp;langId=-1&amp;requesttype=ajax">
	
<a href="#" id="cat-nav-back" class="colrs-animate cat-nav-back" title="{{catNavHeaderVM.backLabel}}"
		aria-label="{{catNavHeaderVM.backLabel}}" data-colrs-trap-first
		data-ng-if="mainViewVM.model.tabView.activeCatGrp.level !== 0" data-ng-click="catNavHeaderVM.returnToParent($event)" >
	<svg focusable="false" class="icon icon-back" role="presentation" aria-hidden="true">
		<use xlink:href="#icon-back"></use>
	</svg>
</a>
<div class="colrs-animate"
		data-ng-if="mainViewVM.model.tabView.activeCatGrp.level === 0 && (mainViewVM.model.tabView.isSearchMode || mainViewVM.model.tabView.isMultiSearchMode)" data-ng-cloak >
	<div class="cat-nav-current cat-nav-top-level is-searching">
		<h2 class="cat-nav-heading" id="products-navigation-browse" data-colrs-trap-initial tabindex="-1">
			<svg focusable="false" class="icon icon-search" role="presentation" aria-hidden="true">
				<use xmlns:xlink="http://www.w3.org/1999/xlink" xlink:href="#icon-search"></use>
			</svg>
			<span aria-hidden="true" role="text" data-ng-bind="catNavContainerVM.getHeaderSearchTitle()"></span>
			<span role="text" class="accessibility" data-ng-bind="catNavContainerVM.getA11YHeaderSearchTitle()"></span>
		</h2>
		<div class="cat-nav-search-summary">
			<span class="cat-nav-item-count" role="text">
				<svg class="icon" data-ng-class="catNavContainerVM.getTabIconClass()" focusable="false" role="presentation" aria-hidden="true"
						data-ng-if="catNavContainerVM.hasIcon() && !catNavContainerVM.isIconFromImageTag()">
	            	<use xmlns:xlink="http://www.w3.org/1999/xlink" data-ng-attr-xlink:href="{{ catNavContainerVM.getTabIconClass() }}" xlink:href=""></use>
	        	</svg>
	        	<img class="icon" data-ng-class="catNavContainerVM.getTabIconClass()" data-ng-if="catNavContainerVM.hasIcon() && catNavContainerVM.isIconFromImageTag()" role="presentation" aria-hidden="true" 
					data-ng-src="{{catNavContainerVM.getIconImageSrc()}}" />
	        	<small data-ng-bind="catNavContainerVM.getTabCount()"></small>
			</span>
			<button id="clear-search" class="button-clear-search" title="Clear search" 
				 	data-ng-click="catNavContainerVM.clearSearch($event)">
				Clear search
			</button>
		</div>
	</div>
    <a href="#" class="close" role="button" data-colrs-trap-first
	    	title="Close menu"
	    	data-ng-click="catNavContainerVM.close($event)">
        <svg focusable="false" class="icon icon-cross" role="presentation" aria-hidden="true">
            <use xmlns:xlink="http://www.w3.org/1999/xlink" xlink:href="#icon-cross"></use>
        </svg>
    </a>
</div>

<div class="colrs-animate"
		data-ng-if="((mainViewVM.model.tabView.activeCatGrp.level !== 0) && (mainViewVM.model.tabView.activeCatGrp.level === catGrp.level) 
			&& (mainViewVM.model.tabView.isSearchMode || mainViewVM.model.tabView.isMultiSearchMode))"
		data-ng-repeat="catGrp in mainViewVM.model.tabView.currentCatGrps track by catGrp.category_id" >
	<div class="cat-nav-current is-searching">
		<h2 class="cat-nav-heading" id="products-navigation{{catGrp.level}}" data-colrs-trap-initial tabindex="-1">
			<svg focusable="false" class="icon icon-search" role="presentation" aria-hidden="true">
				<use xmlns:xlink="http://www.w3.org/1999/xlink" xlink:href="#icon-search"></use>
			</svg>
			<span aria-hidden="true" data-ng-bind="catNavContainerVM.getHeaderSearchTitle()"></span>
			<span role="text" class="accessibility" data-ng-bind="catNavContainerVM.getA11YHeaderSearchTitle()"></span>
		</h2>
		<div class="cat-nav-search-summary">
			<span class="cat-nav-item-count" role="text">
				<svg class="icon" data-ng-class="catNavContainerVM.getTabIconClass()" focusable="false" role="presentation" aria-hidden="true"
						data-ng-if="catNavContainerVM.hasIcon() && !catNavContainerVM.isIconFromImageTag()">
	           		<use xmlns:xlink="http://www.w3.org/1999/xlink" data-ng-attr-xlink:href="{{ catNavContainerVM.getTabIconClass() }}" xlink:href=""></use>
	       		</svg>
	      		<img class="icon" data-ng-class="catNavContainerVM.getTabIconClass()" data-ng-if="catNavContainerVM.hasIcon() && catNavContainerVM.isIconFromImageTag()" role="presentation" aria-hidden="true" 
					data-ng-src="{{catNavContainerVM.getIconImageSrc()}}" />
	        	<small data-ng-bind="catNavContainerVM.getTabCategoryCount()">View all</small>
			</span>
			<button id="clear-search" class="button-clear-search" title="Clear search" 
				 	data-ng-click="catNavContainerVM.clearSearch($event)">
				Clear search
			</button>
		</div>
	</div>
    <a href="#" class="close" role="button"
    		title="Close menu"
    		data-ng-click="catNavContainerVM.close($event)">
        <svg focusable="false" class="icon icon-cross" role="presentation" aria-hidden="true">
            <use xmlns:xlink="http://www.w3.org/1999/xlink" xlink:href="#icon-cross"></use>
        </svg>
    </a>
</div>
<div class="colrs-animate item-l1" aria-hidden="{{catNavHeaderVM.isAriaHidden}}"
		data-ng-class="{'accessibility':(mainViewVM.model.tabView.isSearchMode || mainViewVM.model.tabView.isMultiSearchMode) && mainViewVM.model.tabView.activeCatGrp.level === 0}"
		data-ng-if="mainViewVM.model.tabView.activeCatGrp.level === 0 && !(mainViewVM.model.tabView.isSearchMode || mainViewVM.model.tabView.isMultiSearchMode)" data-ng-cloak >
	<div class="cat-nav-current cat-nav-top-level">
		<h2 class="cat-nav-heading" id="products-navigation-browse" data-colrs-trap-initial tabindex="-1">
			<span aria-hidden="true" role="text">Browse categories</span>
			<span role="text" class="accessibility" data-ng-bind="catNavContainerVM.getA11YHeaderSearchTitle()"></span>
		</h2>
		<span class="cat-nav-item-count" role="text">
			<svg class="icon" data-ng-class="catNavContainerVM.getTabIconClass()" focusable="false" role="presentation" aria-hidden="true"
					data-ng-if="catNavContainerVM.hasIcon() && !catNavContainerVM.isIconFromImageTag()">
	           	<use xmlns:xlink="http://www.w3.org/1999/xlink" data-ng-attr-xlink:href="{{ catNavContainerVM.getTabIconClass() }}" xlink:href=""></use>
	       	</svg>	
			<img class="icon" data-ng-class="catNavContainerVM.getTabIconClass()" data-ng-if="catNavContainerVM.hasIcon() && catNavContainerVM.isIconFromImageTag()" role="presentation" aria-hidden="true" 
				data-ng-src="{{catNavContainerVM.getIconImageSrc()}}" />
	        <small data-ng-bind="catNavContainerVM.getTabCount()"></small>
		</span>
	</div>
    <a href="#" class="close" role="button" data-colrs-trap-first
	    	title="Close menu"
	    	data-ng-click="catNavContainerVM.close($event)">
        <svg focusable="false" class="icon icon-cross" role="presentation" aria-hidden="true">
            <use xmlns:xlink="http://www.w3.org/1999/xlink" xlink:href="#icon-cross"></use>
        </svg>
    </a>
</div>

<div class="colrs-animate item-l{{catGrp.level + 1}}" 
		data-ng-if="((mainViewVM.model.tabView.activeCatGrp.level !== 0) && (mainViewVM.model.tabView.activeCatGrp.level === catGrp.level) 
			&& !(mainViewVM.model.tabView.isSearchMode || mainViewVM.model.tabView.isMultiSearchMode))"
		data-ng-repeat="catGrp in mainViewVM.model.tabView.currentCatGrps track by catGrp.category_id" >
	<div class="cat-nav-current">
		<h2 class="cat-nav-heading" id="products-navigation{{catGrp.level}}" data-colrs-trap-initial tab-index="-1">
			<span aria-hidden="true" role="text" data-ng-bind="catGrp.name"></span>
			<span role="text" class="accessibility" data-ng-bind="catNavContainerVM.getA11YHeaderSearchTitle()"></span>
		</h2>
		<span class="cat-nav-item-count" role="text">
			<svg class="icon" data-ng-class="catNavContainerVM.getTabIconClass()" focusable="false"	role="presentation" aria-hidden="true"
					data-ng-if="catNavContainerVM.hasIcon() && !catNavContainerVM.isIconFromImageTag()">
           		<use xmlns:xlink="http://www.w3.org/1999/xlink" data-ng-attr-xlink:href="{{ catNavContainerVM.getTabIconClass() }}" xlink:href=""></use>
       		</svg>	
			<img class="icon" data-ng-class="catNavContainerVM.getTabIconClass()" data-ng-if="catNavContainerVM.hasIcon() && catNavContainerVM.isIconFromImageTag()" role="presentation" aria-hidden="true" 
				data-ng-src="{{catNavContainerVM.getIconImageSrc()}}" />
	        <small data-ng-bind="catNavContainerVM.getTabCategoryCount()">View all</small>
		</span>
	</div>
    <a href="#" class="close" role="button"
	    	title="Close menu"
	    	data-ng-click="catNavContainerVM.close($event)">
        <svg focusable="false" class="icon icon-cross" role="presentation" aria-hidden="true">
            <use xmlns:xlink="http://www.w3.org/1999/xlink" xlink:href="#icon-cross"></use>
        </svg>
    </a>
</div>

</script>

<script type="text/ng-template" id="/online/COLRSCatNavTemplate?storeId=20201&amp;langId=-1&amp;requesttype=ajax">
	
<a class="cat-nav-skip focus-outline" data-ng-if="catNavVM.enableSkipLink" href="#" data-ng-click="mainVM.goToContent()">
	<span role="text">
		{{catNavVM.getSkipLinkText()}}
	</span>	
	
</a>

<div id="cat-nav-inside" class="colrs-animate cat-nav-inside" >
	<div id="cat-nav-items" class="cat-nav-items" ng-switch="catNavVM.model.tabView.activeCatGrp.level"> 
		
		<div data-colrs-loading-results id="cat-nav-loading" class="colrs-animate loading-overlay" aria-hidden="true" >
		    <div id="loading-search-term">
		        <!-- SVG Preloader -->
				<div data-colrs-preloader data-size="medium" data-is-animating="(loadingResultsVM.isAnimating)"></div>
		        <p><strong>Searching for</strong>&nbsp;'<span>{{mainVM.colrsState.current.params.searchTerm || catNavVM.model.tabView.searchTerm}}</span>'</p>
		    </div>
		</div>
   		
   		<cat-nav-category-li data-ng-if="!(catNavVM.model.tabView.isBrowseMode && catNavVM.model.tabView.tabId === 'everything' && catNavVM.model.tabView.activeCatGrp.level === 0)"></cat-nav-category-li>
		
		<div id="cat-nav-list-1" class="colrs-animate nav-animate-item item-l1 category-list-container" colrs-category-list data-catgroup="catNavVM.model.tabView.currentCatGrps[0]" class="category-list" ng-class="{'category-list-top-border':(catNavVM.model.tabView.tabId === 'everything' && catNavVM.model.tabView.isBrowseMode)}" ng-switch-when="0" ng-cloak></div>
		<div id="cat-nav-list-2" class="colrs-animate nav-animate-item item-l2 category-list-container" colrs-category-list data-catgroup="catNavVM.model.tabView.currentCatGrps[1]" class="category-list" ng-switch-when="1" ng-cloak></div>
		<div id="cat-nav-list-3" class="colrs-animate nav-animate-item item-l3 category-list-container" colrs-category-list data-catgroup="catNavVM.model.tabView.currentCatGrps[2]" class="category-list" ng-switch-when="2" ng-cloak></div>
		<div id="cat-nav-list-4" class="colrs-animate nav-animate-item item-l4 category-list-container" colrs-category-list data-catgroup="catNavVM.model.tabView.currentCatGrps[3]" class="category-list" ng-switch-when="3" ng-cloak></div>

		<!-- E-Spot for Category navigation [[RS_Category_Navavigation]] -->
		<div class="cat-nav-espot" data-ng-bind-html="trustAsHtml(catNavVM.catNavEspotContent)"></div>

	</div>
</div>

</script>

<script type="text/ng-template" id="/online/COLRSCatNavLiTemplate?storeId=20201&amp;langId=-1&amp;requesttype=ajax">

<li class="cat-nav-item" 
	data-ng-class="{'is-disabled': (catNavLiVM.getCategoryCount() === 0)}" 
	aria-hidden="{{(currentCategoryCount === 0)}}">
    <a data-disabled="{{(currentCategoryCount  === 0) || catNavContainer.isAnimating}}"
      class="clear" data-ng-click="catNavVM.onNavItemClick($event,category.category_id)" 
     data-category-id="{{::category.category_id}}" data-colrs-trap-last 
     data-ng-href="{{(currentCategoryCount  === 0)?'#':catNavLiVM.getLinkUrl()}}"
     tabindex="{{((currentCategoryCount === 0) || (category.level !== (catNavVM.model.tabView.activeCatGrp.level + 1))) ? '-1' : '0'}}">
    	<div role="text">
	        <span class="items-added" data-ng-hide="category.trolley <= 0"><span data-ng-bind="category.trolley"></span></span>
	        <span class="item-title" data-ng-bind="::category.name"></span>
	        <span class="items-found" data-ng-bind="currentCategoryCount  | number"></span> 
	      	<span class="accessibility-inline" data-ng-if="!isCurrentCategoryUnit">Product</span> 
	       	<span class="accessibility-inline" data-ng-if="isCurrentCategoryUnit">Products</span>
      	</div> 
    </a>
</li>

</script>

<script type="text/ng-template" id="/online/COLRSCatNavCategoryLiTemplate?storeId=20201&amp;langId=-1&amp;requesttype=ajax">

<div class="cat-nav-item cat-nav-category-item">
	<a ng-href="#" data-disabled="false" data-ng-click="catNavCategoryLiVM.gotoContent($event)" data-disabled="{{catNavContainer.isAnimating}}" tabindex="0">
		<svg focusable="false" class="icon icon-arrow" role="presentation" aria-hidden="true">
           	<use xmlns:xlink="http://www.w3.org/1999/xlink" xlink:href="#icon-arrow"></use>
        </svg>
		<div role="text">
			<span data-ng-bind="catNavVM.getSkipLinkText()"></span>
    	</div>
    </a>
</div>

</script>

<script type="text/ng-template" id="/online/COLRSPromoModalTemplate?storeId=20201&amp;langId=-1&amp;requesttype=ajax">
	
<div id="promo-dialog" class="colrs-animate popup popup-promo ng-enter" tabindex="-1" aria-hidden="false" 
	data-ng-class="{'is-unlocked': promoModalVM.isQualified}"
	data-colrs-promo-modal data-colrs-trap-focus>	
	<span class="accessibility" tabindex="-1"> 
		Start of pop up dialog box
	</span>
	
	<div class="popup-inside">
		<div class="popup-header" data-transclude-id="head">
			<svg focusable="false" class="icon icon-specials-badge" role="presentation" aria-hidden="true">
				<use xmlns:xlink="http://www.w3.org/1999/xlink" xlink:href="#icon-specials-badge"></use>
			</svg>
			
			<div id="promo-dialog-title" tabindex="-1" data-colrs-trap-initial data-colrs-trap-first>		
				<span class="accessibility">
					Pop up box displayed Promotion dialogue, 
					{{::promoModalVM.heading}}
				</span>
			</div>
	
			<h1 class="dialogbox-start popup-title" data-ng-bind="::promoModalVM.heading"></h1>
			<div class="close is-dark">
				<a href="#" class="popup-close" title="Close this pop up dialog box" data-ng-click="promoModalVM.closeModal()"> 
					<svg focusable="false" class="icon icon-cross" role="presentation" aria-hidden="true">
						<use xmlns:xlink="http://www.w3.org/1999/xlink" xlink:href="#icon-cross"></use>
					</svg>
				</a>
			</div>
	
			<div class="promo-progress" data-promo="promoModalVM.promoModel" data-colrs-promo-progress>
				<p class="progress-label">
					<span tabindex="-1" class="labels-container"></span>
				</p>
				<div class="progress" aria-hidden="true">
					<div role="progressbar" class="progress-bar" aria-valuenow="{{promoProgressVM.percentageComplete}}"
						 aria-valuemin="0" aria-valuemax="100">
						<span class="accessibility">
							{{promoProgressVM.percentageComplete}}% complete
						</span>
					</div>
				</div>
			</div>
		</div>
	
		<div class="popup-body">
			<div class="popup-content-scroll" data-colrs-hidden-scrollbar-class="add-extra-padding">
				<div class="product-list" data-colrs-products-area-container>
					<div data-colrs-preloader data-svg-id="preloader-modal" data-size="large" 
						data-ng-class="{'is-active' : promoModalVM.isLoading}" data-is-animating="promoModalVM.isLoading"></div>
					
					
					<div data-colrs-product-tile data-ng-repeat="tile in promoModalVM.tiles" tile="tile" data-context="MODAL"></div>
				</div>
			</div>
		</div>
		
		<div class="popup-footer" data-transclude-id="footer">
			<button class="button button-dark float-right" data-ng-click="promoModalVM.closeModal()" data-colrs-trap-last>
				Keep Shopping
			</button>
		</div>
	</div>
	
	<span class="accessibility" tabindex="-1">
		End of pop up dialog box
	</span>
</div>


</script>

<script type="text/ng-template" id="/online/COLRSTobaccoPriceBoardProductListTemplate?storeId=20201&amp;langId=-1&amp;requesttype=ajax">
	
<div id="promo-dialog" class="popup popup-promo popup-tobacco is-open colrs-animate ng-enter" tabindex="-1" aria-hidden="false" 
	data-colrs-tobacco-price-board-product-list data-colrs-trap-focus>
    <div class="popup-inside">
		<!-- TBD: Is a mbox placeholder required?? -->
        <span class="accessibility" tabindex="-1">
            Start of pop up dialog box
        </span>
        <div class="popup-header">
			<div id="title_tpb_product_list" tabindex="-1" data-colrs-trap-initial data-colrs-trap-first>
				<span class="accessibility">
	               	Pop up box displayed {{ ::tpbProductListVM.data.manufacturer }} {{ ::tpbProductListVM.data.size }} varieties
               	</span>
			</div>
            <h1 class="popup-title">
                <span>
                	{{ ::tpbProductListVM.data.manufacturer }} {{ ::tpbProductListVM.data.size }} varieties
                </span>
            </h1>
            <div class="close is-dark">
                <a href="#" class="popup-close" title="Close this pop up dialog box" data-ng-click="tpbProductListVM.closePopup()">
                    <svg focusable="false" class="icon icon-cross" role="presentation" aria-hidden="true">
                        <use xlink:href="#icon-cross" />
                    </svg>
                </a>
            </div>
        </div>
        <div class="messageArea"></div>
        <div class="popup-body">
            <div class="popup-content-scroll">
 				<div data-colrs-tobacco-warning-banner class="tobacco-warning-banner"></div>
				<div class="product-list" data-colrs-products-area-container>
					<div data-colrs-product-tile data-ng-repeat="tile in ::tpbProductListVM.tiles" tile="tile" data-context="MODAL"
						data-show-ticket-type="false" data-merch-assoc-label="{{ ::tpbProductListVM.merchAssociationLabel }}">
					</div>
				</div>
            </div>
        </div>
        <div class="popup-footer">
            <button class="button button-dark float-right" data-ng-click="tpbProductListVM.closePopup()" data-colrs-trap-last>
            	<span>
            		Keep shopping
            	</span>
            </button>
        </div>
    </div>
    <div class="dialogbox-end" tabindex="-1">
        <span class="accessibility">End of pop up dialog box</span>
    </div>
</div>

</script>

<script type="text/ng-template" id="/online/COLRSExternalAddModalTemplate?storeId=20201&amp;langId=-1&amp;requesttype=ajax">
	

<div id="external-add-dialog" class="colrs-animate popup popup-general is-open ng-enter" tabindex="-1" aria-hidden="false" 
	aria-labelledby="external-add-dialog-title" data-colrs-external-add-modal data-colrs-trap-focus>	
	<span class="accessibility" tabindex="-1"> 
		Start of pop up dialog box
	</span>
	<div class="popup-inside">
		<div class="popup-header" data-transclude-id="head">
            <div id="external-add-dialog-title" tabindex="-1" >
                <span class="accessibility" data-colrs-trap-initial data-colrs-trap-first>
                	Pop up box displayed Login successful
				</span>
            </div>
			<svg focusable="false" class="coles-logo" role="presentation" aria-hidden="true">
                <use xmlns:xlink="http://www.w3.org/1999/xlink" xlink:href="#coles-logo"></use>
            </svg>
            
            <h1 class="dialogbox-start accessibility">
                <span>
                	All done {{::externalAddModalVM.customerDetails.firstName}}
				</span>
            </h1>
            <div class="close">
                <a href="#" class="popup-close" title="Close this pop up dialog box" data-ng-click="close()">
                    <svg focusable="false" class="icon icon-cross" role="presentation" aria-hidden="true">
                        <use xmlns:xlink="http://www.w3.org/1999/xlink" xlink:href="#icon-cross"></use>
                    </svg>
                </a>
            </div>
        </div>

        <div class="popup-body">
            <div class="popup-body-header">
                <h2 class="popup-title" aria-hidden="true" >
               	    <strong>All Done!</strong>
                </h2>
            </div>

            <div class="popup-content">
                <span class="confirmation-info">
                	<span class="item product-item" data-ng-if="::externalAddModalVM.externalAddResponse.product">
                        <span class="icon-container">
                            <img alt="" data-ng-src="{{::externalAddModalVM.externalAddResponse.product.thumbnail}}" data-colrs-default-product-image>
                            <div class="icon-na">
								<svg focusable="false" class="icon" role="presentation" aria-hidden="true">
	                                <use xmlns:xlink="http://www.w3.org/1999/xlink" xlink:href="#icon-success"></use>
	                            </svg>
                            </div>
                        </span>
                        <span role="text" class="item-label">
                            <strong>{{::externalAddModalVM.externalAddResponse.product.displayText}}</strong> 
                            {{::externalAddModalVM.externalAddResponse.message}}
                        </span>
                    </span>
                    <span class="item confirmation-success" data-ng-if="::externalAddModalVM.externalAddResponse.addedCount > 1">
                        <span class="icon-container">
                            <span class="tick-container">
                                <svg focusable="false" class="icon icon-roundedtick" role="presentation" aria-hidden="true">
                                    <use xmlns:xlink="http://www.w3.org/1999/xlink" xlink:href="#icon-roundedtick"></use>
                                </svg>
                            </span>
                        </span>
                        <span class="item-label">
                        	{{::externalAddModalVM.externalAddResponse.addedMessage}}
                        </span>
                    </span>
                    <span class="item confirmation-failure" data-ng-if="::externalAddModalVM.externalAddResponse.notAddedCount">
                        <span class="icon-container">
                            <svg focusable="false" class="icon icon-not-available" role="presentation" aria-hidden="true">
							    <use xmlns:xlink="http://www.w3.org/1999/xlink" xlink:href="#icon-not-available"></use>
							</svg>
                        </span>
                        <span class="item-label">
                        	{{::externalAddModalVM.externalAddResponse.notAddedMessage}}
                        </span>
                    </span>
                </span>
            </div>
        </div>

        <div class="popup-footer">
            <button class="button button-dark float-right" data-ng-if="::!externalAddModalVM.externalAddResponse.addedCount" data-ng-click="close()" data-colrs-trap-last>
            	Continue Shopping
            </button>
            <button class="button button-dark float-right" data-ng-if="::externalAddModalVM.externalAddResponse.addedCount" data-ng-click="externalAddModalVM.openTrolley()" data-colrs-trap-last>
            	View trolley
            </button>
        </div>
    </div>
    
    <span class="accessibility" tabindex="-1">
		End of pop up dialog box
	</span>
</div>


</script>

<script type="text/ng-template" id="/online/COLRSIframeTemplate?storeId=20201&amp;langId=-1&amp;requesttype=ajax">
	
<div aria-hidden="true" class="loading-icon" ng-class="{'is-active':iframeVM.displayLoader}" style="display:block">
	<!-- SVG Preloader -->
	<div colrs-preloader data-is-animating="iframeVM.displayLoader" data-svg-id="preloader-large-3" data-size="large"></div>
</div>
<div ng-show="iframeVM.ready && iframeVM.validSrc" tabindex="1" ng-cloak>
	<h2 id="feedback-form-heading" tabindex="-1" class="accessibility" ng-show="iframeVM.showHeading" data-ng-bind="iframeVM.feedbackConfirmationHeading"></h2>
	<iframe 
		ng-src="{{iframeVM.frameSrc}}" 
		title="{{iframeVM.frameTitle}}" 
		colrs-set-iframe-height 
		requires-height-update="{{iframeVM.requiresHeightUpdate}}" 
		tabindex="0"
		role="main"
		colrs-on-iframe-load>
		</iframe>
		
			<a class="accessibility focusable" href="{{iframeVM.externalLink}}" title="Because of an issue with VoiceOver, you may not be able to use this form. Use this link to go to a version of the form that works in VoiceOver." ng-if="iframeVM.externalLink">Because of an issue with VoiceOver, you may not be able to use this form. Use this link to go to a version of the form that works in VoiceOver.</a>
		
</div>
<div ng-show="iframeVM.showSecondaryContent" ng-cloak>
	<ng-transclude></ng-transclude>
</div>

</script>

<script type="text/ng-template" id="/online/COLRSNoFooter?storeId=20201&amp;langId=-1&amp;requesttype=ajax">
	

<footer role="contentinfo" class="footer" ng-cloak colrs-enhance-links colrs-hidden-scrollbar-class="no-extra-padding">
    <div class="footer-inner-wrapper">
     <div class="footer-row main">
         <div class="footer-col-wrapper">
             <div class="footer-col copyright">
                 <ul>
                     <li>&copy; Copyright Coles 2015</li>
                 </ul>
             </div> 
         </div>
     </div>
   </div> 
</footer>

</script>

<script type="text/ng-template" id="/online/COLRSPastOrdersSuperbarLinkTemplate?storeId=20201&amp;langId=-1&amp;requesttype=ajax">
	

<a href="#" class="draw-link-orders" data-ng-if="!superbarVM.userVM.user.isGuest" data-colrs-orders-link>
	<span role="text">
		<svg focusable="false" class="icon icon-orders" role="presentation" aria-hidden="true">
			<use xmlns:xlink="http://www.w3.org/1999/xlink" xlink:href="#icon-orders"/>
		</svg>
		<span class="accessibility-inline">
			Orders list
		</span>
		<span class="draw-text" aria-hidden="true">
			Orders
		</span>
		<span class="draw-text is-small" aria-hidden="true">
			Orders
		</span>
	</span>
</a>


</script>

<script type="text/ng-template" id="/online/COLRSPastOrdersSuperbarTemplate?storeId=20201&amp;langId=-1&amp;requesttype=ajax">
	
<div class="view view-past-orders colrs-animate" tabindex="-1" data-colrs-past-orders data-colrs-trap-focus
		data-ng-class="{'initial-load' : pastOrdersVM.isInitialLoad, 'view-order-none': !pastOrdersVM.isInitialLoad && pastOrdersVM.manager.pastOrdersList.length === 0 }" >
	<span class="accessibility" tabindex="-1"> 
		Start of pop up dialog box
	</span>
	<div class="draw-content-scroll">
        <div class="draw-content-header">
            <span class="accessibility" tabindex="-1" data-colrs-trap-initial data-colrs-trap-first>
            	Pop up box displayed Your orders
			</span>
            <h1 class="heading">Your orders</h1>
			<a href="#" class="hidden-close-draw focus-outline" data-ng-click="close()">
				Close this pop up dialog box
			</a>
            <span class="address-filter">
            	<span class="selected-filter" data-ng-if="!pastOrdersVM.manager.selectedAddressFilter">
            		Showing:&nbsp;All addresses
            	</span>
            	<span role="text" class="selected-filter" data-ng-if="pastOrdersVM.manager.selectedAddressFilter">
            		<span class="accessibility-inline">Showing orders </span>For {{pastOrdersVM.manager.selectedAddressFilter.addressLine1Formatted}}
            	</span> 
            	<a href="#" data-ng-click="pastOrdersVM.changeFilter($event)">
            		Change
            		<span class="accessibility-inline"> address filter</span>
            	</a>
            </span>
        </div>
        <div class="draw-content-body">
		    <div class="draw-warning" data-ng-if="!pastOrdersVM.isInitialLoad && pastOrdersVM.manager.pastOrdersList.length === 0">
		        <div class="warning-content">
		            <svg focusable="false" class="icon icon-past-orders" role="presentation" aria-hidden="true">
		                <use xlink:href="#icon-past-orders"/>
		            </svg>
		            <span class="accessibility-inline">You haven't placed an order yet</span>
		            <p class="warning-title" aria-hidden="true"><strong>You haven't placed an order yet</strong></p>
		        </div>
		    </div>
            <ul class="order-list" data-ng-if="!pastOrdersVM.isInitialLoad && pastOrdersVM.manager.pastOrdersList.length > 0">
                <li data-ng-repeat="pastOrder in pastOrdersVM.manager.pastOrdersList track by pastOrder.orderId" data-colrs-past-order-tile>
                    <a href="#" data-ng-click="pastOrderTileVM.viewOrderDetails($event, pastOrder)" data-colrs-trap-last>
                        <svg focusable="false" class="icon {{::pastOrder.serviceType.ICON}}" role="presentation" aria-hidden="true">
                            <use xmlns:xlink="http://www.w3.org/1999/xlink" xlink:href="" data-ng-attr-xlink:href="{{::'#'+pastOrder.serviceType.ICON}}"></use>
                        </svg>
                        <div class="icon-container">
                            <svg focusable="false" class="icon icon-roundedtick" data-ng-if="::pastOrder.status.isCompleted()" role="presentation" aria-hidden="true">
                                <use xmlns:xlink="http://www.w3.org/1999/xlink" xlink:href="#icon-roundedtick"></use>
                            </svg>
                            <div class="minus" data-ng-if="::pastOrder.status.isCancelled()"></div>
                        </div>
                        <span role="text" class="order-wrapper" tabindex="-1">
	                        <span class="heading">{{::pastOrder.statusDescription}}</span>
	                        <span class="order-details">
	                            <span data-ng-if="::pastOrder.locationFormatted" aria-hidden="true">{{::pastOrder.locationPreposition}} {{::pastOrder.locationFormatted}}</span>
	                            <span data-ng-if="::pastOrder.locationA11y" class="accessibility-inline">{{::pastOrder.locationPreposition}} {{::pastOrder.locationA11y}},</span>
	                            <span data-ng-if="::(pastOrder.showDeliveryPeriod || pastOrder.showEtaPeriod)">{{::pastOrder.deliveryPeriodFormatted}}</span>
	                            <span data-ng-if="::pastOrder.showEta">at 
	                            	<span class="delivery-time" data-ng-class="::{'is-delayed' : pastOrder.status.isLate()}">{{::pastOrder.status.etaLocalFormatted}}</span> 
	                            	{{::pastOrder.status.etaLocalDayFormatted}}
	                            </span>
	                            <span class="accessibility-inline">,</span>
	                        </span>
	                        <span class="modify-expiry" data-ng-if="::pastOrder.status.isModifiable()">
	                        	Can be modified until {{::pastOrder.deliverySlot.cutoffTimeUTCFormatted}} {{::pastOrder.deliverySlot.cutoffTimeDay}}
	                        </span>
	                        <div class="locker-pin" data-ng-class="::{'is-unavailable' : !pastOrder.showLockerPin}" data-ng-if="::pastOrder.showLockerPinMessage" 
		                    	data-ng-bind-html="::pastOrder.lockerPinMessage">
							</div>
	                        <div class="locker-pin is-error" data-ng-if="::pastOrder.showLockerPinError">
	                        	<svg focusable="false" class="icon icon-alert" role="presentation" aria-hidden="true">
									<use xmlns:xlink="http://www.w3.org/1999/xlink" xlink:href="#icon-alert"></use>
								</svg>
								<p>We are currently unable to retrieve your locker PIN.</p><p>If you haven't received your locker PIN by SMS, please call customer service on 1800 455 400.</p>
							</div>
	                        <svg focusable="false" class="icon icon-arrow" role="presentation" aria-hidden="true">
	                            <use xmlns:xlink="http://www.w3.org/1999/xlink" xlink:href="#icon-arrow"></use>
	                        </svg>
	                    </span>
                    </a>
                </li>
            </ul>
			<a href="#" class="old-order-link" data-ng-click="pastOrdersVM.showOlderOrders()" data-colrs-trap-last
            	data-ng-if="!pastOrdersVM.manager.isUpdatingPastOrdersList && (pastOrdersVM.manager.totalPastOrderCount > pastOrdersVM.manager.pastOrdersList.length)">
            	See older orders
            	<span class="accessibility-inline">, orders display below</span>
            </a>
            <p class="accessibility-inline"data-colrs-temporary-focus="pastOrdersVM.manager.isUpdatingPastOrdersList">
            	Loading past orders
            </p>
            <div data-colrs-preloader data-is-animating="pastOrdersVM.manager.isUpdatingPastOrdersList"
            	data-ng-show="pastOrdersVM.manager.isUpdatingPastOrdersList" 
            	data-size="medium" data-registration-fn="pastOrdersVM.registerPreloader(preloader)"></div>
        </div>
    </div>
	<span class="accessibility" tabindex="-1">
		End of pop up dialog box
	</span>
</div>

</script>

<script type="text/ng-template" id="/online/COLRSPastOrdersFiltersSuperbarTemplate?storeId=20201&amp;langId=-1&amp;requesttype=ajax">
	
<div class="view view-order-filter has-back-link colrs-animate ng-enter" tabindex="-1" data-colrs-past-orders-filters data-colrs-trap-focus> 
	<span class="accessibility" tabindex="-1"> 
		Start of pop up dialog box
	</span>
	<div class="draw-content-scroll">
        <div class="draw-content-header">
            <span class="accessibility" tabindex="-1" data-colrs-trap-initial data-colrs-trap-first>
            	Pop up box displayed Show orders for
			</span>
			<a class="back-link" href="#" data-ng-click="pastOrdersFiltersVM.back()"> 
				<svg focusable="false" class="icon icon-back" role="presentation" aria-hidden="true">
					<use xmlns:xlink="http://www.w3.org/1999/xlink" xlink:href="#icon-back"></use>
				</svg>
				<span class="accessibility-inline">Back to orders</span>
			</a>
            <h1 class="heading">
            	Show orders for<span aria-hidden="true">...</span>
            </h1>
			<a href="#" class="hidden-close-draw focus-outline" data-ng-click="close()">
				Close this pop up dialog box
			</a>			
        </div>
        <div class="draw-content-body">
			<ul class="address-list">
				<li class="select-all" data-ng-class="{'is-active': !pastOrdersFiltersVM.manager.selectedAddressFilter}">
					<button class="button" data-ng-click="pastOrdersFiltersVM.selectFilter($event)">
						<svg focusable="false" class="icon icon-arrow" role="presentation" aria-hidden="true">
                           	<use xmlns:xlink="http://www.w3.org/1999/xlink" xlink:href="#icon-arrow"></use>
                       	</svg>
						<span class="tick">
							<svg focusable="false" class="icon icon-roundedtick" role="presentation" aria-hidden="true">
								<use xmlns:xlink="http://www.w3.org/1999/xlink" xlink:href="#icon-roundedtick"></use>
							</svg>
						</span>
						<span class="heading">All delivery &amp; collection addresses</span>
						<span class="status accessibility-inline" data-ng-if="!pastOrdersFiltersVM.manager.selectedAddressFilter">
							This option is currently selected
						</span>
					</button>
				</li>
				<li data-ng-repeat="address in pastOrdersFiltersVM.manager.addressOptions"
						data-ng-class="{'is-active': pastOrdersFiltersVM.manager.selectedAddressFilter === address}">
					<button class="button" data-ng-click="pastOrdersFiltersVM.selectFilter($event, address)" 
							data-ng-switch on="address.serviceType.isHomeDelivery()" data-colrs-trap-last>
						<span data-ng-switch-when="true">
							<span class="heading" aria-hidden="true">{{::address.addressLine1Formatted}}</span>
							<span class="accessibility-inline">{{::address.addressLine1A11y}}</span>
							<span class="address-details">{{::address.addressLine2Formatted}}</span>
						</span>
						<span data-ng-switch-default>
							<span class="heading">{{::address.nickName}}</span>
	                        <span class="address-details" aria-hidden="true">{{::address.addressLine1Formatted}}</span>
	                        <span class="accessibility-inline">{{::address.addressLine1A11y}}</span>
						</span>
						<span class="status accessibility-inline" data-ng-if="::pastOrdersFiltersVM.manager.selectedAddressFilter === address">
							This option is currently selected
						</span>
						<svg focusable="false" class="icon icon-arrow" role="presentation" aria-hidden="true">
                           	<use xmlns:xlink="http://www.w3.org/1999/xlink" xlink:href="#icon-arrow"></use>
                       	</svg>
						<span class="tick">
							<svg focusable="false" class="icon icon-roundedtick" role="presentation" aria-hidden="true">
								<use xmlns:xlink="http://www.w3.org/1999/xlink" xlink:href="#icon-roundedtick"></use>
							</svg>
						</span>
						<svg focusable="false" class="icon {{::address.serviceType.ICON}}" role="presentation" aria-hidden="true">
							<use xmlns:xlink="http://www.w3.org/1999/xlink" data-ng-attr-xlink:href="{{::'#'+address.serviceType.ICON}}" xlink:href=""></use>
						</svg>
					</button>
                </li>
            </ul>
            <div data-colrs-preloader data-is-animating="pastOrdersFiltersVM.isLoadingFilters"
            	data-ng-show="pastOrdersFiltersVM.isLoadingFilters" data-size="medium"></div>
        </div>
    </div>
	<span class="accessibility" tabindex="-1">
		End of pop up dialog box
	</span>
</div>

</script>

<script type="text/ng-template" id="/online/COLRSPastOrderDetailsSuperbarTemplate?storeId=20201&amp;langId=-1&amp;requesttype=ajax">
	

<div class="view view-orders-placed has-back-link colrs-animate ng-enter" tabindex="-1" data-colrs-past-order-details data-colrs-trap-focus>
	<div class="draw-content-scroll">
        <div class="draw-content-header">
        	<span class="accessibility" tabindex="-1"> 
				Start of pop up dialog box
			</span>
        	<span class="accessibility" tabindex="-1" data-colrs-trap-initial data-colrs-trap-first>
            	Pop up box displayed Past order
			</span>
			<a href="#" class="back-link" data-ng-click="pastOrderDetailsVM.back()"> 
				<svg focusable="false" class="icon icon-back" role="presentation" aria-hidden="true">
					<use xmlns:xlink="http://www.w3.org/1999/xlink" xlink:href="#icon-back"></use>
				</svg>
				<span class="accessibility-inline">Back to orders</span>
			</a>
			<span class="heading">{{::pastOrderDetailsVM.order.statusDescription}}</span>
			<h1 class="subtitle">
				Order number: {{::pastOrderDetailsVM.order.orderId}}
			</h1>
			<a href="#" class="hidden-close-draw focus-outline" data-ng-click="close()">
				Close this pop up dialog box
			</a>
        </div>
		<div class="draw-content-body">
            <div class="orderSummary buttonlike" data-ng-if="!pastOrderDetailsVM.isLoadingDetails">
    			<div class="trolleySummaryContainer">
    				<div class="trolleySummary">
						<div class="trolley">
							<svg focusable="false" class="icon icon-trolley" role="presentation" aria-hidden="true">
								<use xmlns:xlink="http://www.w3.org/1999/xlink" xlink:href="#icon-trolley"></use>
							</svg>
							<div class="left">
								<h2>Trolley</h2>
								<a href="#" data-ng-if="::pastOrderDetailsVM.order.summary.totalQuantity && pastOrderDetailsVM.order.summary.totalQuantity > 0" data-ng-click="pastOrderDetailsVM.viewItems($event)">
									<span class="accessibility-inline">View </span>
								    {{::pastOrderDetailsVM.order.summary.totalQuantity}} items
									<span class="accessibility-inline"> in this order</span>
								</a>
								<span role="text" class="right">
								    {{::pastOrderDetailsVM.order.summary.trolleySubtotalFormatted}}
									<span class="savings" data-ng-if="::pastOrderDetailsVM.order.summary.hasTrolleySavings">
										You save {{::pastOrderDetailsVM.order.summary.trolleySavingsFormatted}}*
									</span>	
								</span>	
							</div>
						</div>
						<!--  Div to show Unattended and and attended type Start -->
						<span data-ng-if="::pastOrderDetailsVM.order.serviceTypee=='HD'">
						<div class="address">
						<svg focusable="false" class="icon icon-delivery-type" role="presentation" aria-hidden="true">
			                    <use xmlns:xlink="http://www.w3.org/1999/xlink" xlink:href="#icon-delivery-type"></use>
			              </svg>
			              <div class="left delivery-address">
							<h2>Delivery Type</h2>
							<span role="text" >
							
							{{pastOrderDetailsVM.getDeliveryType()}}
																	
						</span>
						</div>
						</div>
						</span>
						<!--  Div to show Unattended and and attended type END -->

    					<div class="address">
			                <svg focusable="false" class="icon {{::pastOrderDetailsVM.order.address.serviceType.ICON}}" role="presentation" aria-hidden="true">
			                    <use xmlns:xlink="http://www.w3.org/1999/xlink" xlink:href="" data-ng-attr-xlink:href="{{::'#'+pastOrderDetailsVM.order.address.serviceType.ICON}}"></use>
			                </svg>
			                <div class="left delivery-address">
			                    <h2>{{::pastOrderDetailsVM.order.address.serviceType.MESSAGE}}</h2>
			                    <span role="text">
			                        <span aria-hidden="true">{{::pastOrderDetailsVM.order.address.addressLine1Formatted}}</span>
			                        <span class="accessibility-inline">{{::pastOrderDetailsVM.order.address.addressLine1A11y}}</span>
			                        <span>{{::pastOrderDetailsVM.order.address.addressLine2Formatted}}</span>
			                    </span>
			                </div>
			                <span class="left delivery-instructions" data-ng-if="::pastOrderDetailsVM.order.summary.shipInfo">
			                	<span class="accessibility-inline">Delivery instructions:</span>
							 	{{::pastOrderDetailsVM.order.summary.shipInfo}}
			            	</span>
			                <div class="left delivery-slot">
			                    <h2 class="accessibility-inline">
			                    	{{::pastOrderDetailsVM.order.address.serviceType.A11Y_SELECTED_TEXT}}
			                    	time
								</h2>
			                    <div role="text">
				                    <span>{{::pastOrderDetailsVM.order.deliverySlot.deliveryDayFormatted}}</span>
				                    <span class="accessibility-inline">&comma;</span>
				                    <span>
				                    	{{::pastOrderDetailsVM.order.deliverySlot.startTimeFormatted}}  
				                    	<span aria-hidden="true">
				                    	 	- 
				                    	</span>
				                    	<span class="accessibility-inline">
				                    		to
				                    	</span>
				                    	{{::pastOrderDetailsVM.order.deliverySlot.endTimeFormatted}}
				                    </span> 
				                    <span class="right">{{::pastOrderDetailsVM.order.summary.shippingChargeFormatted}}</span>
								</div>
			                </div>
			                <div class="left reference-container" ng-if="pastOrderDetailsVM.hasPONumber">
								<span role="text">
									<span class="reference-heading">Purchase order number:</span>
									<span class="reference">{{::pastOrderDetailsVM.order.poNumber}}</span>
								</span>
							</div>
			            </div>
			        
			            <div class="address bagging" data-ng-if="::pastOrderDetailsVM.order.showBagging">
							<svg focusable="false" class="icon icon-bagging" role="presentation" aria-hidden="true">
								<use xmlns:xlink="http://www.w3.org/1999/xlink" xlink:href="#icon-bagging"></use>
							</svg>
							<div class="left delivery-address bagging-preference">
								<h2>Bagging option</h2>
							</div>
							<div data-ng-if="pastOrderDetailsVM.order.orderBaggingPreference == '1'">
						        <div class="left delivery-address bagging-preference">
									<span role="text">No Bags</span>
								</div>
							</div>
							<div data-ng-if="pastOrderDetailsVM.order.orderBaggingPreference == '2'">
						        <div class="left delivery-address bagging-preference">
									<span role="text">Bagged</span>
								</div>
								<div class="right">
									{{pastOrderDetailsVM.order.summary.bagItemsTotalFormatted}}
								</div>
							</div>
						</div>
    				</div>
    			</div>
				<div class="discount-list" data-ng-if="::pastOrderDetailsVM.order.summary.hasAdjustments">
					<svg focusable="false" class="icon icon-discounts" role="presentation" aria-hidden="true">
						<use xmlns:xlink="http://www.w3.org/1999/xlink" xlink:href="#icon-discounts"></use>
					</svg>
					<div class="left">
						<h2>Discounts</h2>
						<ul>
							<li data-ng-repeat="adjustment in ::pastOrderDetailsVM.order.summary.adjustments">
								<span class="coupon-desc">{{::adjustment.description}}</span>
								<span class="coupon-amount">{{::adjustment.amountFormatted}}</span>
							</li>
						</ul>
					</div>
					<div class="right">
						<span class="savings">
							You save {{::pastOrderDetailsVM.order.summary.orderSavingsFormatted}}*
						</span>
					</div>
				</div>
    			<div class="paymentSummary">
			        <svg focusable="false" class="icon {{::pastOrderDetailsVM.order.summary.payment.selectedPaymentType.ICON}}" role="presentation" aria-hidden="true">
			            <use xmlns:xlink="http://www.w3.org/1999/xlink" xlink:href="" data-ng-attr-xlink:href="{{'#'+pastOrderDetailsVM.order.summary.payment.selectedPaymentType.ICON}}"></use>
			        </svg>
			        <div class="left" data-ng-if="::!pastOrderDetailsVM.order.status.isCancelled()">
			            <h2 class="accessibility-inline">Payment Method</h2>
			            <span role="text">
			                <span data-ng-if="::pastOrderDetailsVM.order.summary.payment.selectedPaymentType.DESCRIPTION == 'Credit card'">
			                	Card			                	
			                </span>
			                <span data-ng-if="::pastOrderDetailsVM.order.summary.payment.selectedPaymentType.DESCRIPTION != 'Credit card'" data-ng-bind="::pastOrderDetailsVM.order.summary.payment.selectedPaymentType.DESCRIPTION"></span>
			                <span data-ng-if="::pastOrderDetailsVM.order.summary.payment.ccType" class="accessibility-inline" data-ng-bind="::pastOrderDetailsVM.order.summary.payment.ccType"></span>
			                <span class="card-number" data-ng-if="::pastOrderDetailsVM.order.summary.payment.selectedPaymentType.isCreditCard">
			                    <span class="card-number-private" aria-hidden="true">
			                    	&bull;&bull;&bull;&bull; &bull;&bull;&bull;&bull; &bull;&bull;&bull;&bull;
			                    </span>
			                    <span class="accessibility">ending in
			                    	{{::pastOrderDetailsVM.order.summary.payment.lastFourDigits}}
			                    </span>
			                    <span aria-hidden="true" data-ng-bind="::pastOrderDetailsVM.order.summary.payment.savedDigits"></span>
								<svg focusable="false" class="icon-card-type {{::pastOrderDetailsVM.order.summary.payment.ICON_CARD}}" role="presentation" aria-hidden="true">
									<use xmlns:xlink="http://www.w3.org/1999/xlink" data-ng-attr-xlink:href="{{'#'+pastOrderDetailsVM.order.summary.payment.ICON_CARD}}" xlink:href=""></use>
								</svg>
			                </span>
			                <span data-ng-if="::pastOrderDetailsVM.order.summary.payment.selectedPaymentType.DESCRIPTION == 'PayPal'" class="account-holder">
								{{::pastOrderDetailsVM.order.summary.payment.paypalEmail}}
							</span>
			            </span>
					</div>
					<div class="right">
						<h2 class="accessibility-inline">Order Total</h2>
						<span role="text">
				            {{::pastOrderDetailsVM.order.summary.grandTotalFormatted}}
							<span class="savings" data-ng-if="::pastOrderDetailsVM.order.summary.hasTotalSavings">
								You save {{::pastOrderDetailsVM.order.summary.totalSavingsFormatted}}*
							</span>
						</span>	
					</div>
				</div>
				<div class="paymentInvoice" data-ng-hide="pastOrderDetailsVM.order.deliverySlot.endTime &lt pastOrderDetailsVM.invoiceStoredDate || pastOrderDetailsVM.order.status.overallStatus === 'CANC'">
			        <svg focusable="false" class="icon icon-invoice" role="presentation" aria-hidden="true">
						<use xmlns:xlink="http://www.w3.org/1999/xlink" xlink:href="#icon-invoice"></use>
					</svg>
			        <div class="left">
		                <h2>
			                <span data-ng-if="::pastOrderDetailsVM.order.invoices.length === 1">
			                	Invoice
		                	</span>
		                	<span data-ng-if="::pastOrderDetailsVM.order.invoices.length > 1">
		                		Invoices
		                	</span>
	                	</h2>
	                	<div class="invoice" data-ng-if="::pastOrderDetailsVM.order.invoices" data-ng-repeat="invoice in ::pastOrderDetailsVM.order.invoices" data-ng-switch="invoice.type">
			                <h3 class="plain-heading" data-ng-switch-when="Amendment">
			                	<span role="text">
				                	Amendment invoice <span aria-hidden="true">-</span> 
			                		<span class="accessibility-inline">{{ ::invoice.lastUpdate | date : "dd MMMM, H:mma" }}</span>
			                		<span aria-hidden="true">{{ ::invoice.lastUpdate | date : "dd MMM, H:mma" }}</span>
		                		</span>
		                	</h3>
		               		<h3 class="plain-heading" data-ng-switch-when="Refund">
			               		<span role="text">
			               			Refund invoice <span aria-hidden="true">-</span> 
			               			<span class="accessibility-inline">{{ ::invoice.lastUpdate | date : "dd MMMM, H:mma" }}</span>
			                		<span aria-hidden="true">{{ ::invoice.lastUpdate | date : "dd MMM, H:mma" }}</span>
			                	<span role="text">
		               		</h3>
		               		<h3 class="plain-heading" data-ng-switch-default>
		               			<span role="text">
		               				Order invoice <span aria-hidden="true">-</span> 
		               				<span class="accessibility-inline">{{ ::invoice.lastUpdate | date : "dd MMMM, H:mma" }}</span>
		                			<span aria-hidden="true">{{ ::invoice.lastUpdate | date : "dd MMM, H:mma" }}</span>
		                		</span>
		               		</h3>
		               		<div class="invoice-link-container">
		               			<a data-ng-href="{{pastOrderDetailsVM.getLinkUrl(invoice.fileName)}}" 
				                   		target="_blank" data-ng-if="::invoice.isWeb" class="invoice-link">
									<span role="text">
					               		<span data-ng-switch-when="Amendment" class="accessibility-inline">Web page view of Amendment invoice from<span aria-hidden="true">-</span> </span>
					               		<span data-ng-switch-when="Refund" class="accessibility-inline">Web page view of Refund invoice from<span aria-hidden="true">-</span> </span>
					               		<span data-ng-switch-default class="accessibility-inline">Web page view of Order invoice from<span aria-hidden="true">-</span> </span>	               		
						               	<span class="accessibility-inline">{{ ::invoice.lastUpdate | date : "dd MMMM, H:mma" }}</span>
					               		<span aria-hidden="true">View invoice</span><span class="accessibility-inline"> opens in a new tab</span>
				               		</span>
				                </a>
				                <a data-ng-href="/wcs/resources/store/{{pastOrderDetailsVM.siteConfig.storeId}}/order/{{pastOrderDetailsVM.order.orderId}}/invoice/{{invoice.fileName}}"
										target="_blank" data-ng-if="::invoice.isPdf" class="invoice-link">
				                   	<span role="text">
				               			<span data-ng-switch-when="Amendment" class="accessibility-inline">Download PDF of Amendment invoice from<span aria-hidden="true">-</span> </span>
				               			<span data-ng-switch-when="Refund" class="accessibility-inline">Download PDF of Refund invoice from<span aria-hidden="true">-</span> </span>
				               			<span data-ng-switch-default class="accessibility-inline">Download PDF of Order invoice from<span aria-hidden="true">-</span> </span>	               		
					               		<span class="accessibility-inline">{{ ::invoice.lastUpdate | date : "dd MMMM, H:mma" }}</span>
				               			<span aria-hidden="true">Download pdf</span>
				               		</span>
				                </a>
		               		</div>
						</div>
	                	<p data-ng-if="::!pastOrderDetailsVM.order.invoices">
	                		Your invoice will be available here after we prepare and finalise your order.
                		</p>
					</div>
				</div>
   			</div>
        	<div data-ng-if="!pastOrderDetailsVM.isLoadingDetails">
	        	<span class="disclaimer" data-ng-if="pastOrderDetailsVM.order.isModifiable">
	        		You can add or edit items until {{::pastOrderDetailsVM.order.deliverySlot.cutoffTimeUTCFormatted}} {{::pastOrderDetailsVM.order.deliverySlot.cutoffTimeDay}}
	        	</span>
	            <div class="order-summary-footer" data-ng-if="pastOrderDetailsVM.order.isModifiable">
	                <button class="button button-dark" data-ng-click="pastOrderDetailsVM.modifyOrder($event)">
	                    Modify this order
	                </button>
	                <a href="#" class="button button-plain" data-ng-click="pastOrderDetailsVM.cancelOrder($event)" data-colrs-trap-last>
	                	<strong>Cancel this order</strong>
	                </a>
	            </div>
	            <div class="order-summary-footer" data-ng-if="!pastOrderDetailsVM.order.isModifiable">
	                <button class="button button-dark" data-ng-click="pastOrderDetailsVM.reorderOrder($event)" data-colrs-trap-last>
	                    Reorder some of these items<span aria-hidden="true">...</span>
	                </button>
	            </div>
            </div>
            <div data-colrs-preloader data-ng-show="pastOrderDetailsVM.isLoadingDetails" 
            	data-is-animating="pastOrderDetailsVM.isLoadingDetails" data-size="medium"></div>
        </div>
    </div>
	<span class="accessibility" tabindex="-1">
		End of pop up dialog box
	</span>
</div>

</script>

<script type="text/ng-template" id="/online/COLRSPastOrderItemsSuperbarTemplate?storeId=20201&amp;langId=-1&amp;requesttype=ajax">
	
<div class="view view-order-items has-back-link colrs-animate ng-enter" tabindex="-1" data-colrs-trap-focus data-colrs-past-order-items> 
	<span class="accessibility" tabindex="-1"> 
		Start of pop up dialog box
	</span> 
	<div class="draw-content-scroll">
		<div class="draw-content-header">
			<span class="accessibility" tabindex="-1" data-colrs-trap-initial data-colrs-trap-first>
            	Pop up box displayed Order items
			</span>
			
			<a href="#" class="back-link" data-ng-click="pastOrderItemsVM.back()"> 
				<svg focusable="false" class="icon icon-back" role="presentation" aria-hidden="true">
					<use xmlns:xlink="http://www.w3.org/1999/xlink" xlink:href="#icon-back"></use>
				</svg>
				<span class="accessibility-inline">Back to your order</span>
			</a>
			
			<h1 class="heading">Items in this order</h1>
			<a href="#" class="hidden-close-draw focus-outline" data-ng-click="close()">
				Close this pop up dialog box
			</a>
			
		</div>
		<div class="draw-content-body">
            <ul class="item-list" data-ng-if="!pastOrderItemsVM.isLoadingItems">
            	<li data-ng-class="::{'is-saving': orderItem.summary.hasSavings}" data-ng-repeat="orderItem in ::pastOrderItemsVM.order.orderItems">
                    <span role="text">
                        <span class="product-brand" data-ng-bind="::orderItem.manufacturer"></span>
                        <span class="product-name">{{::orderItem.name}} {{::orderItem.sizeDescription}}</span>
                        <span class="product-price">{{::orderItem.summary.quantityFormatted}} for {{::orderItem.summary.adjustedPriceFormatted}}
                            <span class="savings" data-ng-if="::orderItem.summary.hasSavings">
                            	You save {{::orderItem.summary.totalSavingsFormatted}}*
                            </span>
                        </span>
                    </span>
                </li>
            </ul>
            <div data-ng-if="!pastOrderItemsVM.isLoadingItems">
	        	<span class="disclaimer" data-ng-if="::pastOrderItemsVM.order.status.isModifiable()">
	        		You can add or edit items until {{::pastOrderItemsVM.order.deliverySlot.cutoffTimeUTCFormatted}} {{::pastOrderItemsVM.order.deliverySlot.cutoffTimeDay}}
	        	</span>
	            <div class="order-summary-footer" data-ng-if="::pastOrderItemsVM.order.status.isModifiable()">
	                <button class="button button-dark" data-ng-click="pastOrderItemsVM.modifyOrder($event)" data-colrs-trap-last>
	                    Modify this order
	                </button>
	            </div>
            
	            <div class="order-summary-footer" data-ng-if="::!pastOrderItemsVM.order.status.isModifiable()">
	                <button class="button button-dark" data-ng-click="pastOrderItemsVM.reorderOrder($event)" data-colrs-trap-last>
                    	Reorder some of these items<span aria-hidden="true">...</span>
	                </button>
	            </div>
            </div>
			<div data-colrs-preloader data-ng-show="pastOrderItemsVM.isLoadingItems" 
				data-is-animating="pastOrderItemsVM.isLoadingItems" data-size="medium"></div>
        </div>
    </div>
	
	<span class="accessibility" tabindex="-1">
		End of pop up dialog box
	</span>
</div>


</script>

<script type="text/ng-template" id="/online/COLRSModifyOrderSuperbarTemplate?storeId=20201&amp;langId=-1&amp;requesttype=ajax">
	

<div class="view view-orders-modify-warning colrs-animate ng-enter" tabindex="-1" data-colrs-modify-order data-colrs-trap-focus>
	<span class="accessibility" tabindex="-1"> 
		Start of pop up dialog box
	</span>
	<p class="accessibility" tabindex="-1" data-colrs-trap-initial data-colrs-trap-first>
		Pop up box displayed Modify Order
	</p>
	<div class="draw-content-body">
	 <div id="colrs-sw-prodl-order-modify-warning-panel-dir" mbox
				data-mboxname="colrs-sw-prodl-order-modify-warning-panel" class="mboxDefault">
			
		</div>
		<div class="draw-warning">
			<div class="warning-content">
				<svg focusable="false" class="icon icon-order" role="presentation" aria-hidden="true">
                    <use xmlns:xlink="http://www.w3.org/1999/xlink" xlink:href="#icon-order"></use>
                </svg>
                <h1 class="warning-title">
                   Are you sure you want to modify your order?
                </h1>
                <a href="#" class="hidden-close-draw focus-outline" data-ng-click="close()">
					Close this pop up dialog box
				</a>
                <div class="warning-body">
                    <h2>Things to know when modifying your order</h2>
                    <ol>
                        <li>
                        	<span role="text">After making changes, you need to <strong>check out again</strong>, or your order won&apos;t go through</span>
                        </li>                                                                   
						<li>
							<span role="text" data-ng-if="::modifyOrderVM.manager.slotExpiryDuration">
								Check out within <strong data-ng-bind="::modifyOrderVM.manager.slotExpiryDuration"></strong> to keep your delivery or collection time
							</span>
							<span role="text" data-ng-if="::!modifyOrderVM.manager.slotExpiryDuration">
								Your delivery time has expired, choose another one. 
							</span>
						</li>
                        <li>
                        	<span role="text">Your shopping cost will be based on the prices and specials at the <strong>time that you check out</strong></span>
                        </li>
                    </ol>
                    <p class="note">Most specials change early on Wednesday morning.</p>
                </div> 
                <button class="button button-dark" data-ng-click="modifyOrderVM.initialiseOrderModification($event)">
                    Yes, modify this order
                </button>
                <a href="#" class="secondary-cta" data-ng-click="modifyOrderVM.cancelOrderModification($event)" data-colrs-trap-last>
                	<strong>No, leave this order unchanged</strong>
                </a>
			</div>
		</div>
	</div>
	
	<span class="accessibility" tabindex="-1">
		End of pop up dialog box
	</span>
</div>


</script>

<script type="text/ng-template" id="/online/COLRSEInvoiceTemplate?storeId=20201&amp;langId=-1&amp;requesttype=ajax">
	<!-- Skip Links -->
<div id="skip">
	<a href="#" id="content-skip-link" data-ng-if="eInvoiceVM.manager.isGroceryPresent" data-ng-click="eInvoiceVM.goToGroceries()">
		Skip to Groceries list
	</a>
	<a href="#" id="content-skip-link" data-ng-if="eInvoiceVM.manager.isLiquorPresent" data-ng-click="eInvoiceVM.goToLiquor()">
		Skip to liquor & tobacco list
	</a>
	<a href="#" id="content-skip-link" data-ng-click="eInvoiceVM.goToOrderTotal()">
		Skip to totals
	</a>
</div>
<div id="main" class="main">
	<!-- .main-content -->
	<main id="main-content" class="main-content invoice" role="main">
		<div id="main-content-inside" class="main-content-inside" data-colrs-e-invoice>
			<div class="main-content-body">
				<div class="section section-header">
					<div class="col-container">
						<div class="col col-left invoice-logo-container">
							<svg focusable="false" class="coles-logo" role="presentation" aria-hidden="true">
								<use xlink:href="#coles-logo" />
							</svg>
						</div>
						<div class="col col-right">
							<h1 class="heading" data-ng-bind-html="eInvoiceVM.sectionHeading">
								???EINVOICE_HEADING???
							</h1>
						</div>
					</div>
					<div class="col-container">
						<div class="col col-left">
							<div class="business-details">
								<p class="detail-container">
									<span role="text">
										<span class="detail-heading bold-text">
											<span class="accessibility-inline">Coles online</span>ABN<span aria-hidden="true">:</span>
										</span>
										<span class="detail-body" data-ng-bind="::eInvoiceVM.manager.eInvoiceData.storeDetails.abn"></span>
									</span>
								</p>
								<p class="detail-container">
									<span role="text">
										<span class="detail-heading bold-text">
											Coles Online Customer Care<span class="accessibility-inline"> phone number </span><span aria-hidden="true">:</span>
										</span>
										<span class="detail-body" aria-hidden="true" data-ng-bind="::eInvoiceVM.manager.eInvoiceData.storeDetails.phone"></span>
										<span class="accessibility-inline" data-ng-bind="::eInvoiceVM.manager.eInvoiceData.storeDetails.allyPhone"></span>
									</span>
								</p>
								<p class="detail-container">
									<span role="text">
										<span class="detail-heading bold-text">
											<span class="accessibility-inline">Coles online</span>Email<span class="accessibility-inline"> is </span><span aria-hidden="true">:</span>
										</span>
										<span class="detail-body" data-ng-bind="::eInvoiceVM.manager.eInvoiceData.storeDetails.email"></span>
									</span>
								</p>
							</div>
							<div class="customer-details">
								<h2 class="accessibility-inline">
							 	   Customer details
								</h2>
								<p class="detail-container">
									<span role="text">
										<span class="detail-heading bold-text">
											Customer name<span aria-hidden="true">:</span>
										</span>
										<span class="detail-body" data-ng-bind="::eInvoiceVM.manager.eInvoiceData.customerDetails.name"></span>
									</span>
								</p>
								<p class="detail-container">
									<span role="text">
										<span class="detail-heading bold-text">
											<span class="accessibility-inline">Delivery or collection </span>Address<span aria-hidden="true">:</span>
										</span>
										<span class="detail-body" data-ng-bind="::eInvoiceVM.manager.eInvoiceData.customerDetails.address"></span>
									</span>
								</p>
								<p class="detail-container">
									<span role="text">
										<span class="detail-heading bold-text">
											Customer ID<span aria-hidden="true">:</span>
										</span>
										<span class="detail-body" data-ng-bind="::eInvoiceVM.manager.eInvoiceData.email"></span>
									</span>
								</p>
								<p class="detail-container" data-ng-if="eInvoiceVM.manager.eInvoiceData.customerDetails.abn != null && eInvoiceVM.manager.eInvoiceData.customerDetails.abn != ''">
									<span role="text">
										<span class="detail-heading bold-text">
											Customer ABN<span aria-hidden="true">:</span>
										</span>
										<span class="detail-body" data-ng-bind="::eInvoiceVM.manager.eInvoiceData.customerDetails.abn"></span>
									</span>
								</p>
							</div>
						</div>
						<div class="col col-right">
							<h2 class="accessibility-inline">
								Order details
							</h2>
							<p class="detail-container">
								<span role="text">
									<span class="detail-heading bold-text">
										Order ID<span aria-hidden="true">:</span>
									</span>
									<span class="detail-body" data-ng-bind="eInvoiceVM.manager.eInvoiceData.orderId"></span>
								</span>
							</p>
							<p class="detail-container" data-ng-if="eInvoiceVM.manager.eInvoiceData.customerDetails.poNumber != null && eInvoiceVM.manager.eInvoiceData.customerDetails.poNumber != ''">
								<span role="text">
									<span class="detail-heading bold-text">
										Purchase order<span aria-hidden="true">:</span>
									</span>
									<span class="detail-body" data-ng-bind="::eInvoiceVM.manager.eInvoiceData.customerDetails.poNumber"></span>
								</span>
							</p>
							<p class="detail-container">
								<span role="text">
									<span class="detail-heading bold-text">
										Order date<span aria-hidden="true">:</span>
									</span>
									<span class="detail-body" data-ng-bind="::eInvoiceVM.manager.eInvoiceData.orderDate | date:'dd MMMM yyyy'"></span>
								</span>
							</p>  
							<p class="detail-container">
								<span role="text">
									<span class="detail-heading bold-text">
										Delivery date<span aria-hidden="true">:</span>
									</span>
									<span class="detail-body" data-ng-bind="::eInvoiceVM.manager.eInvoiceData.deliveryDate | date:'dd MMMM yyyy'"></span>
								</span>
							</p>
							<p class="detail-container">
								<span role="text">
									<span class="detail-heading bold-text">
										Delivery window<span aria-hidden="true">:</span><span class="accessibility-inline"> between </span>
									</span>
									<span class="detail-body">
										<span aria-hidden="true">
											{{::eInvoiceVM.manager.eInvoiceData.delivery.window.split('-')[0].trim()}} - {{::eInvoiceVM.manager.eInvoiceData.delivery.window.split('-')[1].trim()}}	
										</span>
										<span class="accessibility-inline">
											{{::eInvoiceVM.manager.startAllyTime}}<span class="accessibility-inline"> and </span>{{::eInvoiceVM.manager.endAllyTime}}
										</span>
									</span>
								</span>
							</p>
							<p class="detail-container">
								<span role="text">
									<span class="detail-heading bold-text">
										Store<span class="accessibility-inline"> number </span><span aria-hidden="true">:</span>												
									</span>
									<span class="detail-body" data-ng-bind="::eInvoiceVM.manager.eInvoiceData.storeDetails.storeId"></span>
								</span>
							</p>
							<p class="detail-container">
								<span role="text">
									<span class="detail-heading bold-text">
										LC<span aria-hidden="true">:</span>											
									</span>
									<span class="detail-body" data-ng-bind="::eInvoiceVM.manager.eInvoiceData.paymentDetails.loyaltyCode"></span>
								</span>
							</p>
						</div>
					</div>
				</div>
				<div class="section section-product" data-ng-repeat="product in eInvoiceVM.manager.eInvoiceData.order.itemCategories" data-ng-if="eInvoiceVM.manager.eInvoiceData.order.itemCount > 0" >
					<h2 class="heading" data-ng-bind="::product.category" data-ng-if="product.liquorText == '' && product.category != 'Groceries'" tabindex="-1"></h2>
					<h2 class="heading" data-ng-bind="::product.category" data-ng-if="product.category == 'Groceries'" id="grocery-category" tabindex="-1"></h2>
					<h2 class="heading" data-ng-bind="::product.category" data-ng-if="product.liquorText != ''" id="liquor-category" tabindex="-1"></h2>
					<table class="invoice-table desktop-only">
						<thead class="invoice-table-head">
							<tr>
								<th class="product-cell">
									Product
								</th>
								<th class="comment-cell">
									Comments
								</th>
								<th class="qty-cell">
									Ordered Quantity
								</th>
								<th class="pickqty-cell">
									Picked Quantity 
								</th>
								<th class="price-cell">
									Unit Price $
								</th>
								<th class="total-cell">
									Total Charged$
								</th>
							</tr>
						</thead>
						<tbody>
							<tr data-ng-repeat="item in product.items">
								<td class="product-cell" data-ng-bind="::item.name"></td>
								<td class="comment-cell" data-ng-bind-html="::item.comments.sanitizeHtml()"></td>
								<td class="qty-cell" data-ng-bind="::item.quantity.ordered"></td>
								<td class="pickqty-cell" data-ng-bind="::item.quantity.picked"></td>
								<td class="price-cell">
									<span role="text"><span class="accessibility-inline">$</span>{{item.price.unitPrice}}</span>
								</td>
								<td class="total-cell">
									<span role="text"><span class="accessibility-inline">$</span>{{item.price.totalPrice}}</span>
								</td>
							</tr>
						</tbody>																																
					</table>													
					<!-- Mobile View -->
					<div class="invoice-product-list mobile-only">
						<div class="invoice-product" data-ng-repeat="item in product.items">
							<div>
								<div class="invoice-product-row">
									<div class="row-heading">
										Product
									</div>
									<div class="row-detail" data-ng-bind="::item.name"></div>
								</div>
								<div class="invoice-product-row" data-ng-if="item.comments != null">
									<div class="row-heading">
										Comments
									</div>
									<div class="row-detail" data-ng-bind="::item.comments.sanitizeHtml()"></div>
								</div>
								<div class="invoice-product-row">
									<div class="row-heading">
										Ordered Quantity
									</div>
									<div class="row-detail" data-ng-bind="::item.quantity.ordered"></div>
								</div>
								<div class="invoice-product-row">
									<div class="row-heading">
										Picked Quantity 
									</div>
									<div class="row-detail" data-ng-bind="::item.quantity.picked"></div>
								</div>
								<div class="invoice-product-row">
									<div class="row-heading">
										Unit Price $
									</div>
									<div class="row-detail">
										<span role="text"><span class="accessibility-inline">$</span>{{item.price.unitPrice}}</span>
									</div>
								</div>
								<div class="invoice-product-row">
									<div class="row-heading">
										Total Charged$
									</div>
									<div class="row-detail">
										<span role="text"><span class="accessibility-inline">$</span>{{item.price.totalPrice}}</span>
									</div>
								</div>
							</div>
						</div>
					</div>
					<!-- End Mobile View --><!-- price info -->
					<div class="section section-subtotals has-divider">
						<h3 class="accessibility-inline">
							{{::product.category}} summary
						</h3>
						<div class="col-container">
							<div class="col col-left">
								<p class="total-container">
									<span aria-hidden="true" class="total-count">
										{{::product.itemCount}} Item(s)
									</span>
									<span class="accessibility-inline" data-ng-if="product.itemCount === 1">
										{{::product.itemCount}} {{::product.category}} Item
									</span>
									<span class="accessibility-inline" data-ng-if="product.itemCount > 1">
										{{::product.itemCount}} {{::product.category}} Items
									</span>
								</p>
							</div>
							<div class="col col-right">
								<p class="total-container">
									<span role="text">
										<span class="total-heading bold-text">
											<span class="accessibility-inline">{{::product.category}} </span>Subtotal<span aria-hidden="true">:</span>
										</span>
										<span class="total-amount">
											<span class="accessibility-inline">$</span>{{product.subTotal.subTotal}}
										</span>
									</span>
								</p>
								<p class="total-container" data-ng-if="eInvoiceVM.manager.eInvoiceData.customerDetails.teamMemberNum != null && eInvoiceVM.manager.eInvoiceData.customerDetails.teamMemberNum != ''">
									<span role="text">
										<span class="total-heading">
											<span class="bold-text">
												Team Member Discount<span aria-hidden="true">:</span>
											</span>
											<span class="small-text">
												<span class="accessibility-inline">
													team member ID ending in
												</span>
												<span aria-hidden="true">({{eInvoiceVM.manager.eInvoiceData.customerDetails.teamMemberNum.substr(0,eInvoiceVM.manager.eInvoiceData.customerDetails.teamMemberNum.length-4)}}</span>{{eInvoiceVM.manager.eInvoiceData.customerDetails.teamMemberNum.substr(eInvoiceVM.manager.eInvoiceData.customerDetails.teamMemberNum.length-4,eInvoiceVM.manager.eInvoiceData.customerDetails.teamMemberNum.length)}}<span aria-hidden="true">)</span>
											</span>
										</span>
										<span class="total-amount">
											<span class="accessibility-inline">$</span>{{product.subTotal.teamMbrDiscount}}
										</span>
									</span>
								</p>
								<p class="total-container" data-ng-if="eInvoiceVM.manager.eInvoiceData.customerDetails.flybuys != null && eInvoiceVM.manager.eInvoiceData.customerDetails.flybuys != ''">
									<span role="text">
										<span class="total-heading">
											<span class="bold-text">
												Loyalty Discount<span aria-hidden="true">:</span>
											</span>
											<span class="small-text">
												<span class="accessibility-inline">
													flybuys number ending in
												</span>
												<span aria-hidden="true">({{eInvoiceVM.manager.eInvoiceData.customerDetails.flybuys.substr(0,eInvoiceVM.manager.eInvoiceData.customerDetails.flybuys.length-4)}}</span><span>{{eInvoiceVM.manager.eInvoiceData.customerDetails.flybuys.substr(eInvoiceVM.manager.eInvoiceData.customerDetails.flybuys.length-4,eInvoiceVM.manager.eInvoiceData.customerDetails.flybuys.length)}}</span><span aria-hidden="true">)</span>
											</span>
										</span>
										<span class="total-amount">
											<span class="accessibility-inline">$</span>{{product.subTotal.loyaltyDiscount}}
										</span>
									</span>
								</p>
								<p class="total-container">
									<span role="text">
										<span class="total-heading bold-text">
											{{::product.category}} Subtotal<span aria-hidden="true">:</span>
										</span>
										<span class="total-amount">
											<span class="accessibility-inline">$</span>{{product.subTotal.categoryTotal}}
										</span>
									</span>
								</p>
						 	</div>
						</div>
					</div>
					<!-- price info -->
				</div>
				<div class="section section-subtotals section-totals">
					<h2 class="accessibility-inline" id="order-totals" tabindex="-1">
						Order totals
					</h2>
					<div class="col-container">
						<div class="col col-left">
							<p class="total-container" data-ng-if="eInvoiceVM.manager.eInvoiceData.order.itemCount > 0">
								<span aria-hidden="true" class="total-count bold-text">
									{{::eInvoiceVM.manager.eInvoiceData.customerDetails.orderCount}} item(s) total
								</span>
								<span class="accessibility-inline" data-ng-if="eInvoiceVM.manager.eInvoiceData.customerDetails.orderCount === 1">
									{{::eInvoiceVM.manager.eInvoiceData.customerDetails.orderCount}} item total
								</span>
								<span class="accessibility-inline" data-ng-if="eInvoiceVM.manager.eInvoiceData.customerDetails.orderCount > 1">
									{{::eInvoiceVM.manager.eInvoiceData.customerDetails.orderCount}} items total
								</span>
							</p>
						</div>
						<div class="col col-right">
							<p class="total-container">
								<span role="text">
									<span aria-hidden="true" class="total-heading bold-text">
										Item(s) Total:
									</span>
									<span class="total-heading bold-text" data-ng-if="eInvoiceVM.manager.eInvoiceData.customerDetails.orderCount === 1">
										<span class="accessibility-inline">Item Total</span
									</span>
									<span class="total-heading bold-text" data-ng-if="eInvoiceVM.manager.eInvoiceData.customerDetails.orderCount > 1">
										<span class="accessibility-inline">Items Total</span
									</span>
									<span class="total-amount bold-text">
										<span class="accessibility-inline">$</span>{{eInvoiceVM.manager.eInvoiceData.paymentDetails.payments[0].amount}}
									</span>
								</span>
							</p>
							<p class="total-container">
								<span role="text">
									<span class="total-heading" data-ng-if="eInvoiceVM.manager.eInvoiceData.subscriptionOrder == null">
										Delivery/Collection Fee<span aria-hidden="true">:</span>
									</span>
									<span class="total-heading" data-ng-if="eInvoiceVM.manager.eInvoiceData.subscriptionOrder === 1">
										{{eInvoiceVM.manager.eInvoiceData.paymentDetails.shippingCharge.type}}
									</span>
									<span class="total-amount">
										<span class="accessibility-inline">$</span>{{eInvoiceVM.manager.eInvoiceData.paymentDetails.shippingCharge.value}}
									</span>
								</span>
							</p>
							<p class="total-container" data-ng-repeat="discount in eInvoiceVM.manager.eInvoiceData.paymentDetails.otherDiscounts">
								<span role="text">
									<span class="total-heading" data-ng-bind="::discount.type"></span>
									<span class="total-amount">
										<span class="accessibility-inline">$</span>{{discount.value}}
									</span>
								</span>
							</p>
							<div class="sub-section">
								<p class="total-container">
									<span role="text">
										<span class="total-heading bold-text" data-ng-if="eInvoiceVM.manager.eInvoiceData.type !== 'Refund'">
											Payment Total<span aria-hidden="true">:</span>
										</span>
										<span class="total-heading bold-text" data-ng-if="eInvoiceVM.manager.eInvoiceData.type === 'Refund'">
											Refund Total<span aria-hidden="true">:</span>
										</span>
										<span class="total-amount bold-text">
											<span class="accessibility-inline">$</span>{{eInvoiceVM.manager.eInvoiceData.paymentDetails.paymentTotal}}
										</span>
									</span>
								</p>
								<p class="total-container">
									<span role="text">
										<span class="total-heading">
											GST included in total<span aria-hidden="true">:</span>
										</span>
										<span class="total-amount">
											<span class="accessibility-inline">$</span>{{eInvoiceVM.manager.eInvoiceData.paymentDetails.gst}}
										</span>
									</span>
								</p>
								<p class="total-container" data-ng-repeat="payments in eInvoiceVM.manager.eInvoiceData.paymentDetails.payments" data-ng-if="!eInvoiceVM.redelivery">
									<span role="text">
										<span class="total-heading" data-ng-bind="::payments.type"></span>
										<span class="total-amount">
											<span class="accessibility-inline">$</span>{{payments.amount}}
										</span>
									</span>
								</p>
								<p class="total-container" data-ng-if="eInvoiceVM.redelivery">
									<span role="text">
										<span class="total-heading bold-text">
											No Payment Required
										</span>
										<span class="total-amount">$0.00</span>
									</span>
								</p>
							</div>
						</div>
					</div>
				</div>
				<div class="section has-divider liquor-message" data-ng-if="eInvoiceVM.manager.isLiquorPresent">
					<span>That portion of this Tax Invoice which relates to the purchase of Liquor is issued by the Liquorland Australia Pyt Ltd the holder of Retail Liquor Merchants License No. 01234567 for Liquorland COL Test Store. ABN 82007512414</span>
				</div>
				<div class="section has-divider" data-ng-if="(eInvoiceVM.manager.eInvoiceData.delivery.customerMsg != null) && (eInvoiceVM.manager.eInvoiceData.delivery.customerMsg != '')">
					<h2 class="heading small">								
						Message to customer
					</h2>
					<div data-ng-bind="::eInvoiceVM.manager.eInvoiceData.delivery.customerMsg"></div>
				</div>
				<div class="section has-divider is-centered mobile-is-left">
					<h2 class="heading small" data-ng-if="eInvoiceVM.manager.eInvoiceData.customerDetails.flybuys">
						<span role="text">
							flybuys card number<span aria-hidden="true">:</span><span aria-hidden="true">{{eInvoiceVM.manager.eInvoiceData.customerDetails.flybuys.substr(0,eInvoiceVM.manager.eInvoiceData.customerDetails.flybuys.length-4)}}</span><span class="accessibility-inline">ending in</span><span>{{eInvoiceVM.manager.eInvoiceData.customerDetails.flybuys.substr(eInvoiceVM.manager.eInvoiceData.customerDetails.flybuys.length-4,eInvoiceVM.manager.eInvoiceData.customerDetails.flybuys.length)}}</span>
						</span>
					</h2>
					<h2 data-ng-bind-html="::eInvoiceVM.manager.eInvoiceData.delivery.loyaltyMsg"></h2>
					<p>
						<span class="single-line">
						 	Please retain receipt for refund or exchange purposes.									
						</span>
						<span class="single-line">
							Substitute items recharged at the lower of the original or the substitute price
						</span>
						<span class="single-line">
							% = Taxable Items
						</span>
						<span class="single-line">
							See <a href="https://shop.coles.com.au/a/national/content/customer-agreement" target="_blank">Customer Agreement</a> at shop.coles.com.au for Promotional Loyalty <a href="https://www.coles.com.au/terms-of-use" target="_blank">Terms and Conditions</a>
						</span>
					</p>
				</div>
				<div class="section has-divider">
					<div class="col-container">
						<div class="col col-left is-centered mobile-is-left">
							<p data-ng-bind-html="::eInvoiceVM.manager.eInvoiceData.vouchers[0].termsNConditions"></p>
						</div>
						<div class="col col-right is-centered">
							<span class="accessibility-inline">
								Fuel discount barcode {{::eInvoiceVM.manager.eInvoiceData.vouchers[0].barcode}}
							</span>
							<!-- img src="https://dummyimage.com/270x80/666/fff" alt="" class="barcode-image"/ -->
							<img id="barcode"  class="barcode-image"/>
						</div>
					</div>
				</div>
			</div>
		</div>
	</main>
	<!-- /.main-content -->
</div>

</script>

<script type="text/ng-template" id="/online/COLRSGenericLoaderSuperbarTemplate?storeId=20201&amp;langId=-1&amp;requesttype=ajax">
	
<div id="viewGenericLoader" class="view view-temp view-generic-loader colrs-animate ng-enter" data-colrs-trap-focus data-ng-controller="SuperbarGenericLoaderController as loaderVM">
	<span class="accessibility" tabindex="-1"> 
		Start of pop up dialog box
	</span>
	<div class="draw-content-body">
		<div class="draw-warning">
			<div class="warning-content">
				<div data-colrs-preloader data-svg-id="preloader-generic-loader" data-size="{{::loaderVM.loaderSize}}" 
					data-is-animating="true"></div>
					
				<p role="text" class="warning-title" tabindex="-1" data-colrs-trap-initial data-colrs-trap-first data-colrs-trap-last>
                	<span aria-hidden="{{loaderVM.message && loaderVM.a11yMessage ? 'true' : 'false'}}" data-ng-if="::loaderVM.message"
                		data-ng-bind-html="::loaderVM.message">
                	</span>
                	<span class="accessibility-inline" data-ng-if="::loaderVM.a11yMessage"
                		data-ng-bind-html="::loaderVM.a11yMessage"></span>
                </p>
			</div>
		</div>
	</div>
	
	<span class="accessibility" tabindex="-1">
		End of pop up dialog box
	</span>
</div>


</script>

<script type="text/ng-template" id="/online/COLRSGenericMessageSuperbarTemplate?storeId=20201&amp;langId=-1&amp;requesttype=ajax">
	
<div class="view view-default {{messageVM.cssClass}} colrs-animate ng-enter" tabindex="-1" 
		data-ng-controller="SuperbarMessageController as messageVM" data-colrs-trap-focus>
	<span class="accessibility" tabindex="-1"> 
		Start of pop up dialog box
	</span>
	<div class="draw-content-body">
		<div class="draw-warning">
			<div class="warning-content">
				<svg focusable="false" class="icon {{messageVM.icon}}" role="presentation" aria-hidden="true">
                    <use xmlns:xlink="http://www.w3.org/1999/xlink" data-ng-attr-xlink:href="{{'#'+messageVM.icon}}" xlink:href=""></use>
                </svg>
                <p role="text" class="title-wrapper" tabindex="-1" data-colrs-trap-initial data-colrs-trap-first>
	                <span class="warning-title" data-ng-bind-html="messageVM.message"></span>
					<span class="warning-title secondary" data-ng-if="messageVM.secondaryText && messageVM.secondaryText != 'BlockedAddress'"
						data-ng-bind-html="messageVM.secondaryText"></span>
					<span role="text" class="expiry-warning blocked-address" data-ng-if="messageVM.secondaryText == 'BlockedAddress'">
						If you think there&apos;s been a mistake or have any questions please <span class="secondary-cta"><a data-superbar="true" href="#" data-colrs-open-draw="feedback" target="_self">contact Coles online Customer Care</a>
								<a data-superbar="false" class="mobileLink" href="/online/national/info/contact-us-by-email" target="_self">contact Coles online Customer Care</a></span>
					</span>
				</p>
                <button class="button button-dark" data-ng-bind-html="messageVM.resolveText" 
                	data-ng-click="messageVM.resolve($event)" data-colrs-trap-last>
                </button>
                <p id="message_announce" class="accessibility" tabindex="-1"></p>
                <a href="#" class="secondary-cta" data-ng-if="messageVM.rejectText" 
					data-ng-bind-html="messageVM.rejectText" 
					data-ng-click="messageVM.reject($event)" data-colrs-trap-last></a>
			</div>
		</div>	
	</div>
	<span class="accessibility" tabindex="-1">
		End of pop up dialog box
	</span>
</div>

</script>

<script type="text/ng-template" id="/online/COLRSLoginRegisterSuperbarLinkTemplate?storeId=20201&amp;langId=-1&amp;requesttype=ajax">
	

<a href="#" class="draw-link-login" data-ng-if="superbarVM.userVM.user.isGuest">
	<span role="text">
		<svg focusable="false" class="icon icon-account" role="presentation" aria-hidden="true">
		    <use xmlns:xlink="http://www.w3.org/1999/xlink" xlink:href="#icon-account"></use>
		</svg>
		<span class="accessibility-inline">
			Login or sign up
		</span>
		<span class="draw-text" aria-hidden="true">
			Log in / Signup
		</span>
		<span class="draw-text is-small" aria-hidden="true">
			Log in
		</span>
	</span>
</a>


</script>

<script type="text/ng-template" id="/online/COLRSLoginFormSuperbarTemplate?storeId=20201&amp;langId=-1&amp;requesttype=ajax">
	

<div class="view view-login-register view-login colrs-animate ng-enter" data-colrs-drawer-login data-colrs-trap-focus>
	<span class="accessibility" tabindex="-1">
		Start of pop up dialog box
	</span>
	<p class="accessibility" tabindex="-1" data-colrs-trap-initial data-colrs-trap-first>
		Pop up box displayed Login
	</p>
    <div class="draw-content-scroll">
        <div class="draw-content-header">
            <h1 class="heading">
            	Log in
            </h1>
            <p data-ng-if="drawerLogonVM.isExternal">You must login or sign up to add these products to your trolley</p>
            <a href="#" class="hidden-close-draw focus-outline" data-ng-click="close()">
            	Close this pop up dialog box</a>
        </div>

        
		<p id="content_focus_RS_EMG_MSG_LOGIN" class="accessibility" tabindex="-1"></p>

        <div class="draw-content-body">
       		<colrs-login-form
       			data-login-submit="drawerLogonVM.login(email,password,rememberMe)"
       			data-forgot-password="drawerLogonVM.gotoForgotPassword($event)"
       			data-forgot-email="drawerLogonVM.gotoForgotEmail($event)">
       		</colrs-login-form>

            <div class="redirect">
                <a href="#"data-ng-click="drawerLogonVM.gotoRegister($event)" data-colrs-trap-last>New to Coles online? Sign up instead</a>
           </div>
        </div>
    </div>

    <span class="accessibility" tabindex="-1">
    	End of pop up dialog box
    </span>
</div>


</script>
<script type="text/ng-template" id="/online/COLRSLoginFormTemplate?storeId=20201&amp;langId=-1&amp;requesttype=ajax">
	

<form class="login-form" method="post" name="logonForm" autocomplete="off" autocorrect="off" autocapitalize="off"
	data-colrs-submit-if-valid="loginVM.submitFn($event)" novalidate>
	<div class="colrs-animate" data-ng-if="logonForm.invalidSubmission && logonForm.$invalid" data-colrs-validation-messages></div>
	<div class="input-container" aria-live="off" data-ng-messages="logonForm.invalidSubmission && logonForm.email.$error">
		<label for="login-email-input" class="form-field-label">
			Email
		</label> 
		<span id="email-error" class="colrs-animate form-field-error-message" data-ng-message="colrsEmailRegex">
			Please enter a valid email address like example@email.com
		</span>
		<span id="email-error" class="colrs-animate form-field-error-message" data-ng-message="required">
			Please fill in your registered email address
		</span> 
		<input type="email" id="login-email-input" class="form-field-input" name="email" 
			aria-describedby="email-error"
			data-ng-model="fields.email" data-ng-model-options="{ updateOn: 'submit'}" 
			required remove-ng-email-validation data-colrs-email-regex />
		<a href="#" data-ng-if="hasForgotEmail" data-ng-click="loginVM.forgotEmailFn($event)">
			<span role="text">
				Not sure which email you signed up with?
			</span>
		</a>
	</div>
	<div class="input-container login-password" aria-live="off" data-ng-messages="logonForm.invalidSubmission && logonForm.password.$error">
		<label for="login-password-input" class="form-field-label">
			Password
		</label>
		<span id="password-error" class="colrs-animate form-field-error-message" data-ng-message="required">
			Please fill in your password
		</span>
		<div id="login-password-input-container" ng-class="loginVM.loginPwdInputContainerStyle">
			<input type="{{loginVM.passwordInputType}}" id="login-password-input" class="form-field-input" name="password" 
				required aria-describedby="password-error" autocomplete="off" autocorrect="off" 
				data-ng-model="fields.password" data-ng-model-options="{updateOn: 'submit'}" ng-blur="loginVM.onPwdBlur()" ng-focus="loginVM.onPwdFocus()"/>
				<a class="pwd-visible-btn" ng-click="loginVM.togglePassword()">
			        <svg class="password-eye-icon" focusable="false" aria-hidden="true" data-ng-if="loginVM.passwordInputType == 'text'">
						<use xmlns:xlink="http://www.w3.org/1999/xlink" xlink:href="#iconEyeOpen"></use>
					</svg>
					<svg class="password-eye-icon" focusable="false" aria-hidden="true" data-ng-if="loginVM.passwordInputType == 'password'">
						<use xmlns:xlink="http://www.w3.org/1999/xlink" xlink:href="#iconEyeClose"></use>
					</svg>
			    </a>
		</div>
		<a href="#" data-ng-if="hasForgotPassword" data-ng-click="loginVM.forgotPasswordFn($event)">
			<span role="text">
				Forgotten your password?
			</span>
		</a>
	</div>
	<div class="input-container remember-me">
		<div class="checkbox-container is-plain">
			<input type="checkbox" name="rememberMe" data-ng-model="fields.rememberMe"
				id="stay-logged-in" 
				data-ng-model-options="{updateOn: 'submit'}" >
			<span class="form-field-checkbox-mask"></span>
			<label for="stay-logged-in" class="form-field-checkbox-label">Keep me logged in on this computer</label>
		</div>
	</div>
    <button type="submit" class="button button-dark form-field-button login-form-btn-submit">
    	{{::buttonText}}
    </button>
</form>


</script>
<script type="text/ng-template" id="/online/COLRSLoginRegisterOptionSuperbarTemplate?storeId=20201&amp;langId=-1&amp;requesttype=ajax">
	

<div class="view view-login-register view-login-options colrs-animate ng-enter" tabindex="-1" data-colrs-drawer-login-options data-colrs-trap-focus>
	<span class="accessibility" tabindex="-1"> 
		Start of pop up dialog box
	</span>
	<p class="accessibility" tabindex="-1" data-colrs-trap-initial data-colrs-trap-first>
		Pop up box displayed Login or Sign up
	</p>
    <div class="draw-content-scroll">
        <div class="draw-content-header">
            <h1 class="heading">
            	Login or Sign up
            </h1>
            <a href="#" class="hidden-close-draw focus-outline" data-ng-click="close()">
            	Close this pop up dialog box
            </a>	
        </div>
        <div class="draw-content-body">
            <div class="icon-container">
                <svg focusable="false" class="icon icon-trolley" role="presentation" aria-hidden="true">
                    <use xmlns:xlink="http://www.w3.org/1999/xlink" xlink:href="#icon-trolley"></use>
                </svg>
            </div>
            <ul class="login-register">
                <li class="signup">
                    <a href="#" data-ng-click="drawerLogonOptionsVM.gotoRegister($event)">
                    	New to Coles online?<span class="cta">Sign up</span>
                        <svg focusable="false" class="icon icon-arrow" role="presentation" aria-hidden="true">
                            <use xmlns:xlink="http://www.w3.org/1999/xlink" xlink:href="#icon-arrow"></use>
                        </svg>
                    </a>
                </li>
                <li class="login">
                    <a href="#" data-ng-click="drawerLogonOptionsVM.gotoLogin($event)" data-colrs-trap-last>
                        Shopped with us before?<span class="cta">Log in</span>
                        <svg focusable="false" class="icon icon-arrow" role="presentation" aria-hidden="true">
                            <use xmlns:xlink="http://www.w3.org/1999/xlink" xlink:href="#icon-arrow"></use>
                        </svg>
                    </a>
                </li>
            </ul>
        </div>
    </div>
    
    <span class="accessibility" tabindex="-1">
    	End of pop up dialog box
    </span>
</div>


</script>

<script type="text/ng-template" id="/online/COLRSForgotEmailSuperbarTemplate?storeId=20201&amp;langId=-1&amp;requesttype=ajax">
	

<div class="view view-login-register view-forgotten-email has-back-link colrs-animate ng-enter" tabindex="-1" data-colrs-trap-focus data-colrs-forgot-email>
	<span class="accessibility" tabindex="-1">
		Start of pop up dialog box
	</span>
	<p class="accessibility" tabindex="-1" data-colrs-trap-initial data-colrs-trap-first>
		Pop up box displayed Forgotten which email to use?
	</p>
	
	<div class="draw-content-scroll">
        <div class="draw-content-header">
            <a class="back-link" href="#" ng-click="forgotEmailVM.goBack()"> 
                <svg focusable="false" class="icon icon-back" role="presentation" aria-hidden="true">
                    <use xmlns:xlink="http://www.w3.org/1999/xlink" xlink:href="#icon-back"></use>
                </svg>
               	<span class="accessibility-inline">Back to {{::forgotEmailVM.context}}</span>
            </a>
            <h1 class="heading">Forgotten which email to use?</h1>  
            <a data-ng-click="close()" class="hidden-close-draw focus-outline" tabindex="0" href="#">
                Close this pop up dialog box
            </a> 
            <span class="intro">
                Call customer support for help
            </span>
        </div>
        <div class="draw-content-body">
            <div class="container">
                <svg focusable="false" class="icon icon-account" role="presentation" aria-hidden="true">
                    <use xmlns:xlink="http://www.w3.org/1999/xlink" xlink:href="#icon-account"></use>
                </svg>
                <span role="text" data-colrs-trap-last>
                    <span class="heading">Contact customer support</span>
                    <span>Call 1800 455 400</span>
                </span>
            </div>
        </div>
    </div>
    <span class="accessibility" tabindex="-1">
    	End of pop up dialog box
    </span>
</div>


</script>

<script type="text/ng-template" id="/online/COLRSResetPasswordSuperbarTemplate?storeId=20201&amp;langId=-1&amp;requesttype=ajax">
	<div class="view view-login-register colrs-animate" tabindex="-1" data-colrs-trap-focus>
    <div class="draw-content-scroll">
        <div class="draw-content-header">
           <h1 class="heading">RESET PASSWORD</h1>
          </div>
        <div class="draw-content-body"></div>
    </div>
</div>
</script>

<script type="text/ng-template" id="/online/COLRSForcedResetPasswordSuperbarTemplate?storeId=20201&amp;langId=-1&amp;requesttype=ajax">
	

<div class="view view-login-register view-forgotten-password colrs-animate ng-enter" data-ng-class="{'has-back-link': drawerForgotPasswordVM.backLink}" tabindex="-1" data-colrs-trap-focus data-colrs-forgot-password>
	<div class="draw-content-scroll">
        <div class="draw-content-header">
        	<span class="accessibility" tabindex="-1">
				Start of pop up dialog box
			</span>
			<p class="accessibility" tabindex="-1" data-colrs-trap-initial data-colrs-trap-first>
				Pop up box displayed Reset Password
			</p>
            <a class="back-link" href="#" data-ng-click="drawerForgotPasswordVM.goBack()" data-ng-if="drawerForgotPasswordVM.backLink"> 
                <svg focusable="false" class="icon icon-back" role="presentation" aria-hidden="true">
                    <use xmlns:xlink="http://www.w3.org/1999/xlink" xlink:href="#icon-back"></use>
                </svg>
               	<span class="accessibility-inline">Back to {{::drawerForgotPasswordVM.context}}</span>
            </a>
            
			<h1 class="heading">Reset Password</h1>
            <a data-ng-click="close()" class="hidden-close-draw focus-outline" tabindex="0" href="#">
                Close this pop up dialog box
            </a>

            <span class="intro">
                Your password has expired and must be reset. Please enter your email address and we'll send you a link to reset.
            </span>
        </div>
        <div class="draw-content-body">
            <div class="container">
	       		<colrs-forgot-password-form></colrs-forgot-password-form>
            </div>
        </div>
    </div>
    <span class="accessibility" tabindex="-1">
    	End of pop up dialog box
    </span>
</div>


</script>

<script type="text/ng-template" id="/online/COLRSForgotPasswordSuperbarTemplate?storeId=20201&amp;langId=-1&amp;requesttype=ajax">
	

<div class="view view-login-register view-forgotten-password colrs-animate ng-enter" data-ng-class="{'has-back-link': drawerForgotPasswordVM.backLink}" tabindex="-1" data-colrs-trap-focus data-colrs-forgot-password>
	<div class="draw-content-scroll">
        <div class="draw-content-header">
        	<span class="accessibility" tabindex="-1">
				Start of pop up dialog box
			</span>
			<p class="accessibility" tabindex="-1" data-colrs-trap-initial data-colrs-trap-first>
				Pop up box displayed Forgotten your password?
			</p>
            <a class="back-link" href="#" data-ng-click="drawerForgotPasswordVM.goBack()" data-ng-if="drawerForgotPasswordVM.backLink"> 
                <svg focusable="false" class="icon icon-back" role="presentation" aria-hidden="true">
                    <use xmlns:xlink="http://www.w3.org/1999/xlink" xlink:href="#icon-back"></use>
                </svg>
               	<span class="accessibility-inline">Back to {{::drawerForgotPasswordVM.context}}</span>
            </a>
            
			<h1 class="heading">Forgotten your password?</h1>
            <a data-ng-click="close()" class="hidden-close-draw focus-outline" tabindex="0" href="#">
                Close this pop up dialog box
            </a>

            <span class="intro">
                Enter your email address and we'll send you a link to reset it.
            </span>
        </div>
        <div class="draw-content-body">
            <div class="container">
	       		<colrs-forgot-password-form></colrs-forgot-password-form>
            </div>
        </div>
    </div>
    <span class="accessibility" tabindex="-1">
    	End of pop up dialog box
    </span>
</div>


</script>


<script type="text/ng-template" id="/online/COLRSForgotPasswordFormTemplate?storeId=20201&amp;langId=-1&amp;requesttype=ajax">
	

<form class="forgot-password-form" name="forgotPasswordForm" method="post" autocomplete="off" autocorrect="off" autocapitalize="off" 
	data-colrs-submit-if-valid="forgotPasswordVM.submitFn($event)" novalidate>

	<div class="colrs-animate" data-ng-if="forgotPasswordForm.invalidSubmission && forgotPasswordForm.$invalid"
		data-colrs-validation-messages></div>
	
	<div class="input-container" aria-live="off" data-ng-messages="forgotPasswordForm.invalidSubmission && forgotPasswordForm.email.$error">
    	<label for="login-email-input" class="form-field-label">
    		Email
    	</label>
    	
    	<span id="email-error" class="colrs-animate form-field-error-message" data-ng-message="required">
			Please fill in your registered email address
		</span>
		<span id="email-error" class="colrs-animate form-field-error-message" data-ng-message="colrsEmailRegex">
			Please enter a valid email address
   		</span>
		
		<input type="email" id="login-email-input" class="form-field-input" name="email" 
			required aria-describedby="email-error"
			data-ng-model="forgotPasswordVM.email" data-ng-model-options="{ updateOn: 'submit'}" 
			remove-ng-email-validation data-colrs-email-regex />
            	
		<a href="#" class="forgotten-email" data-ng-click="forgotPasswordVM.forgotEmailFn($event)">
			<span role="text">
       			Forgotten which email to use?
       		</span>
	    </a>
	</div>
	
	<button class="button button-dark form-field-button" data-ng-click="forgotPasswordVM.setReturnElement($event)" data-colrs-trap-last>
		Reset my password 
	</button>
</form>


</script>

<script type="text/ng-template" id="/online/COLRSForgotPasswordSuccessModalTemplate?storeId=20201&amp;langId=-1&amp;requesttype=ajax">
	

<div id="forgot-password-success-dialog" class="colrs-animate popup popup-general ng-enter" tabindex="-1" aria-hidden="false" 
	 data-colrs-forgot-password-success-modal data-colrs-trap-focus>	
	<span class="accessibility" tabindex="-1"> 
		Start of pop up dialog box
	</span>
	<div class="popup-inside">
		<div class="popup-header" data-transclude-id="head">
            <svg focusable="false" class="coles-logo" role="presentation" aria-hidden="true">
                <use xmlns:xlink="http://www.w3.org/1999/xlink" xlink:href="#coles-logo"></use>
            </svg>
            <div id="forgot-password-success-dialog-title" tabindex="-1" data-colrs-trap-initial data-colrs-trap-first>
                <span class="accessibility">
                	Pop up box displayed Password reset successful
				</span>
            </div>
            <div class="close">
                <a href="#" class="popup-close" title="Close this pop up dialog box" data-ng-click="close()">
                    <svg focusable="false" class="icon icon-cross" role="presentation" aria-hidden="true">
                        <use xmlns:xlink="http://www.w3.org/1999/xlink" xlink:href="#icon-cross"></use>
                    </svg>
                </a>
            </div>
        </div>
        <div class="popup-body">
            <div class="popup-body-header">
                <h1 class="popup-title" aria-hidden="false" tabindex="-1">
                	<strong>Your password has been reset!</strong>
                </h1>
            </div>
            <div class="popup-content">
                <div class="confirmation-info">
                    <div class="item confirmation-success">
                        <div class="icon-container">
                     		<svg focusable="false" class="icon icon-emailsuccess" role="presentation" aria-hidden="true">
								<use xmlns:xlink="http://www.w3.org/1999/xlink" xlink:href="#icon-emailsuccess"></use>
							</svg>
                        </div>
                        <span class="item-label">
                        	We've sent an email to choose a new one to <strong>{{::forgotPasswordSuccessVM.data.email}}</strong>
                        </span>
                    </div>
                </div>
            </div>
        </div>
        <div class="popup-footer">
            <button class="button button-dark float-right" data-ng-click="close()" data-colrs-trap-last>
            	OK
            </button>
        </div>
    </div>
    
    <div class="dialogbox-end" tabindex="-1">
		<span class="accessibility">End of pop up dialog box</span>
	</div>
</div>


</script>

<script type="text/ng-template" id="/online/COLRSUpdateTempPasswordSuperbarTemplate?storeId=20201&amp;langId=-1&amp;requesttype=ajax">
	

<div class="view view-temporary-password colrs-animate ng-enter" tabindex="-1" data-colrs-update-temp-password data-colrs-trap-focus>
	<span class="accessibility" tabindex="-1">
		Start of pop up dialog box
	</span>
	<p class="accessibility" tabindex="-1" data-colrs-trap-initial data-colrs-trap-first>
		Pop up box displayed Update password
	</p>
	<div class="draw-content-scroll">
        <div class="draw-content-header">
			<h1 class="heading">
				Update password
			</h1>
			
            <a href="#" class="hidden-close-draw focus-outline" tabindex="0" data-ng-click="close()" >
                Close this pop up dialog box
            </a>
        </div>
        <div class="draw-content-body">
            <div class="container">
				<form class="update-temp-password-form" name="updateTempPasswordForm" method="post" autocomplete="off" autocorrect="off" autocapitalize="off" 
					data-colrs-submit-if-valid="updateTempPasswordVM.submit($event)" novalidate>
				
					<div class="colrs-animate" data-ng-if="updateTempPasswordForm.invalidSubmission && updateTempPasswordForm.$invalid"
						data-colrs-validation-messages></div>
					
					<div class="input-container" aria-live="off" 
						data-ng-messages="updateTempPasswordForm.invalidSubmission && updateTempPasswordForm.temp_pass.$error">
				    	<label for="temp_pass" class="form-field-label">
				    		Temporary password
				    	</label>
				        <span id="temp-password-error" class="colrs-animate form-field-error-message" data-ng-message="required" >
				        	Please enter your temporary password
				        </span>
				        <div ng-class="updateTempPasswordVM.pwdInputContainerStyle" class="password-field">
							<input type="{{updateTempPasswordVM.passwordInputType}}" id="temp_pass" class="form-field-input" name="temp_pass" required aria-describedby="temp-password-error" 
								data-ng-model="updateTempPasswordVM.tempPassword" data-ng-model-options="{updateOn: 'submit'}" 
								ng-blur="updateTempPasswordVM.onPwdBlur()" ng-focus="updateTempPasswordVM.onPwdFocus()"
								/>
							<a class="pwd-visible-btn" ng-click="updateTempPasswordVM.togglePasswordVisibility()">
							 	<svg class="password-eye-icon" focusable="false" aria-hidden="true" data-ng-if="updateTempPasswordVM.passwordInputType == 'text'">
									<use xmlns:xlink="http://www.w3.org/1999/xlink" xlink:href="#iconEyeOpen"></use>
								</svg>
								<svg class="password-eye-icon" focusable="false" aria-hidden="true" data-ng-if="updateTempPasswordVM.passwordInputType == 'password'">
									<use xmlns:xlink="http://www.w3.org/1999/xlink" xlink:href="#iconEyeClose"></use>
								</svg>
							</a>
						</div>
					</div>
				    <div class="input-container" aria-live="off" 
				    	data-ng-messages="updateTempPasswordForm.invalidSubmission && updateTempPasswordForm.new_pass.$error">
						<div name="new_pass" required maxlength="512" data-ng-maxlength="512" minlength="8" data-ng-minlength="8"
							data-ng-model="updateTempPasswordVM.newPassword" data-ng-model-options="{ updateOn: 'submit'}"
							data-colrs-password data-colrs-password-validator></div>
					</div>
					<button type="submit" class="button button-dark form-field-button" data-colrs-trap-last>
						Update password
					</button>
				</form>
            </div>
        </div>
    </div>
    <span class="accessibility" tabindex="-1">
    	End of pop up dialog box
    </span>
</div>


</script>

<script type="text/ng-template" id="/online/COLRSUpdateTempPasswordFormTemplate?storeId=20201&amp;langId=-1&amp;requesttype=ajax">
	

<form class="update-temp-password-form" name="updateTempPasswordForm" method="post" autocomplete="off" autocorrect="off" autocapitalize="off" 
	data-colrs-submit-if-valid="updateTempPasswordVM.submit($event)" novalidate>

	<div class="colrs-animate" data-ng-if="updateTempPasswordForm.invalidSubmission && updateTempPasswordForm.$invalid"
		data-colrs-validation-messages></div>
	
	<div class="input-container" aria-live="off" 
		data-ng-messages="updateTempPasswordForm.invalidSubmission && updateTempPasswordForm.temp_pass.$error">
    	<label for="temp_pass" class="form-field-label">
    		Temporary password
    	</label>
        <span id="temp-password-error" class="colrs-animate form-field-error-message" data-ng-message="required" >
        	Please enter your temporary password
        </span>
		<input type="password" id="temp_pass" class="form-field-input" name="temp_pass" required aria-describedby="temp-password-error" 
			data-ng-model="updateTempPasswordVM.tempPassword" data-ng-model-options="{updateOn: 'submit'}" />
	</div>
	
    <div class="input-container" aria-live="off" 
    	data-ng-messages="updateTempPasswordForm.invalidSubmission && updateTempPasswordForm.new_pass.$error">
		<div name="new_pass" required maxlength="512" data-ng-maxlength="512" minlength="8" data-ng-minlength="8"
			data-ng-model="updateTempPasswordVM.newPassword" data-ng-model-options="{ updateOn: 'submit'}"
			data-colrs-password data-colrs-password-validator></div>
	</div>
	
	<button class="button button-dark form-field-button">
		Update password
	</button>
</form>


</script>

<script type="text/ng-template" id="/online/COLRSChangePasswordSuperbarTemplate?storeId=20201&amp;langId=-1&amp;requesttype=ajax">
	

<div class="view view-password colrs-animate ng-enter" data-ng-class="{'has-back-link': changePasswordVM.originatedFromAccount}" data-colrs-change-password data-colrs-trap-focus>
	<span class="accessibility" tabindex="-1">
		Start of pop up dialog box 
	</span>
	<p class="accessibility" tabindex="-1" data-colrs-trap-initial data-colrs-trap-first>
		Pop up box displayed Change your password            	
	</p>
    <div class="draw-content-scroll">
        <div class="draw-content-header">
        	<a href="#" class="back-link" data-ng-click="changePasswordVM.goBack($event)" data-ng-if="changePasswordVM.originatedFromAccount"> 
            	<svg focusable="false" class="icon icon-back" role="presentation" aria-hidden="true">
                	<use xmlns:xlink="http://www.w3.org/1999/xlink" xlink:href="#icon-back"></use>
               	</svg>
                <span class="accessibility-inline">
                	Go Back to my account
                </span>
            </a>
            <h1 class="heading">Change your password</h1>
            <a href="#" class="hidden-close-popup focus-outline" data-ng-click="close()">
        		Close this pop up dialog box
   		    </a>
        </div>
        <div class="draw-content-body">
        	<form name="changePasswordForm" method="post" autocomplete="off" autocorrect="off" autocapitalize="off"
				data-colrs-submit-if-valid="changePasswordVM.next($event)" novalidate>
				
				<div class="colrs-animate" data-ng-if="changePasswordForm.invalidSubmission && changePasswordForm.$invalid" 
					data-colrs-validation-messages></div>
				
	            <div class="input-container" aria-live="off" 
	            	data-ng-messages="changePasswordForm.invalidSubmission && changePasswordForm.oldPassword.$error">
					<div name="oldPassword" required maxlength="512"
						data-ng-model="changePasswordVM.manager.oldPassword" 
						data-ng-model-options="{ updateOn: 'submit'}"
						data-colrs-old-password></div>
	            </div>
            
            	<div class="input-container" aria-live="off"
					data-ng-messages="changePasswordForm.invalidSubmission && changePasswordForm.password.$error">
					<div name="password" required data-ng-maxlength="512" data-ng-minlength="8" data-colrs-password-validator
						data-ng-model="changePasswordVM.manager.newPassword" 
						data-ng-model-options="{ updateOn: 'submit'}"
						data-colrs-password ></div>
            	</div>
            
	            <button type="submit" class="button button-dark form-field-button">
	            	Save new password
	            </button>
	            <a href="#" class="secondary-cta" data-ng-click="changePasswordVM.goBack($event)" data-colrs-trap-last>
	                Cancel
	            </a>
        	</form>
    	</div>
    </div>
    <span class="accessibility" tabindex="-1">
    	End of pop up dialog box
    </span>
</div>
 

</script>

<script type="text/ng-template" id="/online/COLRSLoginSuccessModalTemplate?storeId=20201&amp;langId=-1&amp;requesttype=ajax">
	

<div id="login-success-dialog" class="colrs-animate popup popup-general is-open ng-enter" tabindex="-1" aria-hidden="false" 
 data-colrs-login-success-modal data-colrs-trap-focus>	
	<span class="accessibility" tabindex="-1"> 
		Start of pop up dialog box
	</span>
	<div class="popup-inside">
		<div class="popup-header" data-transclude-id="head">
            <div id="login-success-dialog-title" tabindex="-1" data-ng-if="::!logonSuccessVM.a11yMessage" data-colrs-trap-initial data-colrs-trap-first>
                <span class="accessibility">
                	Pop up box displayed Login successful
				</span>
            </div>
            <div id="login-success-dialog-title" tabindex="-1" data-ng-if="::logonSuccessVM.a11yMessage">
                <span class="accessibility">
                	Pop up box displayed Login successful
				</span>
            </div>   
			<svg focusable="false" class="coles-logo" role="presentation" aria-hidden="true">
                <use xmlns:xlink="http://www.w3.org/1999/xlink" xlink:href="#coles-logo"></use>
            </svg>
            <h1 class="dialogbox-start accessibility">
                <span data-ng-if="::!logonSuccessVM.externalAddResponse.addedCount">
                	Welcome Back {{::logonSuccessVM.userVm.user.customerDetails.firstName}}
				</span>
				<span data-ng-if="::logonSuccessVM.externalAddResponse.addedCount">
                	All done {{::logonSuccessVM.userVm.user.customerDetails.firstName}}
				</span>
            </h1>
            <div class="close">
                <a href="#" class="popup-close" title="Close this pop up dialog box" data-ng-click="close()">
                    <svg focusable="false" class="icon icon-cross" role="presentation" aria-hidden="true">
                        <use xmlns:xlink="http://www.w3.org/1999/xlink" xlink:href="#icon-cross"></use>
                    </svg>
                </a>
            </div>
        </div>
        <div class="popup-body">
        	<div id="colrs-sw-prodl-login-overlay-no-products-dir" mbox
				data-mboxname="colrs-sw-prodl-login-overlay-no-products" class="mboxDefault"
				data-ng-if="::!logonSuccessVM.isAddProduct">
			
			</div>
			<div id="colrs-sw-prodl-login-overlay-with-products-dir" mbox
				data-mboxname="colrs-sw-prodl-login-overlay-with-products" class="mboxDefault"
				data-ng-if="::logonSuccessVM.isAddProduct">
			
			</div>
            <div class="popup-body-header">
                <h2 class="popup-title" aria-hidden="true">
                	<strong data-ng-if="::!logonSuccessVM.externalAddResponse.addedCount">Welcome Back!</strong>
                	<strong data-ng-if="::logonSuccessVM.externalAddResponse.addedCount">All Done!</strong>
                </h2>
            </div>
            <div class="popup-content">
                <span class="confirmation-info">
                    <span class="item confirmation-success">
                        <span class="icon-container">
                            <span class="tick-container">
                                <svg focusable="false" class="icon icon-roundedtick" role="presentation" aria-hidden="true">
                                    <use xmlns:xlink="http://www.w3.org/1999/xlink" xlink:href="#icon-roundedtick"></use>
                                </svg>
                            </span>
                        </span>
                        <span class="item-label">
                        	You have been logged in as {{::logonSuccessVM.userVm.user.customerDetails.fullName}}
                        </span>
                    </span>
					<span class="item product-item" data-ng-if="logonSuccessVM.product">
						<span class="icon-container">
							<img alt="" data-ng-src="{{::logonSuccessVM.product.thumbnail}}" data-colrs-default-product-image>
							<div class="icon-na" data-ng-if="logonSuccessVM.product.added">
								<svg focusable="false" class="icon" role="presentation" aria-hidden="true">
	                                <use xmlns:xlink="http://www.w3.org/1999/xlink" xlink:href="#icon-success"></use>
	                            </svg>
                            </div>
                            <div class="icon-na" data-ng-if="::!logonSuccessVM.product.added">
								<svg focusable="false" class="icon" role="presentation" aria-hidden="true">
	                                <use xmlns:xlink="http://www.w3.org/1999/xlink" xlink:href="#icon-not-available"></use>
	                            </svg>
                            </div>
						</span>
						<span role="text" class="item-label" aria-hidden="true">
							<strong>{{::logonSuccessVM.product.displayText}}</strong> 
							{{::logonSuccessVM.message}}
						</span>
					</span>
					<span class="item confirmation-success" data-ng-if="::logonSuccessVM.externalAddResponse.addedCount > 1">
                        <span class="icon-container">
                            <span class="tick-container">
                                <svg focusable="false" class="icon icon-roundedtick" role="presentation" aria-hidden="true">
                                    <use xmlns:xlink="http://www.w3.org/1999/xlink" xlink:href="#icon-roundedtick"></use>
                                </svg>
                            </span>
                        </span>
                        <span class="item-label" aria-hidden="true">
                        	{{::logonSuccessVM.externalAddResponse.addedMessage}}
                        </span>
                    </span>
                    <span class="item confirmation-failure" data-ng-if="::logonSuccessVM.externalAddResponse.notAddedCount">
                        <span class="icon-container">
                            <svg focusable="false" class="icon icon-not-available" role="presentation" aria-hidden="true">
							    <use xmlns:xlink="http://www.w3.org/1999/xlink" xlink:href="#icon-not-available"></use>
							</svg>
                        </span>
                        <span class="item-label" aria-hidden="true">
                        	{{::logonSuccessVM.externalAddResponse.notAddedMessage}}
                        </span>
                    </span>
					<span class="accessibility" data-ng-if="::logonSuccessVM.a11yMessage" data-colrs-trap-initial>
                    	You have been logged in as {{::logonSuccessVM.userVm.user.customerDetails.fullName}}
                    	{{::logonSuccessVM.a11yMessage}}
                    </span>
					
					<div id="login-espot-container">
						<dynamic-espot-content />
					</div>
					
                </span>
            </div>
        </div>
        <div class="popup-footer">
            <button class="button button-dark float-right" data-ng-if="::!logonSuccessVM.externalAddResponse.addedCount" data-ng-click="close()" data-colrs-trap-last>
            	Continue shopping
            </button>
            <button class="button button-dark float-right" data-ng-if="::logonSuccessVM.externalAddResponse.addedCount" data-ng-click="logonSuccessVM.openTrolley()" data-colrs-trap-last>
            	View trolley
            </button>
        </div>
    </div>
    <span class="accessibility" tabindex="-1">
		End of pop up dialog box
	</span>
</div>


</script>

<script type="text/ng-template" id="/online/COLRSLoginFailedSuperbarTemplate?storeId=20201&amp;langId=-1&amp;requesttype=ajax">
	

<div class="view view-default colrs-animate is-warning ng-enter" tabindex="-1" data-colrs-drawer-login-failed data-colrs-trap-focus>
	<span class="accessibility" tabindex="-1"> 
		Start of pop up dialog box
	</span>
	<div class="draw-content-body">
   		<div class="draw-warning">
        	<div class="warning-content">
				<svg focusable="false" class="icon icon-alert" role="presentation" aria-hidden="true">
					<use xlink:href="#icon-alert"/>
				</svg>

				<div role="text" tabindex="-1" data-colrs-trap-initial data-colrs-trap-first>
					<p class="warning-title">
						There was a problem logging you in
					</p>
					<p class="warning-title secondary" data-ng-bind-html="::errorText" ></p>
				</div>
	            <button class="button button-dark" data-ng-click="drawerLogonVM.backToLogin($event)">
	            	Try Again
	   			</button>
				<a href="#" class="secondary-cta" data-ng-click="drawerLogonVM.gotoHome($event)" data-colrs-trap-last>
					Return to homepage
     			</a>
     		</div>
 		</div>
	</div>
    
    <span class="accessibility" tabindex="-1">
    	End of pop up dialog box
    </span>
</div>


</script>

<script type="text/ng-template" id="/online/COLRSLoadingSuperbarTemplate?storeId=20201&amp;langId=-1&amp;requesttype=ajax">
	

<div class="view view-progress colrs-animate ng-enter" tabindex="-1" data-ng-class="{'is-warning':loader.errored, 'is-success':loader.successful}" data-colrs-trap-focus>
    <div class="draw-content-scroll" data-colrs-superbar-loading>
        <a href="#" class="hidden-close-popup focus-outline" tabindex="-1">
        	<span role="text"><span class="accessibility-inline">{{::loader.copy}}</span> Close this pop up dialog box.</span>
        </a>	
        <div class="draw-content-body" tabindex="-1">
        	<div class="draw-warning">
	            <div class="warning-content">
	            	<div data-colrs-preloader data-size="medium" data-ng-class="is-active" data-is-animating="true"></div>
					<div class="icon-container" data-ng-if="!loader.loading" data-ng-class="{'icon-warning':loader.errored, 'icon-success':loader.successful}">
	                    <svg focusable="false" class="icon {{loader.icon}}" role="presentation" aria-hidden="true">
							<use xlink:href="" data-ng-attr-xlink:href="{{'#'+loader.icon}}"/>
						</svg>
	                </div>
	                
	                <p class="warning-title" data-colrs-trap-initial data-colrs-trap-first data-colrs-trap-last>
	                	{{::loader.copy}}<span aria-hidden="true">...</span><span class="accessibility-inline">This may take a few seconds</span>
	                </p>
	            </div>
	        </div>
        </div>
    </div>
    <span class="accessibility" tabindex="-1">
    	End of pop up dialog box
    </span>
</div>


</script>

<script type="text/ng-template" id="/online/COLRSRegisterFormSuperbarTemplate?storeId=20201&amp;langId=-1&amp;requesttype=ajax">
	
<div class="view view-login-register view-signup colrs-animate ng-enter" tabindex="-1" data-colrs-register-user data-colrs-trap-focus>
	<span class="accessibility" tabindex="-1"> 
		Start of pop up dialog box
	</span>
	<p class="accessibility" tabindex="-1" data-colrs-trap-initial data-colrs-trap-first>
		Pop up box displayed Sign up
	</p>
	<div class="draw-content-scroll">
		<div id="colrs-sw-prodl-register-step1-scroll-dir" mbox
			data-mboxname="colrs-sw-prodl-register-step1-scroll" class="mboxDefault">
		</div>
		<div class="draw-content-header"> 
			<h1 class="heading">Sign up</h1>
			<a href="#" class="hidden-close-draw focus-outline" data-ng-click="close()">
				Close this pop up dialog box
			</a>
			
<div style="display:none" aria-hidden="true">[[RS_SIGNUP_CONTENT]]</div>

		</div>
		<div class="draw-content-body">
			<form class="register-form" name="registerUserForm" method="post" autocomplete="off" autocorrect="off" autocapitalize="off"
					data-colrs-submit-if-valid="registerUserVM.next($event)" data-business-user-reset novalidate>
				<div data-ng-if="registerUserForm.$submitted && registerUserForm.$invalid && registerUserForm.invalidSubmission"
					data-colrs-validation-messages></div>
				<span class="req-field-desc">
                    All fields are mandatory unless marked optional
                </span>
				<fieldset>
					
					<div class="input-container" aria-live="off"
							data-ng-messages="registerUserForm.$submitted && registerUserForm.firstName.$error">
						<label for="first-name-input" class="form-field-label">
							Given name
						</label> 
					   	<span id="first-name-error" class="colrs-animate form-field-error-message" data-ng-message="required">
							Please enter a given name
						</span>
						<span id="first-name-error" class="colrs-animate form-field-error-message" data-ng-message="maxlength">
							Please ensure the given name is 31 characters or less
						</span>
						<span id="first-name-error" class="colrs-animate form-field-error-message" data-ng-message="colrsNameRegex">
							Please remove these characters from the given name {{registerUserForm.firstName.errorProps.colrsNameRegex}}
						</span> 
						<input type="text" id="first-name-input" class="form-field-input" name="firstName" 
							aria-describedby="first-name-error" required maxlength="31" data-colrs-name-regex
							data-ng-model="registerUserVM.manager.userDetails.firstName" data-ng-model-options="{ updateOn: 'default'}" />
					</div>
					
					<div class="input-container plain" aria-live="off"
							data-ng-messages="registerUserForm.$submitted && registerUserForm.lastName.$error">
						<label for="last-name-input" class="form-field-label">
							Family name
						</label> 
						<span id="last-name-error" class="colrs-animate form-field-error-message" data-ng-message="required">
							Please enter a family name
						</span>
						<span id="last-name-error" class="colrs-animate form-field-error-message" data-ng-message="maxlength">
							Please ensure the family name is 31 characters or less
						</span>
						<span id="last-name-error" class="colrs-animate form-field-error-message" data-ng-message="colrsNameRegex">
							Please remove these characters from the family name {{registerUserForm.lastName.errorProps.colrsNameRegex}}
						</span> 
						<input type="text" id="last-name-input" class="form-field-input" name="lastName" 
							aria-describedby="last-name-error" required maxlength="31" data-colrs-name-regex
							data-ng-model="registerUserVM.manager.userDetails.lastName" data-ng-model-options="{ updateOn: 'default'}" />
					</div>
					
					<div class="input-container business-registration">
						
						<div class="checkbox-container is-plain">
							<input type="checkbox" id="business-registration" name="business-registration" 
								value="I'm shopping on behalf of a business"
								data-ng-model="registerUserVM.manager.userDetails.isBusinessUser"
								data-ng-change="registerUserVM.clearBusinessDetails()">
							<span class="form-field-checkbox-mask"></span>
							<label for="business-registration" class="form-field-checkbox-label">
								<span>I'm shopping on behalf of a business</span>
								<span class="wb-label-sub-copy">Dedicated business customer support</span>
							</label>
						</div>
						<div class="colrs-animate business-details" data-ng-if="registerUserVM.manager.userDetails.isBusinessUser">
							
							<div class="input-container plain" aria-live="off"
									data-ng-messages="registerUserForm.invalidSubmission && registerUserForm.businessName.$error">
								<label for="business-name" class="form-field-label">
									Your business name
								</label> 
								<span id="business-name-error" class="colrs-animate form-field-error-message" data-ng-message="required">
									Please enter a business name
								</span>
								<span id="business-name-error" class="colrs-animate form-field-error-message" data-ng-message="maxlength">
									Please ensure the business name is 128 characters or less
								</span>
								<span id="business-name-error" class="colrs-animate form-field-error-message" data-ng-message="colrsBusinessNameRegex">
									Please remove these characters from the business name {{registerUserForm.businessName.errorProps.colrsBusinessNameRegex}}
								</span> 
								<input id="business-name" class="form-field-input" type="text" name="businessName" 
									aria-describedby="business-name-error" required maxlength="128" data-colrs-business-name-regex 
									data-ng-model="registerUserVM.manager.businessDetails.businessName" data-ng-model-options="{ updateOn: 'submit'}" aria-invalid="{{!registerUserVM.manager.businessDetails.businessName ? false : true}}"/>
							</div>
							
							<div class="input-container plain" aria-live="off"
									data-ng-messages="registerUserForm.invalidSubmission && registerUserForm.abn.$error">
								<label for="business-abn" class="form-field-label">
									Your ABN
								</label> 
								<span id="business-abn-error" class="colrs-animate form-field-error-message" data-ng-message="required">
									Please enter an ABN
								</span>
								<span id="business-abn-error" class="colrs-animate form-field-error-message" data-ng-message="colrsAbnValidator">
									Please enter a valid ABN
								</span>  
								<input type="number" pattern="\d*" id="business-abn" class="form-field-input" name="abn" aria-invalid="{{!registerUserForm.abn.$error && registerUserForm.abn.$error.colrsAbnValidator}}"
									aria-describedby="business-abn-error" required data-colrs-abn-validator
									data-ng-model="registerUserVM.manager.businessDetails.abn" data-ng-model-options="{ updateOn: 'submit'}" />
							</div>
							
							<div class="input-container plain" aria-live="off"
									data-ng-messages="registerUserForm.invalidSubmission && registerUserForm.industry.$error">
								<label for="industry-type" class="form-field-label">
									Your industry
								</label>
								<span id="industry-type-error" class="colrs-animate form-field-error-message" data-ng-message="required">
									Please select the industry of your business
								</span>
								<span class="form-field-dropdown-list-mask">
									<select id="industry-type" class="form-field-dropdown" name="industry" required  aria-describedby="industry-type-error"
											data-ng-model="registerUserVM.manager.businessDetails.industry" data-ng-model-options="{ updateOn: 'submit'}" >
										<option value="">
											Please select...
										</option>
										
											<option value="Aged Care">
												Aged Care
											</option>
										
											<option value="Childcare">
												Childcare
											</option>
										
											<option value="Clubs / Associations">
												Clubs / Associations
											</option>
										
											<option value="Construction / Property Development / Real Estate">
												Construction / Property Development / Real Estate
											</option>
										
											<option value="Disability">
												Disability
											</option>
										
											<option value="Recreation / Leisure / Entertainment">
												Recreation / Leisure / Entertainment
											</option>
										
											<option value="Environmental">
												Environmental
											</option>
										
											<option value="Events / Festivals">
												Events / Festivals
											</option>
										
											<option value="Financial / Banking">
												Financial / Banking
											</option>
										
											<option value="Food &amp; Beverage">
												Food &amp; Beverage
											</option>
										
											<option value="Government / Councils">
												Government / Councils
											</option>
										
											<option value="Home Business">
												Home Business
											</option>
										
											<option value="Health &amp; Medical">
												Health &amp; Medical
											</option>
										
											<option value="Hotels / Tourism">
												Hotels / Tourism
											</option>
										
											<option value="Legal">
												Legal
											</option>
										
											<option value="Mining / Engineering">
												Mining / Engineering
											</option>
										
											<option value="Machinery / Manufacturing">
												Machinery / Manufacturing
											</option>
										
											<option value="Marketing / Advertising / PR / Media">
												Marketing / Advertising / PR / Media
											</option>
										
											<option value="Not for Profit">
												Not for Profit
											</option>
										
											<option value="Professional Services">
												Professional Services
											</option>
										
											<option value="Recreation">
												Recreation
											</option>
										
											<option value="Retail / Wholesalers / Distributors">
												Retail / Wholesalers / Distributors
											</option>
										
											<option value="Schools">
												Schools
											</option>
										
											<option value="Shipping / Marine">
												Shipping / Marine
											</option>
										
											<option value="Technology / Communications">
												Technology / Communications
											</option>
										
											<option value="Trade Services">
												Trade Services
											</option>
										
											<option value="Transportation">
												Transportation
											</option>
										
											<option value="Utilities">
												Utilities
											</option>
										
											<option value="Other">
												Other
											</option>
										
											<option value="Rather not say">
												Rather not say
											</option>
										
									</select>
								</span>
							</div>
						</div>
					</div>
				</fieldset>
				
				<div class="input-container dates" name="dob" aria-live="off" data-date-restriction="future"
						data-label="Date of birth" data-colrs-date-picker 
						data-ng-model="registerUserVM.manager.userDetails.dob" data-ng-model-options="{ updateOn: 'default'}" 
						data-ng-messages="registerUserForm.$submitted && registerUserForm.dob.$error" >
					<span id="dob-validation" class="colrs-animate form-field-error-message" data-ng-message="date, dateNotInFuture" >
						Please enter a valid date of birth
					</span>
				</div>
				
				<div class="input-container" aria-live="off"
						data-ng-messages="registerUserForm.$submitted && registerUserForm.email.$error">
					<label for="email" class="form-field-label">
						Email
					</label> 
					<span id="email-error" class="colrs-animate form-field-error-message" data-ng-message="required">
						Please enter an email address
					</span>
					<span id="email-error" class="colrs-animate form-field-error-message" data-ng-message="maxlength">
						Please ensure the email is 50 characters or less
					</span>
					<span id="email-error" class="colrs-animate form-field-error-message" data-ng-message="colrsEmailRegex">
						Please enter a valid email address
					</span> 
					<input type="email" id="email" class="form-field-input" name="email" 
						aria-describedby="email-error" required maxlength="50" data-colrs-email-regex
						data-ng-model="registerUserVM.manager.userDetails.email1" data-ng-model-options="{ updateOn: 'default'}" />
				</div>
				
				<div class="input-container" aria-live="off"
						data-ng-messages="registerUserForm.$submitted && registerUserForm.password.$error"> 
					<div name="password" required maxlength="512" minlength="8" data-colrs-password data-colrs-password-validator 
						data-ng-model="registerUserVM.manager.userDetails.password" data-ng-model-options="{ updateOn: 'submit'}">
					</div>
				</div>
				
				<div class="input-container">
					<div class="checkbox-container is-plain">
						<input type="checkbox" id="keep-me-updated" name="keep-me-updated" 
							value="Keep me up to date on special offers, products, promotions and news"
							data-ng-model="registerUserVM.manager.userDetails.edmFlag" data-ng-model-options="{ updateOn: 'submit'}" />
						<span class="form-field-checkbox-mask"></span>
						<label for="keep-me-updated" class="form-field-checkbox-label">
							Keep me up to date on special offers, products, promotions and news
						</label>
					</div>
				</div>
				<a href="#" data-ng-click="registerUserVM.skipToPrivacyPolicy()" class="hidden-close-popup focus-outline inline-skiplink skip-to-privacy" tabindex="0">
                    Skip to privacy policy
                </a>
				<button id="continue-btn" class="button button-dark form-field-button">
					Continue
				</button>
			</form>
			<div class="redirect">
				<a href="#" data-ng-click="registerUserVM.navigateToLoginForm()">
					Shopped with us before? Log in instead
				</a>
			</div>
			<div class="footnote" data-colrs-enhance-links>
				<h4 id="register_privacy_policy" tabindex="-1" class="inline">Privacy policy </h4>
				We are collecting your personal information so you can use our online grocery ordering service. <a href="https://www.coles.com.au/privacy" target="_blank"><span role="text">Our privacy policy <span class="accessibility-inline">link will open in a new window</span></span></a> <span role="text">explains how we use your information and how you can access and/or correct it. <strong> We will not disclose the information you've provided </strong> unless required or authorised by law, or in accordance with</span> <a href="https://www.coles.com.au/privacy" target="_blank"><span role="text">our privacy policy <span class="accessibility-inline">link will open in a new window</span></span>.</a> <span role="text"><strong>Questions or concerns? </strong> Contact</span> <a href="mailto:privacy@coles.com.au" target="_self">privacy@coles.com.au</a> or 1800 455 400.
			</div>
			<a href="#" data-ng-click="registerUserVM.skipToContinue()" class="hidden-close-popup focus-outline inline-skiplink" data-colrs-trap-last>
                Return to Continue
            </a>
		</div>
	</div>
	<span class="accessibility" tabindex="-1">
    	End of pop up dialog box
    </span>
</div>

</script>

<script type="text/ng-template" id="/online/COLRSDatePickerTemplate?storeId=20201&amp;langId=-1&amp;requesttype=ajax">
	

<fieldset> 
	<div class="form-wrapper form-field-dob"> 
		<legend class="heading" data-ng-if="datePickerVM.label" data-ng-class="{'accessibility-inline': datePickerVM.specialcssclass}">
			<span role="text">
				<span data-ng-bind="::datePickerVM.label"></span>
				<span class="optional" data-ng-if="!datePickerVM.isRequired">(optional)</span>
			</span>
		</legend>
		<span data-ng-transclude></span>
		<!-- Day -->
		<div class="input-container day">
			<label for="day" class="form-field-label">
				Day
			</label>
			<input type="text" id="day" class="form-field-input" name="day" maxlength="2" pattern="[0-9]*" aria-describedby="dob-validation"
				data-ng-class="{'is-error': datePickerVM.form.$submitted && !datePickerVM.form.dob.$valid}"
				data-ng-model="datePickerVM.day" data-ng-model-options="{ updateOn: 'blur' }">
		</div>
				 
		<!-- Month -->
		<div class="input-container month">
		 	<label id="lblMonth" for="month" class="form-field-label">
				Month
			</label>
			<span class="form-field-dropdown-list-mask">
				<select id="month" class="form-field-dropdown" name="month" aria-describedby="dob-validation"
					data-ng-class="{'is-error': datePickerVM.form.$submitted && !datePickerVM.form.dob.$valid}"
					data-ng-model="datePickerVM.month" data-ng-options="month for month in datePickerVM.MONTHS track by month" >
				</select>
			</span>
		</div>
				 
		<!-- Year -->
		<div class="input-container year">
			<label id="lblYear" for="year" class="form-field-label">
				Year
			</label>
			<input type="text" id="year" class="form-field-input" name="year" maxlength="4" pattern="[0-9]*" aria-describedby="dob-validation"
				data-ng-class="{'is-error': datePickerVM.form.$submitted && !datePickerVM.form.dob.$valid}"
				data-ng-model="datePickerVM.year" data-ng-model-options="{ updateOn: 'blur' }">
		</div>
	</div>
</fieldset>


</script>

<script type="text/ng-template" id="/online/COLRSPromoCodeTemplate?storeId=20201&amp;langId=-1&amp;requesttype=ajax">
	
<form id="promoCodeForm" name="promoCodeForm" action="javascript:void(0)" method="post"
		data-colrs-submit-if-valid="promoCodeVM.applyPromoCode($event, promoCodeVM.promocode)" novalidate>
	<div class="input-container" aria-live="off"
			data-ng-messages="promoCodeForm.invalidSubmission && promoCodeForm.promocode.$error">
		<label for="promo-code-input" class="form-field-label">
			Promo code
		</label>
		<span id="promo-code-input-hint" class="field-hint">
			Promo codes are case sensitive
		</span>
		<span id="promo-code-input-error" class="form-field-error-message" data-ng-message="required">
			Please enter a valid promo code
		</span>
		<span id="promo-code-input-error" class="form-field-error-message" data-ng-message="colrsPromoCodeValidator">
			The promo code should not contain the following invalid characters ({{promoCodeForm.promocode.errorProps.colrsPromoCodeValidator}})
		</span>
		<span id="promo-code-input-error" class="form-field-error-message" data-ng-if="promoCodeVM.hasServerError"
			data-ng-bind="promoCodeVM.serverErrorMessage">
		</span>
		<input type="text" id="promo-code-input" class="form-field-input" name="promocode" 
			aria-describedby="promo-code-input-hint promo-code-input-error" required data-colrs-promo-code-validator
			autocomplete="off" autocorrect="off" autocapitalize="off" style="text-transform: uppercase"
			data-ng-model="promoCodeVM.promocode" data-ng-model-options="{updateOn: 'submit'}">
	</div>
	<p>
		<button class="button button-dark button-large" data-ng-if="!promoCodeVM.submittingPromoCode">
			<strong>Apply<span class="accessibility-inline"> promo code</span></strong>
		</button>
		<button class="button button-dark button-large" aria-hidden="true" data-ng-if="promoCodeVM.submittingPromoCode" data-ng-disabled="promoCodeVM.submittingPromoCode">
			<strong>Apply<span class="accessibility-inline"> promo code</span></strong>
			<div id="preloader-small-1" class="preloaderContainer colrs-animate dark mini is-active">
				<svg focusable="false" class="preloader" role="presentation" aria-hidden="true"
        				version="1.1" xmlns="http://www.w3.org/2000/svg" xmlns:xlink="http://www.w3.org/1999/xlink" xml:space="preserve" viewBox="0 0 80 80">
					<circle class="circleBG" r="35" cx="40" cy="40" fill="transparent"></circle>
					<circle class="circleStroke" r="35" cx="40" cy="40" fill="transparent" stroke-dasharray="565.48" stroke-dashoffset="565.48"></circle>
				</svg>
			</div>
		</button>
		<a href="#" data-ng-click="promoCodeVM.cancel()" class="cancel-promo-code-entry">
			Cancel
		</a>
	</p>
</form>

</script>

<script type="text/ng-template" id="/online/COLRSFlybuysInputTemplate?storeId=20201&amp;langId=-1&amp;requesttype=ajax">
	

<fieldset> 
	<div class="form-field-row">
		<legend class="accessibility-inline" data-ng-if="flybuysInputVM.label" 
			data-ng-bind="::flybuysInputVM.label"></legend>
		<span id="flybuys-validation" class="colrs-animate form-field-error-message" tabindex="-1" 
			data-ng-message="required, flybuysNumber" >
			Please enter a valid flybuys number
		</span>
		<ng-transclude ></ng-transclude>
		
		
		<label for="field1" class="accessibility-inline">
			flybuys number first four digits 6008 edit unavailable
		</label>
		<input type="text" id="field1" class="form-field-input" name="field1"
			readonly="true" aria-readonly="true" aria-hidden="false" aria-describedby="flybuys-validation"
			data-ng-model="flybuysInputVM.field1" />							
		
		
		<label for="field2" class="accessibility-inline">
			Enter the next four digits of your flybuys number
		</label>
		<input type="text" id="field2" class="form-field-input" name="field2" maxlength="4" pattern="[0-9]*" aria-describedby="flybuys-validation"
			data-ng-model="flybuysInputVM.field2" data-ng-model-options="{ updateOn: 'blur' }"/>
		
		
		<label for="field3" class="accessibility-inline">
			Enter the next four digits of your flybuys number 
		</label>
		<input type="text" id="field3" class="form-field-input" name="field3" maxlength="4" pattern="[0-9]*" aria-describedby="flybuys-validation"
			data-ng-model="flybuysInputVM.field3" data-ng-model-options="{ updateOn: 'blur' }"/>
		
		
		<label for="field4" class="accessibility-inline">
			Enter the last four digits of your flybuys number
		</label>
		<input type="text" id="field4" class="form-field-input" name="field4" maxlength="4" pattern="[0-9]*" aria-describedby="flybuys-validation"
			data-ng-model="flybuysInputVM.field4" data-ng-model-options="{ updateOn: 'blur' }"/>
	</div>
</fieldset>


</script>
<script type="text/ng-template" id="/online/COLRSPasswordSpectrumTemplate?storeId=20201&amp;langId=-1&amp;requesttype=ajax">
	
<div class="password-spectrum-container">
 	<div  data-ng-repeat="anSpectrumBar in passwordSpectrumVM.spectrumBarObjects" class="password-spectrum">
 		<div data-ng-if="anSpectrumBar.visible" data-ng-class="{'password-spectrum-strong-active':anSpectrumBar.strong,
 																'password-spectrum-ok-active':anSpectrumBar.moderate,
 																'password-spectrum-weak-active':anSpectrumBar.weak,
 																'password-spectrum-no-animate':anSpectrumBar.noAnima,
 																'password-spectrum-add-animate':anSpectrumBar.addAnima,
 																'password-spectrum-inactive':anSpectrumBar.inactive,
 																'password-spectrum-active':anSpectrumBar.active}"></div>
 	</div>
</div>

<div id="pwdStrengthTxt" class="password-spectrum-label">
	<data-password-spectrum-label data-ng-if="passwordSpectrumVM.active" aria-live="polite"/>
</div>
<div aria-hidden="true" data-ng-if="passwordSpectrumVM.active">
	<strong>{{passwordSpectrumVM.labelText}}</strong>
</div>

</script>

<script type="text/ng-template" id="/online/COLRSPasswordSpectrumLabelTemplate?storeId=20201&amp;langId=-1&amp;requesttype=ajax">
	<span class="accessibility-inline">Password strength is {{spectrumLabelVM.label}}</span>
</script>

<script type="text/ng-template" id="/online/COLRSProductStaticRatingTemplate?storeId=20201&amp;langId=-1&amp;requesttype=ajax">
	
	<data-colrs-product-rating-star-display 
		data-ng-repeat="rating in productStaticRatingVM.ratings track by $index" 
		data-rating="rating"
		data-sku="productStaticRatingVM.partNumber">
	</data-colrs-product-rating-star-display>

</script>

<script type="text/ng-template" id="/online/COLRSPasswordInputTemplate?storeId=20201&amp;langId=-1&amp;requesttype=ajax">
	

<label for="password-input" class="form-field-label" data-ng-hide="passwordVM.showPassword">
	Your new password
</label>
<label for="password-input-txt" class="form-field-label" data-ng-show="passwordVM.showPassword">
	Your new password
</label>

<span role="text" id="password-input-hint" class="field-hint">
	<span class="accessibility-inline">
		Your password must be minimum 8 characters long with at least one number
	</span>	

</span>
<span aria-hidden="true">At least 8 characters long and one number</span>

<span id="password-input-error" class="colrs-animate form-field-error-message" data-ng-message="required" >
	Please enter your new password
</span>
<span id="password-input-error" class="colrs-animate form-field-error-message" data-ng-message="minlength" >
	Please ensure the password is at least 8 characters long
</span>
<span id="password-input-error" class="colrs-animate form-field-error-message" data-ng-message="maxlength" >
	Password is too long, please choose a different password
</span>
<span id="password-input-error" class="colrs-animate form-field-error-message" data-ng-message="colrsPasswordMinAlphaChar" >
	Please ensure the password contains at least one letter
</span>
<span id="password-input-error" class="colrs-animate form-field-error-message" data-ng-message="colrsPasswordMinNumericChar" >
	Please ensure the password contains at least one number
</span>
<span id="password-input-error" class="colrs-animate form-field-error-message" data-ng-message="colrsPasswordMaxRepeatedChar" >
	This password cannot be used. Passwords should be unique and not contain easily guessed details or sequences
</span> 
<span id="password-input-error" class="colrs-animate form-field-error-message" data-ng-message="colrsPasswordMaxRepeatedCharAcross" >
	This password cannot be used. Passwords should be unique and not contain easily guessed details or sequences
</span>
<span id="password-input-error" class="colrs-animate form-field-error-message" data-ng-message="colrsPasswordScoredBelowZero" >
	Please choose a different password
</span> 

<div ng-class="passwordVM.pwdInputContainerStyle" class="password-field">
	<input  ng-blur="passwordVM.onPwdBlur()" ng-focus="passwordVM.onPwdFocus()" type="{{passwordVM.passwordInputType}}" id="password-input" class="form-field-input" name="password-input" 
		required aria-describedby="password-input-error password-input-hint" 
		data-ng-model="passwordVM.password" 
		data-ng-model-options="{ updateOn: 'default',debounce:{default:300} }" 
		data-ng-trim="false"/>
		<a class="pwd-visible-btn" ng-click="passwordVM.togglePasswordVisibility()">
			<svg class="password-eye-icon" focusable="false" aria-hidden="true" data-ng-if="passwordVM.passwordInputType == 'text'">
				<use xmlns:xlink="http://www.w3.org/1999/xlink" xlink:href="#iconEyeOpen"></use>
			</svg>
			<svg class="password-eye-icon" focusable="false" aria-hidden="true" data-ng-if="passwordVM.passwordInputType == 'password'">
				<use xmlns:xlink="http://www.w3.org/1999/xlink" xlink:href="#iconEyeClose"></use>
			</svg>
		</a>
</div>

<data-password-spectrum></data-password-spectrum>

</script>



<script type="text/ng-template" id="/online/COLRSOldPasswordInputTemplate?storeId=20201&amp;langId=-1&amp;requesttype=ajax">
	

<label for="old-password-input" class="form-field-label" data-ng-hide="oldPasswordVM.showPassword">
    Your old password 
</label>
<label for="old-password-input-txt" class="form-field-label" data-ng-show="oldPasswordVM.showPassword">
    Your old password 
</label>

<span id="old-password-input-error" class="colrs-animate form-field-error-message" data-ng-message="required" >
	Please enter your old password
</span>
<div ng-class="oldPasswordVM.pwdInputContainerStyle"  class="password-field">
	<input type="{{oldPasswordVM.passwordInputType}}" id="old-password-input" class="form-field-input" name="old-password-input" 
		required aria-describedby="old-password-input-error"
		data-ng-model="oldPasswordVM.oldPassword"
		data-ng-minlength="7"
		data-ng-model-options="{ updateOn: 'default', debounce:{default:300} }"
		data-ng-trim="false"
		ng-blur="oldPasswordVM.onPwdBlur()" ng-focus="oldPasswordVM.onPwdFocus()" />
		<a class="pwd-visible-btn" ng-click="oldPasswordVM.togglePasswordVisibility()">
			<svg class="password-eye-icon" focusable="false" aria-hidden="true" data-ng-if="oldPasswordVM.passwordInputType == 'text'">
				<use xmlns:xlink="http://www.w3.org/1999/xlink" xlink:href="#iconEyeOpen"></use>
			</svg>
			<svg class="password-eye-icon" focusable="false" aria-hidden="true" data-ng-if="oldPasswordVM.passwordInputType == 'password'">
				<use xmlns:xlink="http://www.w3.org/1999/xlink" xlink:href="#iconEyeClose"></use>
			</svg>
		</a>
</div>



</script>

<script type="text/ng-template" id="/online/COLRSRegisterAddressSuperbarTemplate?storeId=20201&amp;langId=-1&amp;requesttype=ajax">
	

<div class="view view-login-register view-signup-address colrs-animate ng-enter" tabindex="-1" 
	data-colrs-register-address data-colrs-trap-focus>
	<span class="accessibility" tabindex="-1"> 
		Start of pop up dialog box
	</span>
	
	<div class="draw-content-scroll">
		<div id="colrs-sw-prodl-register-step2-scroll-dir" mbox
				data-mboxname="colrs-sw-prodl-register-step2-scroll" class="mboxDefault">
			
		</div>
		<div class="draw-content-header">
			<h1 class="heading" tabindex="-1" data-colrs-trap-initial data-colrs-trap-first>
				Enter an address
			</h1>
			<span class="intro">
				This will help us find your nearest distribution centre.
			</span>
			<a href="#" class="hidden-close-draw focus-outline" data-ng-click="close()" tabindex="0">
				Close this pop up dialog box
			</a>
		</div>

		<div class="draw-content-body">
			<form class="register-address-form" name="registerAddressForm" method="post" autocomplete="off" autocorrect="off" autocapitalize="off"
				data-colrs-submit-if-valid="registerAddressVM.saveAddress()" novalidate>

				<div data-ng-if="registerAddressForm.invalidSubmission && registerAddressForm.$invalid" 
					data-colrs-validation-messages></div>
				
				<span class="req-field-desc">
                	All fields are mandatory unless marked optional
                </span>

				<div data-address-details="registerAddressVM.manager.addressDetails" data-show-delivery-instr="false" 
					data-colrs-address-form></div>
				
				<div class="input-container contact">
					<fieldset>
						<legend class="heading">
							Who can we contact about orders for this address?
						</legend>
						<div class="input-container contact" data-address-contact="registerAddressVM.manager.addressContact" 
							data-colrs-address-contact-form></div>
					</fieldset>
				</div>
				<button class="button button-dark form-field-button" data-colrs-trap-last>
					Continue
				</button>
			</form>

		</div>
	</div>
	
	<span class="accessibility" tabindex="-1">
		End of pop up dialog box
	</span>
</div>


</script>

<script type="text/ng-template" id="/online/COLRSProductZoomImageModalTemplate?storeId=20201&amp;langId=-1&amp;requesttype=ajax">
	

<div id="product-zoom-modal" class="popup popup-general popup-zoom is-open ng-enter" tabindex="-1" aria-hidden="false" data-colrs-zoom-image-modal data-colrs-trap-focus>
	<span class="accessibility" tabindex="-1"> 
		Start of pop up dialog box
	</span>
	<div class="popup-inside">
		<div class="popup-header" data-transclude-id="head">
			<div id="popup-dialog-title" tabindex="-1" data-colrs-trap-initial data-colrs-trap-first>
                <span class="accessibility">
                	Pop up box displayed product image
				</span>
            </div>
            <div class="close">
                <a href="#" class="popup-close" title="Close this pop up dialog box" data-ng-click="close()">
                    <svg focusable="false" class="icon icon-cross" role="presentation" aria-hidden="true">
                        <use xmlns:xlink="http://www.w3.org/1999/xlink" xlink:href="#icon-cross"></use>
                    </svg>
                </a>
            </div>
        </div>
        
        <div class="popup-body">
          	<div class="popup-product-image-container">
          		<img class="popup-product-image" data-colrs-default-product-image data-ng-src="{{data.ZoomImagePath}}" alt="" />
          	</div>
        </div>
        
        <div class="popup-footer">
		    <div class="dialogbox-end" tabindex="-1">
				<span class="accessibility">End of pop up dialog box</span>
			</div>
		</div>
    </div>
   
</div>


</script>

<script type="text/ng-template" id="/online/COLRSDssGuestSuperbarTemplate?storeId=20201&amp;langId=-1&amp;requesttype=ajax">
	

<div class="view view-default view-guest-dss colrs-animate ng-enter" tabindex="-1" data-colrs-guest-dss data-colrs-trap-focus>
	<span class="accessibility" tabindex="-1"> 
		Start of pop up dialog box
	</span>
    <p class="accessibility" tabindex="-1" data-colrs-trap-initial data-colrs-trap-first>
		Pop up box displayed Choosing a delivery time	
	</p>
	<div class="draw-content-scroll">
		<div id="colrs-sw-prodl-guest-dss-scroll-dir" mbox
				data-mboxname="colrs-sw-prodl-guest-dss-scroll" class="mboxDefault">
			
		</div>
		<div class="draw-content-body">
			<div class="draw-warning">
				<div class="warning-content">
					<svg focusable="false" class="icon icon-delivery" role="presentation" aria-hidden="true">
						<use xmlns:xlink="http://www.w3.org/1999/xlink" xlink:href="#icon-delivery"></use>
					</svg>
					
					<h1 class="warning-title">
						Get FREE delivery on your first order!
		           	</h1>
					<a href="#" class="hidden-close-popup focus-outline" data-ng-click="close()">
			        	Close this pop up dialog box
			        </a>
					<a role="button" href="#" class="button button-dark" data-ng-click="guestDssVM.gotoLoginRegister($event)" data-colrs-trap-last>
						View delivery & collection times
					</a>
	        	</div>
	        </div>
	    </div>
    </div>
    <span class="accessibility" tabindex="-1">
    	End of pop up dialog box
    </span>
</div>


</script>

<script type="text/ng-template" id="/online/COLRSCheckout?storeId=20201&amp;langId=-1&amp;requesttype=ajax">
	

<div id="main" class="main">
	<main id="main-content" class="main-content checkout-preparing">
		<div id="main-content-inside" class="main-content-inside" data-colrs-slic-kickoff>
			
			<div data-colrs-preloader data-svg-id="popup-mask-preloader" data-size="large"
				data-is-animating="!slicVM.submittingOrder" data-ng-class="{'checkout-loader' : !slicVM.submittingOrder}"></div>
			<div id="slic-loader" class="preloader-text" role="text" tabindex="-1" data-ng-if="!slicVM.submittingOrder" data-ng-bind-html="slicVM.loaderMessage"></div>

			<div class="main-content-header"></div>
			<div data-ng-if="slicVM.submittingOrder">
				<div class="main-content-body">
					<h1 id="submitting-order" class="intro" tabindex="-1">
						Submitting your order. This could take up to 30 seconds.
					</h1>
					<ul aria-hidden="true"">
						<li class="step is-loading">
							<div class="active" data-colrs-preloader data-svg-id="preloader-small-1" data-size="mini" data-is-animating="slicVM.submittingOrder"></div>
							<div class="loading-success">
								<svg focusable="false" class="icon icon-tick" role="presentation" aria-hidden="true">
                                       <use xmlns:xlink="http://www.w3.org/1999/xlink" xlink:href="#icon-tick"></use>
                                   </svg>
							</div>
							<span>
								Processing
							</span>
						</li>
					</ul>
			 	</div>
			</div>
	 	</div>
	</main>
</div>


</script>

<script type="text/ng-template" id="/online/COLRSTabTemplate?storeId=20201&amp;langId=-1&amp;requesttype=ajax">
	
<a data-ng-href="{{tabControllerVM.getTabLink(tab)}}" id="{{::tab.id}}" aria-label="{{tab.a11yName}}"
		data-ng-click="tabControllerVM.navigateToTab($event, tab.id)" data-ng-class="{'tab-has-items' : !tab.isHideCount}">
  	<svg focusable="false" class="icon" data-ng-class="tab.getIconClass()" data-ng-if="::tab.hasIcon && !tab.isIconFromImageTag" role="presentation" aria-hidden="true">
		<use xlink:href="#icon-specials" data-ng-href="{{'#'+tab.iconClass}}" />
	</svg>
	<img class="icon" data-ng-class="tab.getIconClass()" data-ng-if="::tab.hasIcon && tab.isIconFromImageTag" role="presentation" aria-hidden="true" 
		data-ng-src="{{::tab.iconSrc}}" />
	<span data-colrs-tab-name-display data-tab-name="tab.name" data-tab-short-name="tab.shortName" data-tab-a11y-name="tab.a11yName"></span>	
	<span class="tab-overflow-title-container accessibility-inline">
		<span class="tab-overflow-title tab-{{$index+1}}" data-ng-repeat="tab in tabControllerVM.model.tabs" data-ng-if="tab.isCloseable">
			Opens in place of {{ tabControllerVM.model.tabs[$index]._a11yName }}
		</span>			
	</span>	
	<span class="items-found-wrapper" aria-hidden="true" data-ng-if="!tab.isHideCount && (mainVM.colrsState.isSearchMode() || mainVM.colrsState.isMultiSearchMode())">
		<span class="items-found" data-ng-show="!(tab.isLoading) && (tab.displayCount >= 0)" data-ng-bind="tab.displayCount | number" ></span>
	</span>
	<span class="focus-indicator"></span>
</a>
<ng-transclude></ng-transclude>
</script>
<script type="text/ng-template" id="/online/COLRSTabNameDisplayTemplate?storeId=20201&amp;langId=-1&amp;requesttype=ajax">
	<!-- TODO: Investigate if the below aria-hidden logic is necessary -->
<span class="tab-item-title is-small" data-ng-if="tabNameDisplayVM.tabShortName.length > 0">{{tabNameDisplayVM.tabShortName}}</span>
<span class="tab-item-title">{{tabNameDisplayVM.tabName}}</span>

</script>
<script type="text/ng-template" id="/online/COLRSSpecialtyStoresTemplate?storeId=20201&amp;langId=-1&amp;requesttype=ajax">
	
<div data-ng-if="::splStoresVM.specialtyStoresFound">
	<div data-ng-if="::(!splStoresVM.isSearchMode && !splStoresVM.isMultiSearchMode)">
		<div class="main-content-header">
			<h1 class="heading" id="specialty-stores-home-title" tabindex="-1">
				Shop product selections
			</h1>
			<p class="intro">
				Discover favourites both old and new.
			</p>
		</div>
		
	</div>
	<div data-ng-if="::splStoresVM.isSearchMode || splStoresVM.isMultiSearchMode">
		<div class="main-content-header">
			<h1 class="heading" id="specialty-stores-home-title" tabindex="-1">
				Choose a product selection in which to search for {{::splStoresVM.searchTerm}}
			</h1>
		</div>
		<div class="product product-specialty product-search-result">
			<div class="product-body">
				<h2 class="product-heading" aria-hidden="{{splStoresVM.manager.isMobile}}">
					<svg focusable="false" class="icon icon-search" aria-hidden="true" role="presentation">
						<use xmlns:xlink="http://www.w3.org/1999/xlink" xlink:href="#icon-search"></use>
					</svg>
					<span class="product-name" role="text">
						View all results for 
						<span class="search-term">'{{::splStoresVM.searchTerm}}'</span>
					</span>
				</h2>
				<a class="button button-cta" data-ui-sref='colrs.store.tabs.search.everything.top({searchTerm: "{{::splStoresVM.searchTerm}}"})' data-ng-click="splStoresVM.setupFocus()">
					<span aria-hidden="true" data-ng-if="!splStoresVM.manager.isMobile">View all results</span>
					<span class="accessibility-inline">
						Shop all search results for {{::splStoresVM.searchTerm}}
					</span>
				</a>
			</div>
		</div>
	</div>
	<div data-ng-repeat="store in splStoresVM.manager.specialtyStores" data-specialty-store="store" data-colrs-specialty-store></div>
</div>

</script>
<script type="text/ng-template" id="/online/COLRSSpecialtyStoreTemplate?storeId=20201&amp;langId=-1&amp;requesttype=ajax">
	
<div class="product product-specialty">
	<div class="hero-image-container">
		<div class="image-container">
		<img role="presentation" alt="{{::specialtyStore.description}}"  
					data-ng-src="{{::specialtyStore.image}}" class="hero-image" />
		</div>
		<img role="presentation" aria-hidden="true" data-ng-src="{{::specialtyStore.icon}}" class="icon icon-specialty" />
	</div>
	<div class="product-body">
		<h2 class="product-heading" tabindex="-1" aria-hidden="{{splStoresVM.manager.isMobile}}">
			<span class="product-name" data-ng-bind="::specialtyStore.description"></span>
		</h2>
		<a href="" class="button button-cta" data-ng-click="::specialtyStoreVM.openSpecialtyStore()">
			<span class="" aria-hidden="true" data-ng-if="!splStoresVM.manager.isMobile" data-ng-bind="::specialtyStore.buttonText"></span>
			<span class="accessibility-inline" data-ng-bind="::specialtyStore.buttonA11yText"></span>
		</a>
	</div>
</div>

</script>
<script type="text/ng-template" id="/online/COLRSFlybuysImportSuperbarTemplate?storeId=20201&amp;langId=-1&amp;requesttype=ajax">
	

<div class="view view-flybuys-import colrs-animate ng-enter" tabindex="-1" data-colrs-flybuys-import data-colrs-trap-focus>
	<span class="accessibility" tabindex="-1"> 
		Start of pop up dialog box
	</span>
    <p class="accessibility" tabindex="-1" data-colrs-trap-initial data-colrs-trap-first>
    	Popup box displayed import your flybuys history
    </p>	
    <h1 class="accessibility">
    	Want to spend less time shopping?
    </h1>
   	<a href="#" class="hidden-close-popup focus-outline" data-ng-click="close()">
        Close this pop up dialog box
    </a> 
    <div class="draw-content-body">
        <div class="draw-warning">
            <div class="warning-content">
                <h1 class="warning-title" aria-hidden="true" tabindex="-1">
                	Want to spend less time shopping?
                </h1>
                <img data-ng-src="/wcsstore/ColesResponsiveStorefrontAssetStore/dist/90b2e798691089e2d47e0a69aa96fa34/img/img_flybuys-import.svg" class="image-flybuys-import" alt="" >
                <p class="warning-title secondary" role="text">
                	Shop faster with<strong> flybuys Import</strong>
	           	 	<span class="primary-text" data-ng-bind="flybuysImportVM.infoText"></span>
                </p>
                <button class="button button-dark" data-ng-bind="flybuysImportVM.primaryActionText" 
                	data-ng-click="flybuysImportVM.authWithPersonalDtls()" ></button>
                <a href="#" class="secondary-cta" data-ng-bind="flybuysImportVM.secondaryActionText"
                	data-ng-click="flybuysImportVM.skip()" data-colrs-trap-last></a>
            </div>
        </div>
    </div>
    <span class="accessibility" tabindex="-1">
    	End of pop up dialog box
    </span>
</div>


</script>
<script type="text/ng-template" id="/online/COLRSFlybuysImportPasswordSuperbarTemplate?storeId=20201&amp;langId=-1&amp;requesttype=ajax">
	

<div class="view view-success view-flybuys-login colrs-animate ng-enter" tabindex="-1" data-colrs-flybuys data-colrs-trap-focus>
	<span class="accessibility" tabindex="-1">
		Start of pop up dialog box
	</span>
	<a href="#" class="hidden-close-popup focus-outline" data-ng-click="close()">
	    Close this pop up dialog box
	</a>
    <div class="draw-content-body">
        <div class="draw-warning">
            <div class="warning-content">
            	<form name="flybuysImportForm" method="post" data-ng-submit="flybuysVM.authWithPassword()" novalidate>
	                <div class="input-container" aria-live="off" data-ng-messages="flybuysImportForm.$submitted && flybuysImportForm.password.$error">
						<label for="password-input" class="warning-title form-field-label login-password">
							<span class="secondary">To import items you've bought before</span>enter your flybuys password
						</label>
						
						<span id="flybuys-import-validation" class="colrs-animate form-field-error-message" tabindex="-1" data-ng-message="required" >
							Please enter a flybuys password
						</span>
		            	<input type="password" class="form-field-input" name="password" required aria-invalid="false"
							data-ng-model="flybuysVM.flybuysPwd" data-ng-model-options="{ updateOn: 'submit' }" data-colrs-trap-initial
							aria-describedby="flybuys-import-validation" tabindex="0" data-colrs-trap-first/>
	            	</div>
					<a href='https://www.flybuys.com.au/forgotten-password' class="input-sub-link">
	                    Forgotten your password?
	                </a>	            	
	                <button type="submit" class="button button-dark">
	                	Continue
	                </button>
	                <a class="secondary-cta" href="#" data-colrs-trap-last data-ng-click="flybuysVM.showFlybuysSuccessMessage()">
	                    <span>Continue without importing bought before items</span>
	                </a>
	        	</form>
            </div>
        </div>
    </div>
    <span class="accessibility" tabindex="-1">
    	End of pop up dialog box
    </span>
</div>


</script>

<script type="text/ng-template" id="/online/COLRSProductOptionsTemplate?storeId=20201&amp;langId=-1&amp;requesttype=ajax">
	
<div data-ng-class="{'is-expanded':productOptionsVM.open}" data-ng-if="productOptionsVM.isRegisteredUser">
	<button class="toggle-options button button-plain button-small" aria-expanded ="{{productOptionsVM.open}}"
			data-ng-click="productOptionsVM.toggleDisplay($event)" data-ng-disabled="productOptionsVM.loading"
			data-colrs-page-focus-point="{{'product_options_button'+tile.sequence}}">
		<svg focusable="false" class="icon icon-add-to-list" aria-hidden="true">
			<use xlink:href="#icon-add-to-list"></use>
		</svg>
		<span class="add-to-list-cta">
			Add to list
		</span>
		<span class="accessibility-inline">
			Add or remove {{tile.data.prodA11yHeading}} from a list
		</span>
	</button>
	<div data-colrs-preloader data-size="mini" data-is-animating="productOptionsVM.loading" data-ng-class="{'is-active': productOptionsVM.loading}"></div>
	<div class="product-options lists" data-ng-if="productOptionsVM.open && !productOptionsVM.loading" data-colrs-product-options-list-container>
		<span class="popup-arrow"></span>
		<div class="section"> 
			<h3 class="dropdown-heading" data-colrs-page-focus-point="addRemoveList" tabindex="-1" data-colrs-product-options-list-element data-colrs-product-option-list-heading>			
				<span role="text">
					<span aria-hidden="true">Add</span> <span class="accessibility-inline">Add to or </span><span aria-hidden="true">/</span> remove from a list
				</span>
			</h3>
			<colrs-product-options-list-button class="list-option" data-list-item="item" ng-repeat="item in productOptionsVM.listItems"
				data-action="productOptionsVM.addRemoveFromList(listItem)" data-is-added="item.isAdded">
			</colrs-product-options-list-button>
			<a href="#" data-ng-click="productOptionsVM.addNewList($event)" class="list-option" data-colrs-product-options-list-element 
					data-colrs-page-focus-point="product_option_item_button_add_list">
				<span>Add to a new list<span aria-hidden="true">...</span></span>
			</a>
		</div>
		<div role="presentation" class="section remove" data-ng-if="productOptionsVM.isBoughtBefore">
			<colrs-product-options-list-button class="button-remove" data-list-item="productOptionsVM.boughtBefore"
				data-action="productOptionsVM.addRemoveFromList(listItem)" data-show-complete="false" data-is-added="true">
			</colrs-product-options-list-button>
		</div>
	</div>
</div>

</script>

<script type="text/ng-template" id="/online/COLRSProductOptionsListButtonTemplate?storeId=20201&amp;langId=-1&amp;requesttype=ajax">
	
<button data-colrs-product-options-list-element data-ng-class="{'is-added':(listItem.isAdded && !executing)}" data-colrs-page-focus-point="{{'product_option_item_button'+listItem.list.name}}">
	<span class="list-name" data-ng-bind-html="productOptionControllerVM.msgObject.btnText"></span>
	<svg focusable="false" class="icon icon-success" role="presentation" aria-hidden="true">
        <use xmlns:xlink="http://www.w3.org/1999/xlink" xlink:href="#icon-success"></use>
    </svg>
	<span data-colrs-preloader data-size="micro" data-is-animating="executing" data-ng-class="{'is-active': executing}"></span>
</button>

</script>

<script type="text/ng-template" id="/online/COLRSProductOptionErrorSuperbarTemplate?storeId=20201&amp;langId=-1&amp;requesttype=ajax">
	
<div class="view view-default {{messageVM.cssClass}} colrs-animate ng-enter" tabindex="-1" 
		data-ng-controller="ProductOptionErrorSuperbarController as messageVM" data-colrs-trap-focus>
	<span class="accessibility" tabindex="-1"> 
		Start of pop up dialog box
	</span>
	<div class="draw-content-body">
		<div class="draw-warning">
			<div class="warning-content">
				<svg focusable="false" class="icon {{messageVM.icon}}" role="presentation" aria-hidden="true">
                    <use xmlns:xlink="http://www.w3.org/1999/xlink" data-ng-attr-xlink:href="{{'#'+messageVM.icon}}" xlink:href=""></use>
                </svg>
                <div role="text">
	                <p tabindex="-1" data-colrs-trap-initial data-colrs-trap-first>
	                	<span class="accessibility-inline">
							Pop up box displayed&nbsp;
						</span>
						<span class="warning-title" data-ng-if="messageVM.primaryText" 
		                	data-ng-bind-html="messageVM.primaryText"></span>
	                </p>	                
					 <p class="warning-title secondary" data-ng-if="messageVM.secondaryText"
						data-ng-bind-html="messageVM.secondaryText"></p>
				</div>
                <button class="button button-dark" data-ng-if="messageVM.primary.buttonText" 
                	data-ng-bind-html="messageVM.primary.buttonText" 
                	data-ng-click="messageVM.primary.action($event)">
                </button>
                <p id="message_announce" class="accessibility" tabindex="-1"></p>
                <a href="#" class="secondary-cta" data-ng-if="messageVM.secondary.buttonText" 
					data-ng-bind-html="messageVM.secondary.buttonText" data-colrs-trap-last 
					data-ng-click="messageVM.secondary.action($event)"></a>
			</div>
		</div>
	</div>
	<span class="accessibility" tabindex="-1">
		End of pop up dialog box
	</span>
</div>

</script>

<script type="text/ng-template" id="/online/COLRSFirstTimeCustomerModalTemplate?storeId=20201&amp;langId=-1&amp;requesttype=ajax">
	

<div id="first-time-customer-dialog" class="colrs-animate popup popup-general ng-enter popup-introduction" aria-hidden="false" 
	data-colrs-first-time-customer-modal data-colrs-trap-focus>	
	<span class="accessibility" tabindex="-1"> 
		Start of pop up dialog box
	</span>
	
	<div class="popup-inside"> 
		<div class="popup-header" data-transclude-id="head">
			<div id="first-time-customer-dialog-title" tabindex="-1" data-colrs-trap-initial data-colrs-trap-first>
               <span class="accessibility">
                	Pop up box displayed Welcome to Coles online
				</span>
	        </div> 
			<svg focusable="false" class="coles-logo" role="presentation" aria-hidden="true">
                <use xmlns:xlink="http://www.w3.org/1999/xlink" xlink:href="#coles-logo"></use>
            </svg> 
			<br />
            <h1 class="dialogbox-start popup-title"> 
            	<span role="text" data-ng-cloak>
	               	<strong>Welcome <span class="accessibility_inline">{{firstTimeCustomerVM.userVm.firstName}}</span> to Coles online!<strong>
				</span>
            </h1>
           
            <div class="close">
                <a href="#" class="popup-close" title="Close this pop up dialog box" data-ng-click="close()">
                    <svg focusable="false" class="icon icon-cross" role="presentation" aria-hidden="true">
                        <use xmlns:xlink="http://www.w3.org/1999/xlink" xlink:href="#icon-cross"></use>
                    </svg>
                </a>
            </div>
        </div>
        <div class="popup-body"> 
            <div class="popup-content">
            	
<div style="display:none" aria-hidden="true">[[RS_FirstTimeCustomer_Content]]</div>

	<div id="contentRecommendationWidget_RS_FirstTimeCustomer_Content" class="contentRecommendationWidget" colrs-espot colrs-espot-name="RS_FirstTimeCustomer_Content"
		>
		

<div class="left_espot">
	
	
<div class="espotContainer">
                    
                    <style>
                        
                        .popup-introduction .espotContainer .item.intro {
                            font-size: 18px;
                            text-align: center;
                            width: 100%;
                            display: block;
                        }
                        
                        .popup-introduction .espotContainer .item.quote {
                            margin-top: 30px;
                            display: block;
                            position: relative;
                            min-height: 75px;
                        }
                        
                        .popup-introduction .espotContainer .icon-container {                             display: inline-block;
                            width: 75px;
                            height: 75px;
                            position: absolute;
                            top: 50%;
                            left: 0;
                            transform: translateY(-50%);
                            -moz-transform: translateY(-50%);
                            -webkit-transform: translateY(-50%);
                            -ms-transform: translateY(-50%);
                        }
                        .popup-introduction .espotContainer .icon-container .icon-customer-quote {
                            width: 75px;
                            height: 75px;
                        }
                        
                        .popup-introduction .espotContainer .quote-container {
                            background: white;
                            padding: 20px 30px;
                            border-radius: 4px;
                            font-style: italic;
                            width: 100%;
                            display: inline-block;
                            position: absolute;
                            top: 50%;
                            right: 0;
                            transform: translateY(-50%);
                            -moz-transform: translateY(-50%);
                            -webkit-transform: translateY(-50%);
                            -ms-transform: translateY(-50%);
                        }
     
                        .popup-introduction .espotContainer .quote-author {
                            font-size: 13px;
                            font-style: normal;
                        }
                        
                    </style>
                    
                    <span class="item intro">
                        <span class="item-label">We've made shopping faster, easier, better...</span>
                    </span>
                    
                    <div class="item quote">
                        
                        <div class="quote-container">
                            
                           <span class="quote-text">
                                <strong>"I would never go back to the old site. This is brilliant!"</strong>
                                <span class="quote-author">- Ben, Coles online shopper</span>
                            </span>

                        </div>
                                         
                    </div>

<div class="item quote">
                        
                        <div class="quote-container">
                            
                           <span class="quote-text">
                                <strong>"An absolute breeze. Weekly shop – ten minutes tops"</strong>
                                <span class="quote-author">- Glen, Coles online shopper</span>
                            </span>

                        </div>
                                         
                    </div>
                    
                </div>
	
</div>


	</div>

			</div>
        </div>
        <div class="popup-footer">
        	<button class="button button-dark" data-ng-click="close()" data-colrs-trap-last>
        		Start shopping
        	</button>
        </div>
    </div>
    
    <span class="accessibility" tabindex="-1">
		End of pop up dialog box
	</span>
</div>


</script>

<script type="text/ng-template" id="/online/COLRSCountryOfOriginTemplate?storeId=20201&amp;langId=-1&amp;requesttype=ajax">
	
<ng-transclude></ng-transclude>
<div class="country-of-origin" data-ng-class="{'two-components-label': !(coo.isShowLogo && coo.isShowCountryOfOriginIndicator) && (coo.isShowBar && coo.isShowCountryOfOriginIndicator), 'one-component-label': !(coo.isShowLogo && coo.isShowCountryOfOriginIndicator) && !(coo.isShowBar && coo.isShowCountryOfOriginIndicator),
		'description-label': !(coo.isShowCountryOfOriginIndicator)}">
	 <div class="coo-label" data-ng-if="::(coo.isShowCountryOfOriginIndicator && (coo.isShowLogo  || coo.isShowBar))" role="presentation" aria-hidden="true">
		<div data-ng-if="::coo.isShowLogo && coo.isShowCountryOfOriginIndicator" aria-hidden="true" class="cooLogo">
			<svg version="1.1" xmlns="http://www.w3.org/2000/svg" xmlns:xlink="http://www.w3.org/1999/xlink" viewBox="0 0 220 230" >
				<use xlink:href="#coo-logo" />													
			</svg>
		</div>
		<div data-ng-if="::coo.isShowBar && coo.isShowCountryOfOriginIndicator" class="cooBar">
			<div ng-switch="coo.coopercentage" aria-hidden="true" class="coo-percentage">
			    <div ng-switch-when="0">
			    	<svg version="1.1" xmlns="http://www.w3.org/2000/svg" xmlns:xlink="http://www.w3.org/1999/xlink" viewBox="0 0 220 60">
						<use xlink:href="#barchart-0" />													
					</svg>
			    </div>
			    <div ng-switch-when="5">
			    	<svg version="1.1" xmlns="http://www.w3.org/2000/svg" xmlns:xlink="http://www.w3.org/1999/xlink" viewBox="0 0 220 60">
						<use xlink:href="#barchart-5" />													
					</svg>
			    </div>
			    <div ng-switch-when="10">
			    	<svg version="1.1" xmlns="http://www.w3.org/2000/svg" xmlns:xlink="http://www.w3.org/1999/xlink" viewBox="0 0 220 60">
						<use xlink:href="#barchart-10" />													
					</svg>
			    </div>
			    <div ng-switch-when="20">
			    	<svg version="1.1" xmlns="http://www.w3.org/2000/svg" xmlns:xlink="http://www.w3.org/1999/xlink" viewBox="0 0 220 60">
						<use xlink:href="#barchart-20" />													
					</svg>
			    </div>
			    <div ng-switch-when="30">
			    	<svg version="1.1" xmlns="http://www.w3.org/2000/svg" xmlns:xlink="http://www.w3.org/1999/xlink" viewBox="0 0 220 60">
						<use xlink:href="#barchart-30" />													
					</svg>
			    </div>
			    <div ng-switch-when="40">
			    	<svg version="1.1" xmlns="http://www.w3.org/2000/svg" xmlns:xlink="http://www.w3.org/1999/xlink" viewBox="0 0 220 60">
						<use xlink:href="#barchart-40" />													
					</svg>
			    </div>
			    <div ng-switch-when="50">
			    	<svg version="1.1" xmlns="http://www.w3.org/2000/svg" xmlns:xlink="http://www.w3.org/1999/xlink" viewBox="0 0 220 60">
						<use xlink:href="#barchart-50" />													
					</svg>
			    </div>
			    <div ng-switch-when="60">
			    	<svg version="1.1" xmlns="http://www.w3.org/2000/svg" xmlns:xlink="http://www.w3.org/1999/xlink" viewBox="0 0 220 60">
						<use xlink:href="#barchart-60" />													
					</svg>
			    </div>
			    <div ng-switch-when="70">
			    	<svg version="1.1" xmlns="http://www.w3.org/2000/svg" xmlns:xlink="http://www.w3.org/1999/xlink" viewBox="0 0 220 60">
						<use xlink:href="#barchart-70" />													
					</svg>
			    </div>
			    <div ng-switch-when="80">
			    	<svg version="1.1" xmlns="http://www.w3.org/2000/svg" xmlns:xlink="http://www.w3.org/1999/xlink" viewBox="0 0 220 60">
						<use xlink:href="#barchart-80" />													
					</svg>
			    </div>
			    <div ng-switch-when="90">
			    	<svg version="1.1" xmlns="http://www.w3.org/2000/svg" xmlns:xlink="http://www.w3.org/1999/xlink" viewBox="0 0 220 60">
						<use xlink:href="#barchart-90" />													
					</svg>
			    </div>
			    <div ng-switch-when="95">
			   	    <svg version="1.1" xmlns="http://www.w3.org/2000/svg" xmlns:xlink="http://www.w3.org/1999/xlink" viewBox="0 0 220 60">
						<use xlink:href="#barchart-95" />													
					</svg>
			    </div>
			    <div ng-switch-when="100">
			    	<svg version="1.1" xmlns="http://www.w3.org/2000/svg" xmlns:xlink="http://www.w3.org/1999/xlink" viewBox="0 0 220 60">
						<use xlink:href="#barchart-100" />													
					</svg>
			    </div>		    		    
	  		</div>
		</div>
		<p data-ng-bind-html="::coo.cooallystmt.sanitizeHtml()" class="accessibility-inline"></p>
	</div>
	<!-- 
	<div class="coo-text" aria-hidden="{{!(coo.isShowLogo && coo.isShowCountryOfOriginIndicator) && !(coo.isShowBar && coo.isShowCountryOfOriginIndicator) ? 'false' : 'true'}}" data-ng-bind-html="::coo.coostmt.sanitizeHtml()"></div>
	 -->
	<div class="coo-text" data-ng-bind-html="::coo.coostmt.sanitizeHtml()"></div>
</div>

</script>

<script type="text/ng-template" id="/online/COLRSPreferredSubstituteView?storeId=20201&amp;langId=-1&amp;requesttype=ajax">
	<!-- #main -->
<div id="main" class="main is-substitution">
	<!-- .main-content -->
	<main id="main-content-preferred" class="main-content" data-colrs-preferred-substitute>
		<div class="main-content-inside">
			<div class="main-content-header">
				<h1 class="heading" data-ng-bind-html="::preferredSubVM.headingLevel1"></h1>
				<p class="intro" role="text">If something you ordered isn't available and you allow substitutes when you checkout, we'll try our best to choose a suitable alternative. Help us make better selections for you by choosing your preferred substitutes for the products you've bought before.</p>
			</div>
			<!-- no bought before products -->
			<div class="callout is-large" data-ng-if="!preferredSubVM.showBoughtBefore && (preferredSubVM.manager.productsTotal == 0)">
				<p class="callout-content txt-center">
					<span class="callout-label">
						Products you've bought before will be saved here so you can choose your preferred substitutes
		            </span>									
				</p>
			</div>
			<!-- no bought before products --><!-- search -->
			<div  data-ng-if="preferredSubVM.manager.productsTotal > 0 || preferredSubVM.showBoughtBefore">
				<label class="search-label" for="prefSearchInput">
					Search for a product you've bought before
				</label>
				<div class="search product-search" id="searchBar">
					<!-- searchbar -->
					<form role="search" id="search-form" action="javascript:void(0)" name="searchForm">
						<input class="search-txt" type="search" id="prefSearchInput" autocomplete="off" data-ng-model="preferredSearch" 
							name="searchTerm" data-ng-minlength="2" data-ng-required="true"
							data-ng-focus="preferredSubVM.focusSearchBar()" data-ng-blur="preferredSubVM.blurSearchBar()" aria-invalid="false">
						<!-- search --><!-- Cancel button-->
						<button type="button" data-ng-class="{'search-cancel is-active' : preferredSubVM.showBoughtBefore , 'search-cancel' : !preferredSubVM.showBoughtBefore}"
						 data-ng-click="preferredSubVM.manager.getPreferredSubstitute('*')">
							<span class="search-cancel-label">Clear</span>
							<svg role="presentation" focusable="false" class="icon icon-cancel" aria-hidden="true">
								<use xmlns:xlink="http://www.w3.org/1999/xlink" xlink:href="#icon-cancel"></use>
							</svg>
						</button>
						<input class="search-submit" type="submit" value="Search" id="searchButton" 
							data-ng-disabled="searchForm.searchTerm.$error.minlength || searchForm.searchTerm.$error.required"
							aria-hidden="{{searchForm.searchTerm.$error.minlength || searchForm.searchTerm.$error.required}}"
							data-ng-click="preferredSubVM.manager.getPreferredSubstitute(preferredSearch)"/>
						<svg role="presentation" focusable="false" class="icon icon-search" aria-hidden="true"
							data-ng-class="{'disabled' : searchForm.searchTerm.$error.minlength || searchForm.searchTerm.$error.required}">
							<use xmlns:xlink="http://www.w3.org/1999/xlink" xlink:href="#icon-search"></use>
						</svg>
						<div class="alert is-alert-bottom is-visible" data-ng-show="preferredSubVM.manager.showAlert" role="alert">
							<div class="alert-wrapper alert-information">
								<span class="arrow"></span>
								<div class="alert-content" data-ng-messages="">
									<p id="alert-invalid-chars" tabindex="-1" role="text" >
										Your search contained characters that aren't allowed.
									</p>
									<button class="button button-close-alert" data-ng-click="preferredSubVM.closeAlert()">
										<span class="icon-container" aria-hidden="true">
											<svg role="presentation" focusable="false" class="icon icon-cross" aria-hidden="true">
												<use xmlns:xlink="http://www.w3.org/1999/xlink" xlink:href="#icon-cross"></use>
											</svg>
										</span>
										<span class="accessibility-inline">
											Dismiss Alert
										</span>
									</button>
								</div>
							</div>
						</div>
					</form>
				</div>
				<!-- searchbar -->
				<div class="callout is-large" data-ng-if="preferredSubVM.manager.productsTotal == 0">
					<p class="callout-content txt-center" id="no-results" tabindex="-1" role="text">
						<span class="callout-label">
							No results found for <strong>"{{::boughtBeforeSearch}}"</strong>
						</span>
					</p>
				</div>
				<!-- search --><!-- items count bought before -->
				<div class="section" data-ng-if="preferredSubVM.manager.productsTotal > 0">
					<div role="text">
						<h2 id="results" tabindex="-1" class="section-heading" data-ng-bind-html="preferredSubVM.sectionHeading"></h2>
					</div>
					<!-- Start sort -->
					<div class="utils-sorted" data-colrs-sort-substitute-view></div>										
					<!-- End sort -->
				</div>
				<!-- items count bought before --><!-- BB products -->
				<div class="products">
					<div class="substitution-product-row" data-colrs-preferred-substitute-tile data-ng-repeat="product in preferredSubVM.manager.products track by $index"></div>
				</div>
				<!-- BB products --><!-- Pagination -->
				<div class="pagination-container" data-colrs-pagination data-ng-if="preferredSubVM.manager.productsTotal > 0 && preferredSubVM.hasReturnedBBProducts">        
		            <span class="accessibility-inline"  data-ng-if="::paginationVM.paginationObjects.length > 1">
		                Go to 
		            </span>                                                
					<ul class="pagination" data-ng-if="::paginationVM.paginationObjects.length > 1">                        
						<li class="page-number" 
							data-ng-class="::{'truncated' : paginationVM.isTruncated($index)}" 
							data-ng-repeat="paginationObject in paginationVM.paginationObjects track by $index">
							<span class="button is-active" data-ng-if="::paginationVM.isActive($index)" tabindex="0">
								<span class="accessibility-inline">
									Current page page {{::paginationObject.number}} 
								</span>
								<span class="number" aria-hidden="true">{{::paginationObject.number}}</span>
							</span>
							<a data-ng-href="{{preferredSubVM.getLinkUrl(paginationObject.number)}}" class="button" data-ng-if="!paginationVM.isTruncated($index) && !paginationVM.isActive($index)" 
								data-ng-click="preferredSubVM.pagination(paginationObject.number,$event)">
								<span class="accessibility-inline">
									Page {{::paginationObject.number}}
								</span>  
								<span class="number" aria-hidden="true">{{::paginationObject.number}}</span>      
							</a>
							<span class="number" aria-hidden="false" tabindex="0" data-ng-if="::paginationVM.isTruncated($index)">
								...
							</span>
						</li>
					</ul>
				</div>
				<!-- Pagination -->
				<div class="main-content-footer">
					<button class="button button-dark" data-ng-click="mainVM.goToHome($event)">
						Continue Shopping
					</button>
		 		</div>									
			</div>
			<!-- End products container -->
		 </div>
	</main>
	<!-- main-content -->
</div>

</script>

<script type="text/ng-template" id="/online/COLRSPreferredSubstituteTileTemplate?storeId=20201&amp;langId=-1&amp;requesttype=ajax">
	
<span class="product-container" data-ng-class="{'substitute-not-selected': preferredSubTileVM.isNotRestrictedBB(product) 
	&& !preferredSubTileVM.showPreferredSubstitute(product), 'substitute-not-available-container': (!preferredSubTileVM.showPreferredSubstitute(product)) 
	&& !(preferredSubTileVM.isNotRestrictedBB(product))}" role="text">
	<span class="accessibility-inline" data-ng-if="preferredSubTileVM.isNotRestrictedBB(product) && preferredSubTileVM.showPreferredSubstitute(product)">
		If
	</span>
	<span class="accessibility-inline" data-ng-if="!preferredSubTileVM.showPreferredSubstitute(product) && preferredSubTileVM.isNotRestrictedBB(product)">
		Substitute not selected for
	</span>
	<!-- Bought Before Product -->
	<span class="product product-substitution">
		<span class="product-header">
			<span class="product-title">
				<span class="product-brand">{{product.displayBrandText}}</span>
				<span class="product-name">{{product.displayNameText}}</span>
				<span class="package-size">{{product.attributesMap.ONLINESIZEDESCRIPTION[0]}}</span>
			</span>
			<span class="product-icons">
				<span class="bought-before-count">
					<span class="bought-before-no large">{{product.boughtBefore}}</span>
				</span>
			</span>
		</span>
		<span class="product-inner">
			<span class="product-image">
				<img role="presentation" data-ng-src="{{product.thumbnail}}" alt="{{product.displayNameText}}" aria-hidden="true"  data-colrs-def-product-image />
			</span>
		</span>
	</span>
	<span class="accessibility-inline" data-ng-if="preferredSubTileVM.isNotRestrictedBB(product) && preferredSubTileVM.showPreferredSubstitute(product)">
		is unavailable
	</span>
	<span class="merch-assoc-container" aria-hidden="true">
		<span class="merch-assoc">
			<span>Substitute <span aria-hidden="true">with </span></span>
			<svg role="presentation" class="icon icon-up" focusable="false" aria-hidden="true">
				<use xmlns:xlink="http://www.w3.org/1999/xlink" xlink:href="#icon-up"></use>
			</svg>
		</span>
	</span>
	<!-- Bought Before Product --><!-- Restricted product -->
	<span class="substitute-not-available" data-ng-if="!preferredSubTileVM.showPreferredSubstitute(product) && !preferredSubTileVM.isNotRestrictedBB(product)">
		<span class="text-container">
			<span aria-hidden="true">This product</span> cannot be substituted	
		</span>
	</span>
	<!-- Restricted product --><!-- Substituted product -->
	<span data-ng-if="preferredSubTileVM.isNotRestrictedBB(product) && preferredSubTileVM.showPreferredSubstitute(product)" class="product product-substitution product-substitute">
		<span class="accessibility-inline"  data-ng-if="preferredSubTileVM.isNotRestrictedBB(product) && preferredSubTileVM.showPreferredSubstitute(product)">
			Substitute <span aria-hidden="true">with </span>
		</span>
		<span class="product-header">
			<span class="product-title">
				<span class="product-brand">{{product.preferredSubstitute.manufacturer}}</span>
				<span class="product-name">{{product.preferredSubstitute.name}}</span>
				<span class="package-size">{{product.preferredSubstitute.attributesMap.ONLINESIZEDESCRIPTION[0]}}</span>
			</span>
		</span>
		<span class="accessibility-inline"  data-ng-if="preferredSubTileVM.isNotRestrictedBB(product) && preferredSubTileVM.showPreferredSubstitute(product)">
			instead
		</span>
		<span class="product-inner">
			<span class="product-image">
				<img role="presentation" data-ng-src="{{product.preferredSubstitute.thumbnail}}" alt="{{::product.preferredSubstitute.name}}" aria-hidden="true"  data-colrs-def-product-image />
			</span>
		</span>						
	</span>
	<!-- Substituted product -->
</span>
<!-- Preferred Substitute Product Change/Clear -->
<div data-ng-if="preferredSubTileVM.showPreferredSubstitute(product) && preferredSubTileVM.isNotRestrictedBB(product)" class="button-container">
	<button id={{product.partNumber}} class="button button-plain button-substitute-change" data-ng-click="preferredSubTileVM.showRecommendedProduct($event,product)">
		<span class="text-container" >
			Change		
		</span>
		<span class="accessibility-inline">
			your preferred substitute for {{product.displayBrandText}} {{product.displayNameText}} {{product.attributesMap.ONLINESIZEDESCRIPTION[0]}}
		</span>
	</button>
	<button class="button button-plain button-substitute-clear" data-ng-click="preferredSubTileVM.clearPreferredSubstitute(product)">
		<span class="text-container">
			Clear	
		</span>
		<span class="accessibility-inline">
			your preferred substitute for {{product.displayBrandText}} {{product.displayNameText}} {{product.attributesMap.ONLINESIZEDESCRIPTION[0]}}						
		</span>
	</button>
</div>
<!-- Preferred Substitute Product Change/Clear --><!-- Choose Your Preferred Substitute Button  -->
<button id={{product.partNumber}} class="button button-substitute-choose" ng-click="preferredSubTileVM.showRecommendedProduct($event,product)" data-ng-if="(!preferredSubTileVM.showPreferredSubstitute(product) &&  preferredSubTileVM.isNotRestrictedBB(product))">
	<span class="text-container">
		<svg role="presentation" class="icon icon-plus" focusable="false" aria-hidden="true">
			<use xmlns:xlink="http://www.w3.org/1999/xlink" xlink:href="#icon-plus"></use>
		</svg>
		Choose a preferred substitute
		<span class="accessibility-inline">
			for {{product.displayBrandText}} {{product.displayNameText}} {{product.attributesMap.ONLINESIZEDESCRIPTION[0]}} 
		</span>
	</span>
</button>
<!-- Choose Your Preferred Substitute Button  -->
<ng-transclude></ng-transclude>

</script>

<script type="text/ng-template" id="/online/COLRSFiltersModalTemplate?storeId=20201&amp;langId=-1&amp;requesttype=ajax">
	
<div id="facets-dialog" class="colrs-animate popup popup-facets is-open ng-enter" tabindex="-1" aria-hidden="false" 
		data-colrs-filters-modal data-colrs-trap-focus>
	<span class="accessibility" tabindex="-1"> 
		Start of pop up dialog box
	</span>
	<div class="popup-inside">
		<div class="popup-header" data-transclude-id="head">
            <div id="facets-dialog-title" tabindex="-1" data-colrs-trap-first>
                <span class="accessibility">
                	Pop up box displayed filter by {{filtersVM.filter.name}}
				</span>
            </div>
            <h1 class="dialogbox-start popup-title">
                <span aria-hidden="true">
                	Filter by: {{filtersVM.filter.name}}
				</span>
				<span class="accessibility">
                	filter by {{filtersVM.filter.name}}
				</span>
            </h1>
            <div class="close is-dark">
                <a href="#" class="popup-close" title="Close this pop up dialog box" data-ng-click="filtersVM.closePopUp(filtersVM.filter.name)">
                    <svg focusable="false" class="icon icon-cross" role="presentation" aria-hidden="true">
                        <use xmlns:xlink="http://www.w3.org/1999/xlink" xlink:href="#icon-cross"></use>
                    </svg>
                </a>
            </div>
        </div>
        <div class="popup-body">
            <div class="popup-content-scroll">
				<!-- Start | Search -->
				<div class="section">
					<div class="search">
						<form id="search-form" role="search">
							<label for="filterSearchTerm" class="accessibility">
								Enter {{filtersVM.filter.name}}
							</label>
							<p class="fakePlaceholder" aria-hidden="true" data-ng-if="!filtersVM.byFilterValue" data-ng-click="filtersVM.focusInputField()">
								Search for {{filtersVM.filter.name | lowercase}}
							</p>
							<input class="search-txt" type="search" id="filterSearchTerm"
								autocomplete="off" autocorrect="off" autocapitalize="off" spellcheck="false" 
								aria-invalid="false" aria-required="false" data-ng-model="filtersVM.byFilterValue">
							<!-- Clear Search button -->
							<button type="button" class="search-cancel is-active" data-ng-if="filtersVM.byFilterValue" data-ng-click="filtersVM.clearSearch()">
								<div class="accessibility-inline">
									Clear search
								</div>
								<svg focusable="false" class="icon icon-cancel" aria-hidden="true">
									<use xmlns:xlink="http://www.w3.org/1999/xlink" xlink:href="#icon-cancel"></use>
								</svg>
							</button>
							<!-- Search button -->
							<button class="search-submit" data-ng-if="!filtersVM.byFilterValue" disabled>
								<div class="accessibility-inline">
									Search
								</div>
								<svg focusable="false" class="icon icon-search" aria-hidden="true">
									<use xmlns:xlink="http://www.w3.org/1999/xlink" xlink:href="#icon-search"></use>
								</svg>
							</button>
							<button class="search-submit" data-ng-if="filtersVM.byFilterValue" data-ng-click="filtersVM.submitSearch()">
								<div class="accessibility-inline">
									Search
								</div>
								<svg focusable="false" class="icon icon-search" aria-hidden="true">
									<use xmlns:xlink="http://www.w3.org/1999/xlink" xlink:href="#icon-search"></use>
								</svg>
							</button-->
						</form>
					</div>
				</div>
				<!-- End | Search --><!-- Start | E-Spot for Featured Brands - Filters popup -->
				<div data-ng-bind-html="trustAsHtml(filtersVM.filter.espotContent.innerHTML)"></div>
				<!-- End | E-Spot for Featured Brands - Filters popup --><!-- Start | Facet values -->
				<div class="section">
					<h2 class="accessibility-inline section-heading" data-ng-if="!filtersVM.byFilterValue">
						Full list of {{filtersVM.filter.name}}s
					</h2>
					<h2 id="filterValueHeading" tabindex="-1" class="section-heading" data-ng-if="filtersVM.byFilterValue">
						<p data-ng-if="filterSearchCount.length == 1">
							{{filterSearchCount.length}} {{filtersVM.filter.name | lowercase}} filter found for "{{filtersVM.byFilterValue}}"
						</p>
						<p data-ng-if="filterSearchCount.length > 1">
							{{filterSearchCount.length}} {{filtersVM.filter.name | lowercase}} filters found for "{{filtersVM.byFilterValue}}"
						</p>
						<p data-ng-if="filterSearchCount.length == 0">
							No {{filtersVM.filter.name | lowercase}} filters found for "{{filtersVM.byFilterValue}}"
						</p>
					</h2>
					<button class="button button-link float-right" data-ng-if="filtersVM.showClearAllLink" data-ng-click="filtersVM.clearAllFilters(filtersVM.filter.name, filtersVM.filter.values)">
						Clear all <span class="accessibility-inline">selected {{filtersVM.filter.name | lowercase}} filters</span>
					</button>
					<div class="facet-list">
						<ul>
							<li class="facet checkbox-container" data-ng-repeat="filterValue in filtersVM.filter.values | filter: {label: filtersVM.byFilterValue} as filterSearchCount">
								<input type="checkbox" id="{{filterValue.label}}" name="{{filterValue.label}}" data-ng-disabled="filtersVM.showLoader && filtersVM.checkboxReturnElementId === filterValue.label"
									data-ng-model="filterValue.checked" data-ng-click="filtersVM.searchFilterLabels(filtersVM.filter.name, filterValue, $event)" aria-invalid="false">
								<span class="form-field-checkbox-mask"></span>
								<label for="{{filterValue.label}}" class="form-field-checkbox-label">
									{{filterValue.label}}
									<span class="quantity">
										<span aria-hidden="true">(</span>{{filterValue.count}}<span aria-hidden="true">)</span>
										<span class="accessibility-inline">
											products
										</span>
									</span>
								</label>
							</li>
						</ul>
					</div>
				</div>
				<!-- End | Facet values -->
            </div>
        </div>
        <div class="popup-footer">
            <div class="loading-container float-right" data-ng-if="filtersVM.showLoader" tab-index="0">
				<div class="preloaderContainer small is-active" aria-hidden="true">
					<svg class="preloader" version="1.1" xmlns="http://www.w3.org/2000/svg" xmlns:xlink="http://www.w3.org/1999/xlink" xml:space="preserve" viewBox="0 0 80 80">
						<circle class="circleBG" r="35" cx="40" cy="40" fill="transparent"></circle>
						<circle class="circleStroke" r="35" cx="40" cy="40" fill="transparent" stroke-dasharray="565.48" stroke-dashoffset="565.48"></circle>
					</svg>
				</div>
				<span class="loading-text">
					Filtering products
				</span>
			</div>
            <button class="button button-dark float-right" data-ng-if="!filtersVM.showLoader" data-ng-click="filtersVM.closePopUp(filtersVM.filter.name)" data-colrs-trap-last>
            		{{filtersVM.buttonText}}
            </button>
        </div>
    </div>
    <span class="accessibility" tabindex="-1">
		End of pop up dialog box
	</span>
</div>

</script>

<script type="text/ng-template" id="/online/COLRSMultiSearchQuickViewTemplate?storeId=20201&amp;langId=-1&amp;requesttype=ajax">
	
<div class="multisearch ng-cloak" data-ng-class="{'is-expanded': multiSearchbarVM.manager.isExpanded}">
	<span id="search-item-removed" class="accessibility" tabindex="-1"></span>
	<button class="button button-plain button-multisearch-show" id="showMultiSearch" data-ng-click="multiSearchbarVM.expandSearchList()" 
		data-ng-show="multiSearchbarVM.manager.showMultiSearch && multiSearchbarVM.manager.multiSearch.hasSearchItems && !multiSearchbarVM.manager.isExpanded">
		<svg focusable="false" class="icon icon-multisearch" aria-hidden="true" role="presentation">
			<use xmlns:xlink="http://www.w3.org/1999/xlink" xlink:href="#icon-multisearch"></use>
		</svg>
		View my search list
	</button>
	<button class="button button-plain button-multisearch-show" id="createSearchList" data-ng-click="multiSearchbarVM.openEditSearchModal($event)" 
		data-ng-show="multiSearchbarVM.manager.showMultiSearch && !multiSearchbarVM.manager.multiSearch.hasSearchItems">
		<svg focusable="false" class="icon icon-multisearch" aria-hidden="true" role="presentation">
			<use xmlns:xlink="http://www.w3.org/1999/xlink" xlink:href="#icon-multisearch"></use>
		</svg>
		Search for a list of items
	</button>
	<div class="multisearch-container colrs-animate" data-ng-show="multiSearchbarVM.manager.showMultiSearch && multiSearchbarVM.manager.multiSearch.hasSearchItems && multiSearchbarVM.manager.isExpanded">
		<div class="multisearch-header">
			<h2 class="multisearch-heading">
				<svg focusable="false" class="icon icon-multisearch" aria-hidden="true" role="presentation">
					<use xmlns:xlink="http://www.w3.org/1999/xlink" xlink:href="#icon-multisearch"></use>
				</svg>
				Search for a list of items
			</h2>
			<button class="button button-plain button-multisearch-hide" id="multisearch-expand" data-ng-click="multiSearchbarVM.collapseSearchList()">
				<span role="text">
					Hide
					<span class="accessibility-inline">my search list</span>
				</span>
				<svg focusable="false" class="icon icon-arrow" aria-hidden="true" role="presentation">
					<use xmlns:xlink="http://www.w3.org/1999/xlink" xlink:href="#icon-arrow"></use>
				</svg>
			</button>
		</div>
		<div class="multisearch-body">
			<div class="multisearch-queue-container">
				<div class="multisearch-queue has-overflow">
					<div class="multisearch-item" data-ng-class="{'is-added': searchItem.completed}" data-ng-if="!searchItem.hidden && !searchItem.removed"
						data-ng-repeat="searchItem in multiSearchbarVM.manager.multiSearch.searchItems track by $index">
						<svg focusable="false" class="icon icon-success" aria-hidden="true" role="presentation">
							<use xmlns:xlink="http://www.w3.org/1999/xlink" xlink:href="#icon-success"></use>
						</svg>
						<span id="searchItem-{{$index}}" class="multisearch-term" data-ng-if="searchItem.completed" tabindex="-1" role="text">
							<span role="text">
								{{searchItem.name}}
								<span class="accessibility-inline">Already added</span>
							</span>
						</span>
						<a href="#" id="searchItem-{{$index}}" class="multisearch-term" data-ng-if="!searchItem.completed"  
							data-ng-href="{{multiSearchbarVM.manager.getSearchItemHref(searchItem.name)}}" data-ng-click="multiSearchbarVM.clickMultiSearchItem($event, searchItem.name)">
							<span role="text">
								<span class="accessibility-inline">Search for</span>
								{{searchItem.name}}
							</span>
						</a>
						<button id="searchItemRemove-{{$index}}" class="button button-plain" data-ng-click="multiSearchbarVM.removeMultiSearchItem(searchItem.name)">
							<span class="accessibility-inline">
								Remove {{searchItem.name}} from list
							</span>
							<span class="cross-container" aria-hidden="true">
								<svg focusable="false" class="icon icon-cross" aria-hidden="true" role="presentation">
									<use xmlns:xlink="http://www.w3.org/1999/xlink" xlink:href="#icon-cross"></use>
								</svg>
							</span>
						</button>
					</div>
				</div>
				<div class="item-count" data-ng-if="multiSearchbarVM.manager.multiSearch.hasMoreSearchItems">
					<span role="text">
						+ {{multiSearchbarVM.manager.multiSearch.hiddenSearchCount}}
						<span class="accessibility-inline">More items</span>
					</span>
				</div>
			</div>
			<div class="multisearch-utils">
				<button id="manageMultiSearch" class="button button-light button-multisearch-manage" id="button-manage-multisearch" data-ng-click="multiSearchbarVM.openViewSearchModal($event)">
					Manage list
				</button>
			</div>
		</div>
	</div>
</div>

</script>

<script type="text/ng-template" id="/online/COLRSMultiSearchEditModalTemplate?storeId=20201&amp;langId=-1&amp;requesttype=ajax">
	
<div id="multisearch-dialog" class="colrs-animate popup popup-multisearch is-open ng-enter" tabindex="-1" aria-hidden="false" 
		data-colrs-multi-search-edit data-colrs-trap-focus>
	<span class="accessibility" tabindex="-1"> 
		Start of pop up dialog box
	</span>
	<div class="popup-inside">
		<div class="popup-header" data-transclude-id="head">
            <div id="multi-search-edit-dialog-title" tabindex="-1" data-colrs-trap-initial data-colrs-trap-first>
                <span class="accessibility">
                	Pop up box displayed Search for a list of items
				</span>
            </div>
            <h1 class="dialogbox-start popup-title">
            	<svg focusable="false" class="icon icon-multisearch" aria-hidden="true" role="presentation">
					<use xmlns:xlink="http://www.w3.org/1999/xlink" xlink:href="#icon-multisearch"></use>
				</svg>
                <span>
                	Search for a list of items
				</span>
            </h1>
            <div class="close is-dark">
                <a href="#" class="popup-close" title='Close this pop up dialog box' data-ng-click="close()">
                    <svg focusable="false" class="icon icon-cross" role="presentation" aria-hidden="true">
                        <use xmlns:xlink="http://www.w3.org/1999/xlink" xlink:href="#icon-cross"></use>
                    </svg>
                </a>
            </div>
            <div class="modal-intro">
				<p>Type or paste your list below putting each item on a new line.</p>
				<button class="button button-link" data-ng-click="multiSearchEditVM.clearAll()">Clear list</button>
			</div>
        </div>
        <div class="popup-body">
            <div class="popup-content">
				<p class="fakePlaceholder" aria-hidden="true" data-ng-if="!multiSearchEditVM.multiSearchText" data-ng-click="multiSearchEditVM.focusInputField()">
					Start typing or paste your list here
				</p>
				<label id="multisearch-list-label" for="multisearch-list-textarea" class="accessibility-inline">
					Item list
				</label>
				<textarea id="multisearch-list-textarea" type="search" class="multisearch-textarea"
					autocomplete="off" autocorrect="off" autocapitalize="off" spellcheck="false" data-ng-trim="false" aria-labelledby="multisearch-list-label"
					aria-invalid="false" aria-required="false" data-ng-model="multiSearchEditVM.multiSearchText"></textarea>
            </div>
        </div>
        <div class="popup-footer">
            <div class="alert is-alert-bottom is-alert-multisearch is-visible" data-ng-show="multiSearchEditVM.showAlert" role="alert">
				<div class="alert-wrapper alert-information">
					<span class="arrow"></span>
					<div class="alert-content">
						<span id="alert-invalid-chars" tabindex="-1" role="text" data-ng-bind-html="multiSearchEditVM.invalidAlertMessage"></span>
						<button class="button button-close-alert" data-ng-click="multiSearchEditVM.closeAlert()">
							<span class="icon-container" aria-hidden="true">
								<svg focusable="false" class="icon icon-cross" aria-hidden="true" role="presentation">
									<use xmlns:xlink="http://www.w3.org/1999/xlink" xlink:href="#icon-cross"></use>
								</svg>
							</span>
							<span class="accessibility-inline">
								Dismiss alert
							</span>
						</button>
					</div>
				</div>
			</div>
			<div class="footer-text">
				<span class="character-warning" data-ng-class="{'is-threshold': multiSearchEditVM.isLeftCharsThreshold()}">
					<svg focusable="false" class="icon icon-alert" aria-hidden="true" role="presentation">
						<use xmlns:xlink="http://www.w3.org/1999/xlink" xlink:href="#icon-alert"></use>
					</svg>
					{{multiSearchEditVM.getLeftCharsMessage()}}
				</span>
				<span id="left-chars-message" class="accessibility" tabindex="-1"></span>
			</div>
            <button class="button button-dark float-right" data-ng-click="multiSearchEditVM.saveAndSearch($event)" data-colrs-trap-last>
	            <span>
					<svg focusable="false" class="icon icon-multisearch" aria-hidden="true" role="presentation">
						<use xmlns:xlink="http://www.w3.org/1999/xlink" xlink:href="#icon-multisearch"></use>
					</svg>
					Save and search
				</span>
            </button>
        </div>
    </div>
    <span class="accessibility" tabindex="-1">
		End of pop up dialog box
	</span>
</div>

</script>

<script type="text/ng-template" id="/online/COLRSMultiSearchViewModalTemplate?storeId=20201&amp;langId=-1&amp;requesttype=ajax">
	
<div id="multisearch-list-dialog" class="colrs-animate popup popup-multisearch popup-multisearch-list is-open ng-enter" tabindex="-1" aria-hidden="false" 
		data-colrs-multi-search-view data-colrs-trap-focus>
	<span class="accessibility" tabindex="-1"> 
		Start of pop up dialog box
	</span>
	<div class="popup-inside">
		<div class="popup-header" data-transclude-id="head">
            <div id="multisearch-list-dialog-title" tabindex="-1" data-colrs-trap-initial data-colrs-trap-first>
                <span class="accessibility">
                	Pop up box displayed Search for a list of items
				</span>
            </div>
            <h1 class="dialogbox-start popup-title">
            	<svg focusable="false" class="icon icon-multisearch" aria-hidden="true" role="presentation">
					<use xmlns:xlink="http://www.w3.org/1999/xlink" xlink:href="#icon-multisearch"></use>
				</svg>
                <span>
                	Search for a list of items
				</span>
            </h1>
            <div class="close is-dark">
                <a href="#" class="popup-close" title='Close this pop up dialog box' data-ng-click="close()">
                    <svg focusable="false" class="icon icon-cross" role="presentation" aria-hidden="true">
                        <use xmlns:xlink="http://www.w3.org/1999/xlink" xlink:href="#icon-cross"></use>
                    </svg>
                </a>
            </div>
            <div class="modal-intro">
				<p>Select an item to view search results</p>
				<button class="button button-link" data-ng-click="multiSearchViewVM.clearAll()">Clear list</button>
				<div class="skiplinks">
					<a href="#" class="skiplink" data-ng-click="multiSearchViewVM.editSearchListModal()">
						skip to edit list
					</a>
					<a href="#" class="skiplink" data-ng-click="multiSearchViewVM.focusAlreadyAdded()" data-ng-if="multiSearchViewVM.manager.multiSearch.hasCompletedItems">
						skip to already added items
					</a>
				</div>
			</div>
        </div>
        <div class="popup-body">
            <div class="popup-content-scroll">
				<div class="section" data-ng-if="multiSearchViewVM.manager.multiSearch.hasInCompleteItems">
					<div class="multisearch-queue">
						<div class="multisearch-item"  
							data-ng-repeat="searchItem in multiSearchViewVM.manager.multiSearch.inCompleteItems track by $index">
							<a href="#" id="view-search-item-{{$index}}" class="multisearch-term" data-ng-click="multiSearchViewVM.clickMultiSearchItem($event, searchItem.name)">
								<span role="text">
									<span class="accessibility-inline">Search for</span>
									{{searchItem.name}}
								</span>
							</a>
							<button class="button button-plain" data-ng-click="multiSearchViewVM.removeMultiSearchItem(searchItem.name)">
								<span class="accessibility-inline">
									Remove {{searchItem.name}} from list
								</span>
								<span class="cross-container" aria-hidden="true">
									<svg focusable="false" class="icon icon-cross" aria-hidden="true" role="presentation">
										<use xmlns:xlink="http://www.w3.org/1999/xlink" xlink:href="#icon-cross"></use>
									</svg>
								</span>
							</button>
						</div>
					</div>
				</div>
				<div class="section" data-ng-if="multiSearchViewVM.manager.multiSearch.hasCompletedItems">
					<h2 id="view-already-added" class="section-heading" tabindex="-1">
						<a name="already-added"></a>
						Already added
					</h2>
					<p class="section-intro">These items will remain while you continue shopping unless the page is refreshed or you edit your list.</p>
					<div class="multisearch-completed">
						<div class="multisearch-item is-added"  
							data-ng-repeat="searchItem in multiSearchViewVM.manager.multiSearch.completedItems track by $index">
							<svg focusable="false" class="icon icon-success" aria-hidden="true" role="presentation">
								<use xmlns:xlink="http://www.w3.org/1999/xlink" xlink:href="#icon-success"></use>
							</svg>
							<span id="view-completed-item-{{$index}}" class="multisearch-term" tabindex="-1">
								<span role="text">
									{{searchItem.name}}
									<span class="accessibility-inline">Already added</span>
								</span>
							</span>
							<button class="button button-plain" data-ng-click="multiSearchViewVM.removeMultiSearchItem(searchItem.name, true)">
								<span class="accessibility-inline">
									Remove {{searchItem.name}} from list
								</span>
								<span class="cross-container" aria-hidden="true">
									<svg focusable="false" class="icon icon-cross" aria-hidden="true" role="presentation">
										<use xmlns:xlink="http://www.w3.org/1999/xlink" xlink:href="#icon-cross"></use>
									</svg>
								</span>
							</button>
						</div>
					</div>
				</div>
            </div>
        </div>
        <div class="popup-footer">
        	<span id="search-item-removed" class="accessibility" tabindex="-1"></span>
            <button id="view-edit-list" class="button button-dark float-right" data-ng-click="multiSearchViewVM.editSearchListModal()" data-colrs-trap-last>
	            <span>
					<svg focusable="false" class="icon icon-edit" aria-hidden="true" role="presentation">
						<use xmlns:xlink="http://www.w3.org/1999/xlink" xlink:href="#icon-edit"></use>
					</svg>
					Edit list
				</span>
            </button>
        </div>
    </div>
    <span class="accessibility" tabindex="-1">
		End of pop up dialog box
	</span>
</div>

</script>

<script type="text/ng-template" id="/online/COLRSCollectionWindowsTemplate?storeId=20201&amp;langId=-1&amp;requesttype=ajax">
	
<div>
	<div class="section section-loading" data-ng-if="collectionWindowsVM.loading">
		<div class="preloaderContainer mini is-active">
			<svg class="preloader" version="1.1" xmlns="http://www.w3.org/2000/svg" xmlns:xlink="http://www.w3.org/1999/xlink" xml:space="preserve" viewBox="0 0 80 80">
				<circle class="circleBG" r="35" cx="40" cy="40" fill="transparent"></circle>
				<circle class="circleStroke" r="35" cx="40" cy="40" fill="transparent" stroke-dasharray="565.48" stroke-dashoffset="565.48"></circle>
			</svg>
		</div>
	</div>
	<div data-ng-if="!collectionWindowsVM.loading">
		<h2 class="subheading">
			Upcoming Click&amp;Collect times
		</h2>
		<div class="availability-details" data-ng-if="!collectionWindowsVM.hasError">
			<div class="availability-row" ng-repeat="dailySlots in collectionWindowsVM.slots">
				<h3 class="availability-column heading">
					{{ ::dailySlots.day }}
				</h3>
				<div class="availability-column sold-out" data-ng-if="dailySlots.slot.length === 0">
					{{::dailySlots.day}}&apos;s collection times are no longer available
				</div>
				<div class="availability-column" data-ng-if="dailySlots.slot.length !== 0">
					<span data-ng-if="dailySlots.slot.length >= 1">
						<span class="accessibility-inline">Collect between </span>{{ ::dailySlots.slot[0]["start"] }}{{ ::dailySlots.slot[0]["startSuffix"] }} <span aria-hidden="true">-</span><span class="accessibility-inline"> and </span>{{ ::dailySlots.slot[0]["end"] }}{{ ::dailySlots.slot[0]["endSuffix"] }}
					</span>
				</div>
				<div class="availability-column" data-ng-if="dailySlots.slot.length !== 0">
					<span data-ng-if="dailySlots.slot.length >= 2">
						<span class="accessibility-inline">Collect between </span>{{ ::dailySlots.slot[1]["start"] }}{{ ::dailySlots.slot[1]["startSuffix"] }} <span aria-hidden="true">-</span><span class="accessibility-inline"> and </span>{{ ::dailySlots.slot[1]["end"] }}{{ ::dailySlots.slot[1]["endSuffix"] }}
					</span>
				</div>
				<div class="availability-column" data-ng-if="dailySlots.slot.length !== 0">
					<span data-ng-if="dailySlots.slot.length >= 3">
						<span class="accessibility-inline">Collect between </span>{{ ::dailySlots.slot[2]["start"] }}{{ ::dailySlots.slot[2]["startSuffix"] }} <span aria-hidden="true">-</span><span class="accessibility-inline"> and </span>{{ ::dailySlots.slot[2]["end"] }}{{ ::dailySlots.slot[2]["endSuffix"] }}
					</span>
				</div>
				<div class="availability-column overflow" data-ng-if="dailySlots.slot.length !== 0">
					<span class="item-count" data-ng-if="dailySlots.slot.length === 4">
						<span aria-hidden="true">+</span>{{ ::dailySlots.slot.length - 3 }}<span class="accessibility-inline"> more time available {{ ::dailySlots.day }}</span>
					</span>
					<span class="item-count" data-ng-if="dailySlots.slot.length > 4">
						<span aria-hidden="true">+</span>{{ ::dailySlots.slot.length - 3 }}<span class="accessibility-inline"> more times available {{ ::dailySlots.day }}</span>
					</span>
				</div>
			</div>
		</div>
		<div class="availability-details" data-ng-if="collectionWindowsVM.hasError">
			Sorry, we can't retrieve Click&Collect times
		</div>
	</div>
</div>

</script>

<script type="text/ng-template" id="/online/COLRSChoosePreferredSubstituteModalTemplate?storeId=20201&amp;langId=-1&amp;requesttype=ajax">
	
<div id="crosssell-dialog" class="popup popup-substitutes is-open" tabindex="-1" data-colrs-preferred-substitute-modal data-colrs-trap-focus>
	<span class="accessibility" tabindex="-1"> 
		Start of pop up dialog box
	</span>
    <div class="popup-inside">
        <div class="popup-header">
        	<div id="crosssell-dialog-title" tabindex="-1" data-colrs-trap-initial data-colrs-trap-first>
                <span class="accessibility">
                	Pop up box displayed Choose your preferred substitute
				</span>
            </div>
            <h1 class="popup-title dialogbox-start">
                <span>Choose your preferred substitute</span>
            </h1>
            <!-- Close button -->
            <div class="close is-dark">
                <a href="#" class="popup-close" title="Close this pop up dialog box" data-ng-click="preferredSubstituteModalVM.closePopUp();">
                    <svg role="presentation" focusable="false" class="icon icon-cross" aria-hidden="true">
                        <use xlink:href="#icon-cross" />
                    </svg>
                </a>
            </div>
            <!-- /.close -->
        </div>
        <!-- /.popup-header -->
        <div class="messageArea"></div>
        <!-- .popup-body -->
        <div class="popup-body">
            <div class="popup-content-scroll">
				<div class="section">
					<label for="prefSubSearchTerm" class="search-label">
						<span>
							Search for a product e.g. milk
						</span>
					</label>
					<div class="search" id="overlaySearchBar">
						<form id="search-form" role="search" name="overlaySearchForm">
							<p class="fakePlaceholder" aria-hidden="true"  data-ng-click="preferredSubstituteModalVM.focusSearchBar()">
								Start typing to search
							</p>
							<input class="search-txt" type="search" id="prefSubSearchTerm"
								autocomplete="off" autocorrect="off" autocapitalize="off" spellcheck="false" 
								aria-invalid="false" aria-required="false" data-ng-model="prefSubSearchTerm"
								 data-ng-minlength="2" data-ng-required="true" name="prefSubSearchTerm"
								 data-ng-focus="preferredSubstituteModalVM.focusSearchBar()" data-ng-blur="preferredSubstituteModalVM.blurSearchBar()">
							<!-- Cancel button-->
							<button type="button" data-ng-class="{'search-cancel is-active' : prefSearchTerm , 'search-cancel' : !prefSearchTerm}"
									data-ng-click="preferredSubstituteModalVM.showDefaultRecommendation()" class="search-cancel">
								<div class="accessibility-inline">
									Clear Search
								</div>
								<svg role="presentation" focusable="false" class="icon icon-cancel" aria-hidden="true">
									<use xmlns:xlink="http://www.w3.org/1999/xlink" xlink:href="#icon-cancel"></use>
								</svg>
							</button>
							<button type="submit" class="search-submit" 
							 ng-disabled="overlaySearchForm.prefSubSearchTerm.$error.minlength || overlaySearchForm.prefSubSearchTerm.$error.required" 
							 data-ng-click="preferredSubstituteModalVM.getSiteSearchResults(prefSubSearchTerm)">
								<div class="accessibility-inline">
									Search
								</div>
								<svg role="presentation" focusable="false" class="icon icon-search" aria-hidden="true">
									<use xmlns:xlink="http://www.w3.org/1999/xlink" xlink:href="#icon-search"></use>
								</svg>
							</button>
							<div class="alert is-alert-bottom is-visible" data-ng-show="preferredSubstituteModalVM.showAlert" role="alert">
								<div class="alert-wrapper alert-information">
									<span class="arrow"></span>
									<div class="alert-content" data-ng-messages="">
										<p id="alert-invalid-chars" tabindex="-1" role="text" >
											Your search contained characters that aren't allowed.
										</p>
										<button class="button button-close-alert" data-ng-click="preferredSubstituteModalVM.closeAlert()">
											<span class="icon-container" aria-hidden="true">
												<svg role="presentation" focusable="false" class="icon icon-cross" aria-hidden="true">
													<use xmlns:xlink="http://www.w3.org/1999/xlink" xlink:href="#icon-cross"></use>
												</svg>
											</span>
											<span class="accessibility-inline">
												Dismiss Alert
											</span>
										</button>
									</div>
								</div>
							</div>
						</form>
					</div>
					<!-- search -->
				</div>
              <div data-colrs-preloader data-is-animating="preferredSubstituteModalVM.isLoading" 
						data-ng-class="{'is-active' : preferredSubstituteModalVM.isLoading}" data-svg-id="preloader-modal" data-size="large"></div> 
                 <div class="callout" data-ng-if="preferredSubstituteModalVM.manager.productsRecommended.length === 0 && preferredSubstituteModalVM.manager.hasReturnedBBProducts && prefSearchTerm.length === 0">
					<p class="callout-content txt-center">
						<span class="callout-label">
							Search for a product to choose your preferred substitute
						</span>
					</p>
				</div>
				<div class="callout" data-ng-if="preferredSubstituteModalVM.manager.productsRecommended.length === 0 && preferredSubstituteModalVM.manager.hasReturnedBBProducts && prefSearchTerm.length > 0">
					<p id="overlayNoresults" tabindex="-1" class="callout-content txt-center" role="text">
						<span class="callout-label">
							No results were found for <strong>"{{prefSearchTerm}}"</strong>.<br />This may be because no products match your search term, or because we only found products that cannot be chosen as your preferred substitute eg. , alcohol and tobacco.
						</span>
					</p>
				</div>
				<h2 class="section-heading">
					<p id="searchOverlayResults" tabindex="-1" role="text"
							data-ng-if="preferredSubstituteModalVM.manager.productsRecommended.length > 0 && preferredSubstituteModalVM.manager.hasReturnedBBProducts && prefSearchTerm.length > 0">
						Showing top results for <strong>"{{prefSearchTerm}}"</strong>
					</p>
					<p id="searchOverlayResults" tabindex="-1" role="text"
							data-ng-if="preferredSubstituteModalVM.manager.productsRecommended.length > 0 && preferredSubstituteModalVM.manager.hasReturnedBBProducts && prefSearchTerm.length == 0">
						Recommended substitutes
					</p>
				</h2>
                <div class="product-list">
						<!-- .product tile  -->
                       <div data-ng-class="{'product' : (productRecommended.partNumber != preferredSubstituteModalVM.manager.substituteForProduct.preferredSubstitute.partNumber), 'product is-selected' : (productRecommended.partNumber == preferredSubstituteModalVM.manager.substituteForProduct.preferredSubstitute.partNumber)}"
                       			data-ng-repeat="productRecommended in preferredSubstituteModalVM.manager.productsRecommended  | limitTo:20 ">
							<svg role="presentation" focusable="false" class="icon icon-success" aria-hidden="true">
								<use xmlns:xlink="http://www.w3.org/1999/xlink" xlink:href="#icon-success"></use>
							</svg>
                            <div class="product-padding product-preferred-substitute">
                                <div class="product-inner">
                                    <div class="product-image">
										<img role="presentation" id="img-{{productRecommended.partNumber}}"
											data-ng-src="{{productRecommended.thumbnail}}" alt="{{productRecommended.displayNameText}}" aria-hidden="true"  data-colrs-def-product-image />
                                    </div>
                                </div>
                                <div class="product-header" role="text">
                                    <h3 class="product-title">
										<span class="product-brand">{{::productRecommended.manufacturer}}</span>
										<span class="product-name">{{::productRecommended.name}}</span>
										<span class="package-size">{{::productRecommended.attributesMap.ONLINESIZEDESCRIPTION[0]}}</span>
                                    </h3>
                                </div>
                                <!-- Fat controller container -->
                                <div class="fat-controller">
                                	<div id="preferredSubFatCtrlAnnouncement" class="accessibility-inline" aria-live="polite"></div>
									<button data-ng-class="{'button' : (productRecommended.partNumber != preferredSubstituteModalVM.manager.substituteForProduct.preferredSubstitute.partNumber), 'button button-success' : (productRecommended.partNumber == preferredSubstituteModalVM.manager.substituteForProduct.preferredSubstitute.partNumber)}"
											data-ng-click="preferredSubstituteModalVM.updateOrAddPreferredSubstitute(preferredSubstituteModalVM.manager.substituteForProduct, productRecommended)" data-colrs-trap-last>
										Set <span class="accessibility-inline">{{::productRecommended.manufacturer}} {{::productRecommended.name}} {{::productRecommended.attributesMap.ONLINESIZEDESCRIPTION[0]}}</span> as <span class="accessibility-inline">the preferred</span>substitute
									</button>
                                </div>
                            </div>
                        </div>
                        <!-- .product tile -->
                </div>
                <!-- .product-list -->
				<div class="callout is-small callout-substitutes" data-ng-if="preferredSubstituteModalVM.manager.productsRecommended.length > 0 && preferredSubstituteModalVM.manager.hasReturnedBBProducts && prefSearchTerm.length == 0">
					<p class="callout-content txt-center">
						<span class="callout-label" data-colrs-trap-last>
							Didn't find what you want? Try a more specific search.
						</span>
					</p>
				</div>
            </div>
            <!-- .popup-content-scroll -->
        </div>
        <!-- .popup-body -->
    </div>
    <!-- /.popup-inside -->
    <span class="accessibility" tabindex="-1">
		End of pop up dialog box
	</span>
</div>

</script>

<script type="text/ng-template" id="/online/COLRSCollectNowModalTemplate?storeId=20201&amp;langId=-1&amp;requesttype=ajax">
	
<div id="popup-collect-now" class="colrs-animate popup popup-plain popup-narrow popup-collect-now is-open ng-enter" tabindex="-1" aria-hidden="false"
		data-colrs-collect-now-modal data-colrs-trap-focus>
	<span class="accessibility" tabindex="-1"> 
		Start of pop up dialog box
	</span>
   <div class="popup-inside">
        <div class="popup-header">
        	<div id="collect-now-title" tabindex="-1" data-colrs-trap-initial data-colrs-trap-first>
                <span class="accessibility">
                	Pop up box displayed {{collectNowModalVM.manager.modalHeading}}
				</span>
            </div>
       		<h1 class="popup-title" data-ng-bind="collectNowModalVM.manager.modalHeading"></h1>
       	</div>
       	<div class="popup-body">
            <div class="popup-content" tabindex="0">
       			<p data-ng-bind="collectNowModalVM.manager.modalMessage"></p>
       		</div>
        </div>       
        <div class="popup-footer">
            <a href="#" data-ng-click="close()" class="button button-plain">
            	Cancel
            </a>
            <button class="button button-dark" data-ng-click="collectNowModalVM.setCollectNow()" data-colrs-trap-last>
            	Ok
            </button>
		</div>
	</div>
	<span class="accessibility" tabindex="-1">
		End of pop up dialog box
	</span>
</div>

</script>

<script type="text/ng-template" id="/online/COLRSAlternativeProductsModalTemplate?storeId=20201&amp;langId=-1&amp;requesttype=ajax">
	
<div id="crosssell-dialog" class="popup popup-crosssell popup-alternatives is-open" tabindex="-1" data-colrs-alternative-products-modal data-colrs-trap-focus>
	<span class="accessibility" tabindex="-1"> 
		Start of pop up dialog box
	</span>
    <div class="popup-inside">
        <div class="popup-header">
        	<div id="crosssell-dialog-title" tabindex="-1" data-colrs-trap-initial data-colrs-trap-first>
                <span class="accessibility">
                	Pop up box displayed Alternative products
				</span>
            </div>
            <h1 class="popup-title dialogbox-start">
                <span>Alternative products</span>
            </h1>
            <div class="close is-dark">
                <a href="#" class="popup-close" title="Close this pop up dialog box" data-ng-click="close()">
                    <svg role="presentation" focusable="false" class="icon icon-cross" aria-hidden="true">
                        <use xlink:href="#icon-cross" />
                    </svg>
                </a>
            </div>
        </div>
        <div class="popup-body">
            <div class="popup-content-scroll">
				<div class="section">
					<label for="alterSearchTerm" class="search-label">
						Search for a product
					</label>
					<div class="search" id="overlaySearchBar">
						<form id="search-form" role="search" name="overlaySearchForm">
							<p class="fakePlaceholder" aria-hidden="true" data-ng-if="!alternativeProductsModalVM.alterSearchTerm" data-ng-click="alternativeProductsModalVM.focusSearchBar()">
								Start typing to search
							</p>
							<input class="search-txt" type="search" id="alterSearchTerm" autocomplete="off" autocorrect="off" autocapitalize="off" spellcheck="false"
								aria-invalid="false" aria-required="false" data-ng-model="alternativeProductsModalVM.alterSearchTerm"
								name="alterSearchTerm" data-ng-focus="alternativeProductsModalVM.focusSearchBar()" data-ng-blur="alternativeProductsModalVM.blurSearchBar()">
							<!-- Cancel button-->
							<button type="button" class="search-cancel is-active" data-ng-if="alternativeProductsModalVM.isSearchMode"
									data-ng-click="alternativeProductsModalVM.showDefaultAlternatives()">
								<div class="accessibility-inline">
									Clear Search
								</div>
								<div class="icon-container">
									<svg role="presentation" focusable="false" class="icon icon-cancel" aria-hidden="true">
										<use xmlns:xlink="http://www.w3.org/1999/xlink" xlink:href="#icon-cancel"></use>
									</svg>
								</div>
							</button>
							<button type="submit" class="search-submit" data-ng-disabled="alternativeProductsModalVM.alterSearchTerm.length < 2" 
									data-ng-click="alternativeProductsModalVM.getSiteSearchResults()">
								<div class="accessibility-inline">
									Search
								</div>
								<svg role="presentation" focusable="false" class="icon icon-search" aria-hidden="true">
									<use xmlns:xlink="http://www.w3.org/1999/xlink" xlink:href="#icon-search"></use>
								</svg>
							</button>
						</form>
						<div class="alert is-alert-bottom is-visible" data-ng-show="alternativeProductsModalVM.showAlert" role="alert">
							<div class="alert-wrapper alert-information">
								<span class="arrow"></span>
								<div class="alert-content" data-ng-messages="">
									<p id="alert-invalid-chars" tabindex="-1" role="text" >
										Your search contained characters that aren&rsquo;t allowed.
									</p>
									<button class="button button-close-alert" data-ng-click="alternativeProductsModalVM.closeAlert()">
										<span class="icon-container" aria-hidden="true">
											<svg role="presentation" focusable="false" class="icon icon-cross" aria-hidden="true">
												<use xmlns:xlink="http://www.w3.org/1999/xlink" xlink:href="#icon-cross"></use>
											</svg>
										</span>
										<span class="accessibility-inline">
											Dismiss Alert
										</span>
									</button>
								</div>
							</div>
						</div>
					</div>
				</div>
				<div class="callout" data-ng-if="alternativeProductsModalVM.tiles.length === 0 && alternativeProductsModalVM.manager.hasBBProducts && !alternativeProductsModalVM.isSearchMode">
					<p class="callout-content txt-center">
						<span class="callout-label">
							There are no recommended product alternatives, you can try searching for a product instead
						</span>
					</p>
				</div>
				<div class="callout" data-ng-if="alternativeProductsModalVM.tiles.length === 0 && alternativeProductsModalVM.manager.hasBBProducts && alternativeProductsModalVM.isSearchMode">
					<p id="overlayNoresults" tabindex="-1" class="callout-content txt-center" role="text">
						<span class="callout-label">
							No results were found for <strong>"{{::alternativeProductsModalVM.alterSearchTerm}}"</strong>
						</span>
					</p>
				</div>
				<h2 class="section-heading" data-ng-if="alternativeProductsModalVM.tiles.length > 0 && alternativeProductsModalVM.manager.hasBBProducts && alternativeProductsModalVM.isSearchMode">
					<p id="searchOverlayResults" tabindex="-1" role="text">
						Showing top results for <strong>"{{::alternativeProductsModalVM.alterSearchTerm}}"</strong>
					</p>
				</h2>
				<div class="product-list" data-colrs-products-area-container>
					<div data-colrs-preloader data-svg-id="preloader-modal" data-size="large" 
						data-ng-class="{'is-active' : alternativeProductsModalVM.isLoading}" data-is-animating="alternativeProductsModalVM.isLoading"></div>
					<div data-colrs-product-tile data-ng-repeat="tile in alternativeProductsModalVM.tiles | limitTo:20" tile="tile"
						data-context="MODAL" data-show-ticket-type="true" data-ng-class="{'is-boxed': productTileVM.hasProductTicketType}">
					</div>
				</div>
				<div class="callout is-small callout-substitutes" data-ng-if="alternativeProductsModalVM.tiles.length > 0 && alternativeProductsModalVM.manager.hasBBProducts && !alternativeProductsModalVM.isSearchMode">
					<p class="callout-content txt-center">
						<span class="callout-label">
							Didn&rsquo;t find what you want? Try <a href="#" data-ng-click="alternativeProductsModalVM.focusSearchBar()">searching for a product</a>
						</span>
					</p>
				</div>
				<div class="callout is-small callout-substitutes" data-ng-if="alternativeProductsModalVM.tiles.length > 0 && alternativeProductsModalVM.manager.hasBBProducts && alternativeProductsModalVM.isSearchMode">
					<p class="callout-content txt-center">
						<span class="callout-label">
							Didn&rsquo;t find what you want? <a href="#" data-ng-click="alternativeProductsModalVM.focusSearchBar()">Try a more specific search</a>
						</span>
					</p>
				</div>
            </div>
        </div>
        <div class="popup-footer" data-transclude-id="footer">
			<button class="button button-dark float-right" data-ng-click="close()" data-ng-if="!alternativeProductsModalVM.fromOOSPage" data-colrs-trap-last>
				Keep Shopping
			</button>
			<button class="button button-dark float-right" data-ng-click="close()" data-ng-if="alternativeProductsModalVM.fromOOSPage" data-colrs-trap-last>
				Continue
			</button>
		</div>
    </div>
    <span class="accessibility" tabindex="-1">
		End of pop up dialog box
	</span>
</div>

</script>

<script type="text/ng-template" id="/online/COLRSClickAndCollectSplashScreenModalTemplate?storeId=20201&amp;langId=-1&amp;requesttype=ajax">
	
<div id="cc-selector-modal" class="popup popup-plain popup-cc-selector is-open colrs-animate ng-enter"
		tabindex="-1" aria-hidden="false" aria-labelledby="promo-dialog-title" role="dialog" data-colrs-trap-focus style="left: 294px; top: 314.5px;" >
	<span class="accessibility" tabindex="-1">
		Start of pop up dialog box
	</span>
	<div class="popup-inside">
		<div class="popup-header" data-transclude-id="head">
			<div id="promo-dialog-title" tabindex="-1" data-colrs-trap-initial data-colrs-trap-first>
				<span class="accessibility">
					Pop up box displayed Click&Collect Splash Message
				</span>
			</div>
			<div class="close is-dark">
				<a href="#" class="popup-close" title="Close this pop up dialog box" data-ng-click="close()">
					<svg focusable="false" class="icon icon-cross" role="presentation" aria-hidden="true">
						<use xmlns:xlink="http://www.w3.org/1999/xlink" xlink:href="#icon-cross"></use>
					</svg>
				</a>
			</div>
		</div>
		<div class="popup-body">
			<div class="popup-content">
				<div class="espotContainer">
					<!-- Start | E-Spot for CC Splash screen [RS_CLICK_AND_COLLECT_SPLASH_SCREEN] -->
					<dynamic-espot-content />
					<!-- End | E-Spot for CC Splash screen [RS_CLICK_AND_COLLECT_SPLASH_SCREEN] -->
				</div>
			</div>
		</div>
    </div>
    <span class="accessibility" tabindex="-1">
		End of pop up dialog box
	</span>
</div>

</script>
<script type="text/ng-template" id="/online/COLRSSignUpSubscriptionTemplate?storeId=20201&amp;langId=-1&amp;requesttype=ajax">
	

<div class="view view-lists view-manage-sub-nav colrs-animate has-back-link" data-colrs-signup-subscription tabindex="-1" data-colrs-trap-focus>
	<span class="accessibility" tabindex="-1" data-colrs-trap-initial data-colrs-trap-first>
		pop up box displayed for sign up delivery subscription
	</span>
	<div class="view-lists">
		<div class="draw-content-scroll">
			<!-- Header section will start here -->
			<div class="draw-content-header">
				<a href="#" class="back-link" data-ng-click="signupSubscriptionVM.goBack()" >
					<svg focusable="false" class="icon icon-back" role="presentation" aria-hidden="true">
						<use xmlns:xlink="http://www.w3.org/1999/xlink" xlink:href="#icon-back"></use>
					</svg>
					<span class="accessibility-inline">
						go back to Account
					</span>
				</a>
				<h1 class="heading">
					Sign up for a delivery plus subscription
				</h1>
				<a href="#" class="hidden-close-popup focus-outline" data-ng-click="close()">
					Close this pop up dialog box
				</a>
			</div>
			<!-- Header section will end here --><!-- Info section will start here -->
			<div class="draw-content-info">
				<svg focusable="false" class="icon icon-delivery icon1" role="presentation" aria-hidden="true">
					<use xmlns:xlink="http://www.w3.org/1999/xlink" xlink:href="#icon-delivery"></use>
				</svg>
				<div class="input-container">
					<h1 class="sub-heading-md">
								Sign up for a delivery subscription and get free deliveries on all orders over $100.
					</h1>
				</div>

			</div>
			<!-- Info section will end here -->

			<div class="draw-content-body">
				<button class="button button-dark" data-ng-click="signupSubscriptionVM.showPlanSelection($event)">Sign up</button>
				<a href="#" class="secondary-cta" data-ng-click="signupSubscriptionVM.showDeliverySubscriptionPaymentHistory($event)" data-ng-if="signupSubscriptionVM.isSubscriptionHistory">
					<span role="text" >
						
						<svg width="16px" height="11px" viewBox="0 0 16 11" version="1.1" xmlns="http://www.w3.org/2000/svg" xmlns:xlink="http://www.w3.org/1999/xlink">
							 <g id="Desktop-V2" stroke="none" stroke-width="1" fill="none" fill-rule="evenodd">
									<g id="V2-COL-Delivery-Subscription---Account-Panel-(Manage)" transform="translate(-1311.000000, -385.000000)">
										 <g id="Pencil-Icon-Copy-2" transform="translate(1309.000000, 380.000000)">
												<rect id="Bouding-Box" x="0" y="0" width="20" height="20"></rect>
												<path d="M17.9033483,9.92778713 C16.3969566,6.98861489 13.4147287,5 10,5 C6.58527129,5 3.60221007,6.99000378 2.09665166,9.92806491 C1.96778278,10.182982 1.96778278,10.4839827 2.09665166,10.7388998 C3.60304341,13.678072 6.58527129,15.6666869 10,15.6666869 C13.4147287,15.6666869 16.3977899,13.6766831 17.9033483,10.738622 C18.0322172,10.4837049 18.0322172,10.1827042 17.9033483,9.92778713 Z M9.9999924,14.3333515 C7.79085681,14.3333515 5.9999924,12.5424867 5.9999924,10.3333359 C5.9999924,8.12420027 7.79085681,6.33333587 9.9999924,6.33333587 C12.2091432,6.33333587 14.0000081,8.12420027 14.0000081,10.3333359 C14.0005237,11.3943696 13.5792613,12.4120871 12.8290025,13.1623459 C12.0787436,13.9126048 11.0610261,14.3338672 9.9999924,14.3333515 L9.9999924,14.3333515 Z M10,7.66666429 C9.7619805,7.66999815 9.52549684,7.70540997 9.29694311,7.77194971 C9.68625658,8.30101177 9.630722,9.03511805 9.1662483,9.49959176 C8.70177459,9.96406546 7.96766831,10.0196 7.43860625,9.63028657 C7.13967393,10.7316113 7.57637587,11.9009179 8.52405555,12.5366694 C9.47173523,13.1724209 10.7193062,13.1330098 11.6249692,12.4387107 C12.5306322,11.7444116 12.8926596,10.5498729 12.5248104,9.469612 C12.1569612,8.38935106 11.1411702,7.66398552 10,7.66666429 L10,7.66666429 Z" id="Shape" fill="#000000" fill-rule="nonzero"></path>
										 </g>
									</g>
							 </g>
						</svg>
						View past subscription history
					</span>
				</a>
			</div>

			<!-- Footer section will start here -->
			<div class="draw-content-footer-section"></div>
			<!-- Footer section will end here -->
		</div>
	</div>
</div>


</script>
<script type="text/ng-template" id="/online/COLRSManageSubscriptionTemplate?storeId=20201&amp;langId=-1&amp;requesttype=ajax">
	

<div class="view view-lists view-manage-sub-nav colrs-animate has-back-link" data-colrs-delivery-subscription tabindex="-1" data-colrs-trap-focus>
	<span class="accessibility" tabindex="-1" data-colrs-trap-initial data-colrs-trap-first>
		pop up box displayed for manage your delivery subscription
	</span>
	<div class="view-lists">
		<div class="draw-content-scroll">
			<!-- Header section will start here -->
			<div class="draw-content-header">
				<a href="#" class="back-link" data-ng-click="deliverySubscriptionVM.goBack()" >
					<svg focusable="false" class="icon icon-back" role="presentation" aria-hidden="true">
						<use xmlns:xlink="http://www.w3.org/1999/xlink" xlink:href="#icon-back"></use>
					</svg>
					<span class="accessibility-inline">
						go back to delivery subscription
					</span>
				</a>
				<h1 class="heading">
					Manage your delivery subscription
				</h1>
				<a href="#" class="hidden-close-popup focus-outline" data-ng-click="close()">
					Close this pop up dialog box
				</a>
			</div>
			<!-- Header section will end here --><!-- Info section will start here -->
			<div class="draw-content-info">
				<svg focusable="false" class="icon icon-delivery icon1" role="presentation" aria-hidden="true">
					<use xmlns:xlink="http://www.w3.org/1999/xlink" xlink:href="#icon-delivery"></use>
				</svg>
				<div data-ng-if="!deliverySubscriptionVM.isSubscriptionActive">
					<h1 class="sub-heading">You have successfully cancelled your {{deliverySubscriptionVM.subscriptionDescription}} subscription</h1>
				</div>
				<div data-ng-if="deliverySubscriptionVM.isSubscriptionActive">
					<h1 class="sub-heading">You are subscribed to {{deliverySubscriptionVM.subscriptionDescription}}</h1>
				</div>
			</div>
			<!-- Info section will end here -->

			<div class="draw-content-body">
				<!-- default for initial border bottom -->
				<div class="input-container">
				</div>
				<!--View history section-->
				<div class="input-container has-icon boundary">
					<div class="heading-container">
						<div class="left-col">
							<h2 class="heading">Subscription history</h2>
						</div>
						<div class="right-col">
							<button class="edit-link has-icon" data-ng-click="deliverySubscriptionVM.showDeliverySubscriptionPaymentHistory($event)" data-ng-if="deliverySubscriptionVM.isSubscriptionHistory">
								<span role="text">
									
									<svg width="16px" height="11px" viewBox="0 0 16 11" version="1.1" xmlns="http://www.w3.org/2000/svg" xmlns:xlink="http://www.w3.org/1999/xlink">
									   <g id="Desktop-V2" stroke="none" stroke-width="1" fill="none" fill-rule="evenodd">
									      <g id="V2-COL-Delivery-Subscription---Account-Panel-(Manage)" transform="translate(-1311.000000, -385.000000)">
									         <g id="Pencil-Icon-Copy-2" transform="translate(1309.000000, 380.000000)">
									            <rect id="Bouding-Box" x="0" y="0" width="20" height="20"></rect>
									            <path d="M17.9033483,9.92778713 C16.3969566,6.98861489 13.4147287,5 10,5 C6.58527129,5 3.60221007,6.99000378 2.09665166,9.92806491 C1.96778278,10.182982 1.96778278,10.4839827 2.09665166,10.7388998 C3.60304341,13.678072 6.58527129,15.6666869 10,15.6666869 C13.4147287,15.6666869 16.3977899,13.6766831 17.9033483,10.738622 C18.0322172,10.4837049 18.0322172,10.1827042 17.9033483,9.92778713 Z M9.9999924,14.3333515 C7.79085681,14.3333515 5.9999924,12.5424867 5.9999924,10.3333359 C5.9999924,8.12420027 7.79085681,6.33333587 9.9999924,6.33333587 C12.2091432,6.33333587 14.0000081,8.12420027 14.0000081,10.3333359 C14.0005237,11.3943696 13.5792613,12.4120871 12.8290025,13.1623459 C12.0787436,13.9126048 11.0610261,14.3338672 9.9999924,14.3333515 L9.9999924,14.3333515 Z M10,7.66666429 C9.7619805,7.66999815 9.52549684,7.70540997 9.29694311,7.77194971 C9.68625658,8.30101177 9.630722,9.03511805 9.1662483,9.49959176 C8.70177459,9.96406546 7.96766831,10.0196 7.43860625,9.63028657 C7.13967393,10.7316113 7.57637587,11.9009179 8.52405555,12.5366694 C9.47173523,13.1724209 10.7193062,13.1330098 11.6249692,12.4387107 C12.5306322,11.7444116 12.8926596,10.5498729 12.5248104,9.469612 C12.1569612,8.38935106 11.1411702,7.66398552 10,7.66666429 L10,7.66666429 Z" id="Shape" fill="#000000" fill-rule="nonzero"></path>
									         </g>
									      </g>
									   </g>
									</svg>
									View history
									<span class="accessibility-inline"></span>
								</span>
							</button>
						</div>
					</div>
					<span class="copy" role="text" data-ng-if="!deliverySubscriptionVM.isSubscriptionActive">
						Your current subscription will end on <strong>{{deliverySubscriptionVM.subscriptionDate}}</strong>
					</span>
					<span class="copy" role="text" data-ng-if="deliverySubscriptionVM.isSubscriptionActive">
						You will be charged {{deliverySubscriptionVM.subscriptionPrice}} on <strong>{{deliverySubscriptionVM.subscriptionDate}}</strong>.
					</span>
				</div>
				<!--View history section end here--><!-- Payment details -->
				<div class="input-container boundary">
				  <div class="heading-container">
				    <div class="left-col">
				      <h2 class="heading">
				         Payment details
				      </h2>
				    </div>
				    <div class="right-col">
				      <button class="edit-link has-icon" data-ng-if="deliverySubscriptionVM.isSubscriptionActive" data-ng-click="deliverySubscriptionVM.editPayment()">
				        <span role="text">
				          <svg focusable="false" class="icon icon-edit" role="presentation" aria-hidden="true">
				             <use xmlns:xlink="http://www.w3.org/1999/xlink" xlink:href="#icon-edit"></use>
				          </svg>
				          Change
				          <span class="accessibility-inline"></span>
				        </span>
				      </button>
				    </div>
				  </div>
				  <div class="payment-details" data-ng-if="deliverySubscriptionVM.savedPaymentMethods.cc_masked_card">
				     <p class="detail-row">
				        <span class="copy">
				           Credit / debit card
				        </span>
				     </p>
				     <p class="detail-row">
				        <span class="copy bold" role="text">
				           <svg focusable="false" class="icon {{deliverySubscriptionVM.savedPaymentMethods.ICON_CARD | lowercase}}" role="presentation" aria-hidden="true" >
				              <use xmlns:xlink="http://www.w3.org/1999/xlink" data-ng-attr-xlink:href="{{'#'+deliverySubscriptionVM.savedPaymentMethods.ICON_CARD | lowercase}}" xlink:href=""></use>
				           </svg>
				           <span class="bullets" aria-hidden="true">
				              &bull;&bull;&bull;&bull; &bull;&bull;&bull;&bull; &bull;&bull;&bull;&bull;
				           </span>
				           <span aria-hidden="true">{{::deliverySubscriptionVM.savedPaymentMethods.ccLastFourDigits}}</span>
				           <span class="accessibility-inline">
				              Card number ending in {{::deliverySubscriptionVM.savedPaymentMethods.ccLastFourDigitsA11y}}
				           </span>
				        </span>
				     </p>
				     <p class="detail-row" data-ng-if="!deliverySubscriptionVM.savedPaymentMethods.isCardExpired">
				        <span class="copy">
				           Valid up to {{::deliverySubscriptionVM.savedPaymentMethods.cc_expiry_month}} / 20{{::deliverySubscriptionVM.savedPaymentMethods.cc_expiry_year}}
				        </span>
				     </p>
				     <p class="detail-row" data-ng-if="deliverySubscriptionVM.savedPaymentMethods.isCardExpired">
				        <strong>
				           Your card has expired
				        </strong>
				        <br>
				        <span class="copy">
				           Update next time you checkout
				        </span>
				     </p>
				  </div>
				  <div class="payment-details" data-ng-if="!deliverySubscriptionVM.savedPaymentMethods.cc_masked_card">
				    <div data-ng-if="deliverySubscriptionVM.savedPaymentMethods.paymentMethod == 'PayPal'">
				      <p class="detail-row">
				         <span class="copy">
				            Paypal
				         </span>
				      </p>
				      <p class="detail-row">
				         <span class="copy bold" role="text">
				           <svg focusable="false" class="icon {{::deliverySubscriptionVM.savedPaymentMethods.selectedPaymentType.ICON}}" role="presentation" aria-hidden="true" >
				              <use xmlns:xlink="http://www.w3.org/1999/xlink" xlink:href="" data-ng-attr-xlink:href="{{'#'+deliverySubscriptionVM.savedPaymentMethods.selectedPaymentType.ICON}}"></use>
				           </svg>
				           <span aria-hidden="true">{{::deliverySubscriptionVM.savedPaymentMethods.paypal_email_id}}</span>
				         </span>
				       </p>
				    </div>
				    <div data-ng-if="deliverySubscriptionVM.savedPaymentMethods.paymentMethod == 'BillMeLater'">
				      <p class="detail-row">
				         <span class="copy bold" role="text">
				           <svg focusable="false" class="icon {{::deliverySubscriptionVM.savedPaymentMethods.selectedPaymentType.ICON}}" role="presentation" aria-hidden="true" >
				              <use xmlns:xlink="http://www.w3.org/1999/xlink" xlink:href="" data-ng-attr-xlink:href="{{'#'+deliverySubscriptionVM.savedPaymentMethods.selectedPaymentType.ICON}}"></use>
				           </svg>
				           <span aria-hidden="true">{{::deliverySubscriptionVM.savedPaymentMethods.selectedPaymentType.DESCRIPTION}}</span>
				         </span>
				       </p>
				    </div>
				  </div>
				</div>
			</div>

			<!-- Footer section will start here -->
			<div class="draw-content-footer-section" data-ng-if="deliverySubscriptionVM.isSubscriptionActive">
			<p>
				<a href="#" class="full-width-anchor" data-ng-click="deliverySubscriptionVM.cancelSubscriptionConfirm()">
					<span role="text" >
						Cancel subscription
					</span>
				</a>
			</p>
			
			</div>
			<!-- Footer section will end here -->
		</div>
	</div>
</div>


</script>
<script type="text/ng-template" id="/online/COLRSCancelSubscriptionSuccessTemplate?storeId=20201&amp;langId=-1&amp;requesttype=ajax">
	

<div class="view view-lists colrs-animate has-back-link" data-colrs-delivery-subscription tabindex="-1" data-colrs-trap-focus>
	<span class="accessibility" tabindex="-1" data-colrs-trap-initial data-colrs-trap-first> 
		pop up box displayed for cancel subscription success
	</span>
		
	<div class="view-lists">
		<div class="draw-content-scroll cancel-confirm-section">
			<!-- Header section will start here -->
			<a href="#" class="hidden-close-popup focus-outline" data-ng-click="close()">
				Close this pop up dialog box
			</a>
	
			<!-- Header section will end here --><!-- Info section will start here -->
			<div class="draw-content-info">
				<svg focusable="false" class="icon icon-success icon2" role="presentation" aria-hidden="true">
					<use xmlns:xlink="http://www.w3.org/1999/xlink" xlink:href="#icon-success"></use>
				</svg>
				<h1 class="sub-heading">Your delivery subscription has been cancelled</h1>
			</div>
			<!-- Info section will end here --><!-- Footer section will start here -->
			<div class="draw-content-footer-section" >
				<button class="button button-dark full-width-btn" data-ng-click="deliverySubscriptionVM.closeManageSubscription()">
					Ok, got it
				</button>
			</div>
			<!-- Footer section will end here -->
		</div>
	</div>
</div>


</script>
<script type="text/ng-template" id="/online/COLRSCancelSubscriptionConfirmationTemplate?storeId=20201&amp;langId=-1&amp;requesttype=ajax">
	

<div class="view view-lists colrs-animate has-back-link" data-colrs-delivery-subscription tabindex="-1" data-colrs-trap-focus>
	<span class="accessibility" tabindex="-1" data-colrs-trap-initial data-colrs-trap-first> 
		pop up box displayed for cancel subscription confirmation
	</span>
		
	<div class="view-lists">
		<div class="draw-content-scroll cancel-confirm-section">
			<!-- Header section will start here -->
			<a href="#" class="hidden-close-popup focus-outline" data-ng-click="close()">
				Close this pop up dialog box
			</a>

			<!-- Header section will end here --><!-- Info section will start here -->
			<div class="draw-content-info">
				<svg focusable="false" class="icon icon-alert icon2" role="presentation" aria-hidden="true">
					<use xmlns:xlink="http://www.w3.org/1999/xlink" xlink:href="#icon-alert"></use>
				</svg>
				<h1 class="sub-heading">Are you sure you want to cancel your delivery subscription?</h1>
			</div>
			<!-- Info section will end here --><!-- Footer section will start here -->
			<div class="draw-content-footer-section" >
				<button class="button button-dark full-width-btn" data-ng-click="deliverySubscriptionVM.cancelSubscription()">
					Yes, cancel it
				</button>
				<a href="#" class="full-width-anchor" data-ng-click="deliverySubscriptionVM.goBack()">
					<strong>No, keep my subscription</strong>
				</a>
			</div>
			<!-- Footer section will end here -->
		</div>
	</div>
</div>


</script>
<script type="text/ng-template" id="/online/COLRSDeliverySubscriptionPaymentHistoryTemplate?storeId=20201&amp;langId=-1&amp;requesttype=ajax">
	

<div class="view view-lists view-manage-sub-nav colrs-animate has-back-link" data-colrs-delivery-subscription-payment-history tabindex="-1" data-colrs-trap-focus>
  <span class="accessibility" tabindex="-1" data-colrs-trap-initial data-colrs-trap-first>
		pop up box displayed for manage your delivery subscription
	</span>
  <div class="draw-content-scroll">
    <div class="draw-content-header">
      <a href="#" class="back-link" data-ng-click="deliverySubscriptionHistoryVM.goBack()" >
        <svg focusable="false" class="icon icon-back" role="presentation" aria-hidden="true">
          <use xmlns:xlink="http://www.w3.org/1999/xlink" xlink:href="#icon-back"></use>
        </svg>
        <span class="accessibility-inline">
          go back to Manage subscription
        </span>
      </a>
      <h1 class="heading">
        Your Delivery Plus subscription history
      </h1>
      <a href="#" class="hidden-close-popup focus-outline" data-ng-click="close()">
        Close this pop up dialog box
      </a>
    </div>
    <div class="draw-content-body">
      <div class="input-container has-icon has-chevron boundary" ng-repeat="sh in deliverySubscriptionHistoryVM.subscriptionHistoryList">
        <a href="#" data-ng-click="deliverySubscriptionHistoryVM.showDeliverySubscriptionOrderSummary($event,sh)">
          <h2 class="heading">
              {{sh.headerDate}} - {{sh.description}}
          </h2>
          <!---->
          <span class="copy margin-r-5" data-ng-if="sh.failedPayment == null">
            <svg focusable="false" class="icon margin-b--5" role="presentation" aria-hidden="true">
              <use xmlns:xlink="http://www.w3.org/1999/xlink" xlink:href="#icon-success"></use>
            </svg>
          </span>
          <span class="copy margin-r-5" data-ng-if="sh.failedPayment === 1">
           <svg focusable="false" aria-hidden="true" class="icon icon-alert margin-b--5">
          	  <use xmlns:xlink="http://www.w3.org/1999/xlink" xlink:href="#icon-alert"></use>
        	</svg>
          </span>
          <span class="copy" data-ng-if="sh.failedPayment == null">
             Payment successfully made on {{sh.placedDate}}
          </span>
          <span class="copy" data-ng-if="sh.failedPayment === 1">
             Payment failed on {{sh.placedDate}}
          </span>
          <svg focusable="false" class="icon icon-arrow">
              <use xmlns:xlink="http://www.w3.org/1999/xlink" xlink:href="#icon-arrow"></use>
          </svg>
        </a>
      </div>
    </div>
  </div>
</div>

</script>
<script type="text/ng-template" id="/online/COLRSDeliverySubscriptionOrderSummaryTemplate?storeId=20201&amp;langId=-1&amp;requesttype=ajax">
	

<div class="view view-orders-placed has-back-link colrs-animate ng-enter" data-colrs-delivery-subscription-order-summary tabindex="-1" data-colrs-trap-focus>
   <span class="accessibility" tabindex="-1" data-colrs-trap-initial data-colrs-trap-first>
   pop up box displayed for manage your delivery subscription
   </span>
   <div class="draw-content-scroll">
      <div class="draw-content-header">
         <a href="#" class="back-link" data-ng-click="deliverySubscriptionHistoryVM.goBack()" >
            <svg focusable="false" class="icon icon-back" role="presentation" aria-hidden="true">
               <use xmlns:xlink="http://www.w3.org/1999/xlink" xlink:href="#icon-back"></use>
            </svg>
            <span class="accessibility-inline">
            go back to your subscription history
            </span>
         </a>
         <h1 class="heading">
          {{deliverySubscriptionHistoryVM.order.headerDate}} Delivery Plus subscription details
         </h1>
         <a href="#" class="hidden-close-popup focus-outline" data-ng-click="close()">
         Close this pop up dialog box
         </a>
      </div>
      <div class="draw-content-body">
        <div class="expiry-warning" data-ng-if="deliverySubscriptionHistoryVM.order.failedPayment === 1">
          <div class="validation-messages">
            <svg focusable="false" class="icon icon-alert">
              <use xmlns:xlink="http://www.w3.org/1999/xlink" xlink:href="#icon-alert"></use>
            </svg>
            <h2>
              <span role="text"><span class="accessibility-inline">Important announcement,</span> Payment failed</span>
            </h2>
            <div>
               <span role="text">We couldn't process your payment on {{::deliverySubscriptionHistoryVM.order.placedDate}}</span>
             </div>
          </div>
        </div>
         <div class="orderSummary buttonlike" data-ng-if="deliverySubscriptionHistoryVM.initialized">
            <div class="trolleySummaryContainer">
               <div class="trolleySummary">
                  <div class="address">
                     <svg focusable="false" class="icon icon-delivery" role="presentation" aria-hidden="true">
                        <use xmlns:xlink="http://www.w3.org/1999/xlink" xlink:href="#icon-delivery"></use>
                     </svg>
                     <div class="left delivery-address">
                       
                        <h2>Subscription Type</h2>
                        <span role="text">
                        <span aria-hidden="true">{{::deliverySubscriptionHistoryVM.order.address.addressLine1Formatted}}</span>
                        <span class="accessibility-inline">{{::deliverySubscriptionHistoryVM.order.address.addressLine1A11y}}</span>
                        <span>{{::deliverySubscriptionHistoryVM.order.address.addressLine2Formatted}}</span>
                        </span>
                     </div>
                     <div class="left delivery-slot">
                        <h2 class="accessibility-inline"></h2>
                        <div role="text">
                           <span>{{::deliverySubscriptionHistoryVM.order.description}}</span>
                           <span class="accessibility-inline">
                              &comma;
                           </span>
                           <span>
                              
                              <span aria-hidden="true">
                                 
                              </span>
                              <span class="accessibility-inline">
                                 
                              </span>
                           </span>
                        </div>
                     </div>
                  </div>
               </div>
            </div>
            <div class="paymentSummary">
               <svg focusable="false" class="icon {{::deliverySubscriptionHistoryVM.order.summary.payment.selectedPaymentType.ICON}}" role="presentation" aria-hidden="true">
                  <use xmlns:xlink="http://www.w3.org/1999/xlink" xlink:href="" data-ng-attr-xlink:href="{{'#'+deliverySubscriptionHistoryVM.order.summary.payment.selectedPaymentType.ICON}}"></use>
               </svg>
               <div class="left" data-ng-if="::!deliverySubscriptionHistoryVM.order.status.isCancelled()">
                  <h2 class="accessibility-inline">
                     Payment Method
                  </h2>
                  <span role="text">
                     <span data-ng-if="::deliverySubscriptionHistoryVM.order.summary.payment.selectedPaymentType.DESCRIPTION == 'Credit card'">
                        Card
                     </span>
                     <span data-ng-if="::deliverySubscriptionHistoryVM.order.summary.payment.selectedPaymentType.DESCRIPTION != 'Credit card'" data-ng-bind="::deliverySubscriptionHistoryVM.order.summary.payment.selectedPaymentType.DESCRIPTION"></span>
                     <span data-ng-if="::deliverySubscriptionHistoryVM.order.summary.payment.ccType" class="accessibility-inline" data-ng-bind="::deliverySubscriptionHistoryVM.order.summary.payment.ccType"></span>
                     <span class="card-number" data-ng-if="::deliverySubscriptionHistoryVM.order.summary.payment.selectedPaymentType.isCreditCard">
                        <span class="card-number-private" aria-hidden="true">
                           &bull;&bull;&bull;&bull; &bull;&bull;&bull;&bull; &bull;&bull;&bull;&bull;
                        </span>
                        <span class="accessibility">
                           ending in
                           {{::deliverySubscriptionHistoryVM.order.summary.payment.lastFourDigits}}
                        </span>
                        <span aria-hidden="true" data-ng-bind="::deliverySubscriptionHistoryVM.order.summary.payment.savedDigits"></span>
                        <svg focusable="false" class="icon-card-type {{::deliverySubscriptionHistoryVM.order.summary.payment.ICON_CARD}}" role="presentation" aria-hidden="true">
                           <use xmlns:xlink="http://www.w3.org/1999/xlink" data-ng-attr-xlink:href="{{'#'+deliverySubscriptionHistoryVM.order.summary.payment.ICON_CARD}}" xlink:href=""></use>
                        </svg>
                     </span>
                     <span data-ng-if="::deliverySubscriptionHistoryVM.order.summary.payment.selectedPaymentType.DESCRIPTION == 'PayPal'" class="account-holder">
                     {{::deliverySubscriptionHistoryVM.order.summary.payment.paypalEmail}}
                     </span>
                  </span>
               </div>
               <div class="right">
                  <h2 class="accessibility-inline">
                     Order Total
                  </h2>
                  <span role="text">
                     {{::deliverySubscriptionHistoryVM.order.summary.grandTotalFormatted}}
                     <span class="savings" data-ng-if="::deliverySubscriptionHistoryVM.order.summary.hasTotalSavings">
                        You save {{::deliverySubscriptionHistoryVM.order.summary.totalSavingsFormatted}}*
                     </span>
                  </span>
               </div>
            </div>
            <div class="paymentInvoice" data-ng-if="deliverySubscriptionHistoryVM.order.failedPayment == null">
               <svg focusable="false" class="icon icon-invoice" role="presentation" aria-hidden="true">
                  <use xmlns:xlink="http://www.w3.org/1999/xlink" xlink:href="#icon-invoice"></use>
               </svg>
               <div class="left">
                  <h2>
                    
                     <span data-ng-if="deliverySubscriptionHistoryVM.order.invoices.length === 1">
                        Invoice
                        </span>
                        <span data-ng-if="deliverySubscriptionHistoryVM.order.invoices.length > 1">
                        Invoices
                        </span>
                  </h2>
                  <div data-ng-if="::deliverySubscriptionHistoryVM.order.invoices" data-ng-repeat="invoice in ::deliverySubscriptionHistoryVM.order.invoices" data-ng-switch="invoice.type">
                     <div class="invoice" data-ng-if="::invoice.isWeb">
                        <h3 class="plain-heading" data-ng-switch-when="Amendment">
                           <span role="text">
                              Amendment invoice <span aria-hidden="true">-</span> 
                              <span class="accessibility-inline">{{ ::invoice.lastUpdate | date : "dd MMMM, H:mma" }}</span>
                              <span aria-hidden="true">{{ ::invoice.lastUpdate | date : "dd MMM, H:mma" }}</span>
                           </span>
                        </h3>
                        <h3 class="plain-heading" data-ng-switch-when="Refund">
                           <span role="text">
                           Refund invoice <span aria-hidden="true">-</span> 
                           <span class="accessibility-inline">{{ ::invoice.lastUpdate | date : "dd MMMM, H:mma" }}</span>
                           <span aria-hidden="true">{{ ::invoice.lastUpdate | date : "dd MMM, H:mma" }}</span>
                           <span role="text">
                        </h3>
                        <h3 class="plain-heading" data-ng-switch-default>
                           <span role="text">
                              Order invoice <span aria-hidden="true">-</span> 
                              <span class="accessibility-inline">{{ ::invoice.lastUpdate | date : "dd MMMM, H:mma" }}</span>
                              <span aria-hidden="true">{{ ::invoice.lastUpdate | date : "dd MMM, H:mma" }}</span>
                           </span>
                        </h3>
                        <div class="invoice-link-container">
                           <a data-ng-href="{{deliverySubscriptionHistoryVM.getLinkUrl(invoice.fileName)}}"
                              target="_blank" data-ng-if="::invoice.isWeb" class="invoice-link">
                              <span role="text">
                                 <span data-ng-switch-when="Amendment" class="accessibility-inline">
                                    Web page view of Amendment invoice from<span aria-hidden="true">-</span> 
                                 </span>
                                 <span data-ng-switch-when="Refund" class="accessibility-inline">
                                    Web page view of Refund invoice from<span aria-hidden="true">-</span> 
                                 </span>
                                 <span data-ng-switch-default class="accessibility-inline">
                                    Web page view of Order invoice from<span aria-hidden="true">-</span> 
                                 </span>
                                 <span class="accessibility-inline">{{ ::invoice.lastUpdate | date : "dd MMMM, H:mma" }}</span>
                                 <span aria-hidden="true">View invoice</span><span class="accessibility-inline"> opens in a new tab</span>
                              </span>
                           </a>
                        </div>
                     </div>
                     <div class="invoice" data-ng-if="::invoice.isPdf">
                        <h3 class="plain-heading" data-ng-switch-when="Amendment">
                           <span role="text">
                              Amendment invoice <span aria-hidden="true">-</span> 
                              <span class="accessibility-inline">{{ ::invoice.lastUpdate | date : "dd MMMM, H:mma" }}</span>
                              <span aria-hidden="true">{{ ::invoice.lastUpdate | date : "dd MMM, H:mma" }}</span>
                           </span>
                        </h3>
                        <h3 class="plain-heading" data-ng-switch-when="Refund">
                           <span role="text">
                           Refund invoice <span aria-hidden="true">-</span> 
                           <span class="accessibility-inline">{{ ::invoice.lastUpdate | date : "dd MMMM, H:mma" }}</span>
                           <span aria-hidden="true">{{ ::invoice.lastUpdate | date : "dd MMM, H:mma" }}</span>
                           <span role="text">
                        </h3>
                        <h3 class="plain-heading" data-ng-switch-default>
                           <span role="text">
                              Order invoice <span aria-hidden="true">-</span> 
                              <span class="accessibility-inline">{{ ::invoice.lastUpdate | date : "dd MMMM, H:mma" }}</span>
                              <span aria-hidden="true">{{ ::invoice.lastUpdate | date : "dd MMM, H:mma" }}</span>
                           </span>
                        </h3>
                        <div class="invoice-link-container">
                           <a data-ng-href="/wcs/resources/store/{{deliverySubscriptionHistoryVM.siteConfig.storeId}}/order/{{deliverySubscriptionHistoryVM.order.childOrderId}}/invoice/{{invoice.fileName}}"
                              target="_blank" data-ng-if="::invoice.isPdf" class="invoice-link">
                              <span role="text">
                                 <span data-ng-switch-when="Amendment" class="accessibility-inline">
                                    Download PDF of Amendment invoice from<span aria-hidden="true">-</span> 
                                 </span>
                                 <span data-ng-switch-when="Refund" class="accessibility-inline">
                                    Download PDF of Refund invoice from<span aria-hidden="true">-</span> 
                                 </span>
                                 <span data-ng-switch-default class="accessibility-inline">
                                    Download PDF of Order invoice from<span aria-hidden="true">-</span> 
                                 </span>
                                 <span class="accessibility-inline">{{ ::invoice.lastUpdate | date : "dd MMMM, H:mma" }}</span>
                                 <span aria-hidden="true">Download pdf</span>
                              </span>
                           </a>
                        </div>
                     </div>
                  </div>
                  <p data-ng-if="!deliverySubscriptionHistoryVM.order.invoices">
                     Your invoice will be available here after we prepare and finalise your order.
                  </p>
               </div>
            </div>
            <div class="input-container" data-ng-if="deliverySubscriptionHistoryVM.order.failedPayment === 1">
              <!-- Blank container for border -->
            </div>
         </div>
         <div data-colrs-preloader data-ng-show="!deliverySubscriptionHistoryVM.initialized" data-is-animating="!deliverySubscriptionHistoryVM.initialized" data-size="medium" data-registration-fn="pastOrdersVM.registerPreloader(preloader)"></div>
      </div>
   </div>
</div>

</script>

<script type="text/javascript" src="/analytics/colrs/f52af45125fac02cc4c3d5f4877376a1957083f9/satelliteLib-a48f88fe4647a9fbcf1fd438aa890afca8ac25c9.js"></script><script src="https://shop.coles.com.au/analytics/colrs/f52af45125fac02cc4c3d5f4877376a1957083f9/mbox-contents-55cdfe27ebbf24674a6b2886c094d499b968a2f1.js"></script><script src="https://shop.coles.com.au/analytics/colrs/f52af45125fac02cc4c3d5f4877376a1957083f9/scripts/satellite-5718669a64746d7cdb000d8a.js"></script><script src="https://shop.coles.com.au/analytics/colrs/f52af45125fac02cc4c3d5f4877376a1957083f9/scripts/satellite-57e1e94a64746d192f013ded.js"></script><img src="https://ad.doubleclick.net/ddm/activity/src=5754594;type=coles002;cat=dcm_c001;u1=;dc_lat=;dc_rdid=;tag_for_child_directed_treatment=;ord=1;num=3800902273521.778?" style="width: 1px; height: 1px; border: 0px; display: none;"><img src="https://ad.doubleclick.net/ddm/adj/N394007.197812NSO.CODESRV/B10946417.145914095;sz=1x2;ord=2214715484565.051" style="width: 1px; height: 1px; border: 0px; display: none;">

<script type="text/javascript">if (window._satellite) {_satellite.pageBottom();}</script>

<!---->


	<script type="text/javascript">
		var citrusAd = CitrusAd.init(
			'https://au-integration.citrusad.com/v1',
			{
				disableTracking : true //disableTracking must be set to true to stop Citrus device fingerprinting.
			}
		);
	</script>

<noscript id="noscript" aria-hidden="true">

			<div id="main-content-inside" class="main-content-inside">
	
				<div class="main-content-header">
					<div class="error-wrapper">
						<img src="/wcsstore/ColesResponsiveStorefrontAssetStore/src/img/img_browser.svg" alt="" class="img-browser">
						<h1>This site requires cookies and javascript</h1>
						<p class="intro">
							Looks like one (or both) of these have been turned off in your browser.
						</p>
						<p class="page-cookies-left">
							<a href="http://www.google.com.au/search?q=How+do+I+enable+cookies" target="_blank">How do I enable cookies?</a>
						</p><!--
						--><p class="page-cookies-right">
							<a href="http://www.google.com.au/search?q=How+do+I+enable+javascript" target="_blank">How do I enable javascript?</a>
						</p>
					</div>
				</div>
	
			</div>
</noscript>

			<div id="colrs-ads-spy" aria-hidden="true" data-colrs-spy-element=""><div class="adBanner" style="background-color: transparent; height: 1px; width: 1px;"></div></div>
		
	
	<iframe src="https://shop.coles.com.au/149e9513-01fa-4fb0-aad4-566afd725d1b/2d206a39-8ed7-437e-a3be-862e0f06eea3/fp" style="width: 0px; height: 0px; border: 0px;"></iframe><iframe sandbox="allow-scripts allow-same-origin" title="Adobe ID Syncing iFrame" id="destination_publishing_iframe_colesonline_0" name="destination_publishing_iframe_colesonline_0_name" src="https://colesonline.demdex.net/dest5.html?d_nsid=0#https%3A%2F%2Fshop.coles.com.au" class="aamIframeLoaded" style="display: none; width: 0px; height: 0px;"></iframe><div><div class="grecaptcha-badge" data-style="bottomright" style="width: 256px; height: 60px; display: block; transition: right 0.3s ease 0s; position: fixed; bottom: 14px; right: -186px; box-shadow: gray 0px 0px 5px; border-radius: 2px; overflow: hidden;"><div class="grecaptcha-logo"><iframe src="https://www.google.com/recaptcha/api2/anchor?ar=1&amp;k=6LdSbtgUAAAAAJUEgYc8SiCj-xr59aw635KGPrFl&amp;co=aHR0cHM6Ly9zaG9wLmNvbGVzLmNvbS5hdTo0NDM.&amp;hl=en&amp;v=JPZ52lNx97aD96bjM7KaA0bo&amp;size=invisible&amp;cb=3hgqec22um44" width="256" height="60" role="presentation" name="a-dvsotfy453yx" frameborder="0" scrolling="no" sandbox="allow-forms allow-popups allow-same-origin allow-scripts allow-top-navigation allow-modals allow-popups-to-escape-sandbox"></iframe></div><div class="grecaptcha-error"></div><textarea id="g-recaptcha-response-100000" name="g-recaptcha-response" class="g-recaptcha-response" style="width: 250px; height: 40px; border: 1px solid rgb(193, 193, 193); margin: 10px 25px; padding: 0px; resize: none; display: none;"></textarea></div><iframe style="display: none;"></iframe></div><script src="//www.coles.com.au/Portals/edm/colesonline/v7-img/scripts/cexp-mov-80.js"></script><img src="https://www.facebook.com/tr?id=646643002168390&amp;ev=PageView&amp;num=8904141713221.209&amp;noscript=1" style="width: 1px; height: 1px; border: 0px; display: none;"><img src="https://www.facebook.com/tr?id=646643002168390&amp;ev=Search&amp;num=7868524715822.904&amp;noscript=1" style="width: 1px; height: 1px; border: 0px; display: none;"><img src="https://shop.coles.com.au/wcsstore/ColesStorefrontAssetStore/src/images/diagnostics/beacon.gif?ts=Fri May 15 2020 13:25:09 GMT+1000 (Australian Eastern Standard Time)&amp;ec=JS_EXC01&amp;em=RSLC_COOKIE_NOT_FOUND&amp;u=https://shop.coles.com.au/a/richmond-south/specials/search/half-price-specials" style="width: 1px; height: 1px; border: 0px; display: none;">