[
  {
    "id": "c5703766p-9310043001713",
    "store": "coles",
    "name": "Cafe Raisin Bread Loaf",
    "brand": "Tip Top",
    "price": 3,
    "orgPrice": null,
    "categoryId": [
      "bakery"
    ],
    "imagePath": "https://shop.coles.com.au/wcsstore/Coles-CAS/images/5/7/0/5703766.jpg",
    "cupPrice": "$0.46 per 100g",
    "unit": "ea",
    "packageSize": "650g",
    "barcode": [
      "9310043001713",
      "9339423008500"
    ],
    "isAvailable": true
  },
  {
    "id": "c2762237p-5000221509240",
    "store": "coles",
    "name": "Angel Slice 6 pack",
    "brand": "Mr Kipling",
    "price": 2,
    "orgPrice": 4,
    "categoryId": [
      "bakery"
    ],
    "imagePath": "https://shop.coles.com.au/wcsstore/Coles-CAS/images/2/7/6/2762237.jpg",
    "cupPrice": "$1.21 per 100g",
    "unit": "ea",
    "packageSize": "165g",
    "barcode": [
      "5000221509240"
    ],
    "isAvailable": true
  },
  {
    "id": "c1647164p-5000221505709",
    "store": "coles",
    "name": "Lemon Slices 6 Pack",
    "brand": "Mr Kipling",
    "price": 2,
    "orgPrice": 4,
    "categoryId": [
      "bakery"
    ],
    "imagePath": "https://shop.coles.com.au/wcsstore/Coles-CAS/images/1/6/4/1647164.jpg",
    "cupPrice": "$1.21 per 100g",
    "unit": "ea",
    "packageSize": "165g",
    "barcode": [
      "5000221505709"
    ],
    "isAvailable": true
  },
  {
    "id": "c1777410p-5000221001386",
    "store": "coles",
    "name": "Cherry & Almond Bakewells Tarts 6 pack",
    "brand": "Mr Kipling",
    "price": 2,
    "orgPrice": 4,
    "categoryId": [
      "bakery"
    ],
    "imagePath": "https://shop.coles.com.au/wcsstore/Coles-CAS/images/1/7/7/1777410.jpg",
    "cupPrice": "$8.00 per 1kg",
    "unit": "ea",
    "packageSize": "250g",
    "barcode": [
      "5000221001386",
      "5000221209942"
    ],
    "isAvailable": true
  },
  {
    "id": "c3726294p-9339423008715",
    "store": "coles",
    "name": "Coconut Cranberry",
    "brand": "Tip Top Cafe",
    "price": 3,
    "orgPrice": 6,
    "categoryId": [
      "bakery"
    ],
    "imagePath": "https://shop.coles.com.au/wcsstore/Coles-CAS/images/3/7/2/3726294.jpg",
    "cupPrice": "$0.60 per 100g",
    "unit": "ea",
    "packageSize": "500g",
    "barcode": [
      "9339423008715"
    ],
    "isAvailable": true
  },
  {
    "id": "c3740637p-5060362390152",
    "store": "coles",
    "name": "Waffles Choco Hazelnut 4 Pack",
    "brand": "Waffulls",
    "price": 2.5,
    "orgPrice": 5,
    "categoryId": [
      "bakery"
    ],
    "imagePath": "https://shop.coles.com.au/wcsstore/Coles-CAS/images/3/7/4/3740637.jpg",
    "cupPrice": "$1.25 per 100g",
    "unit": "ea",
    "packageSize": "200g",
    "barcode": [
      "5060362390152",
      "400003592272"
    ],
    "isAvailable": true
  },
  {
    "id": "c3475547p-5000221603191",
    "store": "coles",
    "name": "Milk Chocolate Cake Bars 10 Pack",
    "brand": "Cadbury",
    "price": 2.5,
    "orgPrice": 5.5,
    "categoryId": [
      "bakery"
    ],
    "imagePath": "https://shop.coles.com.au/wcsstore/Coles-CAS/images/3/4/7/3475547.jpg",
    "cupPrice": "$1.19 per 100g",
    "unit": "ea",
    "packageSize": "210g",
    "barcode": [
      "5000221603191"
    ],
    "isAvailable": true
  },
  {
    "id": "c3740659p-5060362390176",
    "store": "coles",
    "name": "Waffles Salted Caramel 4 Pack",
    "brand": "Waffulls",
    "price": 2.5,
    "orgPrice": 5,
    "categoryId": [
      "bakery"
    ],
    "imagePath": "https://shop.coles.com.au/wcsstore/Coles-CAS/images/3/7/4/3740659.jpg",
    "cupPrice": "$1.25 per 100g",
    "unit": "ea",
    "packageSize": "200g",
    "barcode": [
      "5060362390176",
      "400003592296"
    ],
    "isAvailable": true
  },
  {
    "id": "c1434684p-9310653102985",
    "store": "coles",
    "name": "Strawberry Yoghurt Pouch",
    "brand": "Chobani",
    "price": 1.12,
    "orgPrice": 2.25,
    "categoryId": [
      "dairy-eggs-fridge"
    ],
    "imagePath": "https://shop.coles.com.au/wcsstore/Coles-CAS/images/1/4/3/1434684.jpg",
    "cupPrice": "$0.80 per 100g",
    "unit": "ea",
    "packageSize": "140g",
    "barcode": [
      "9310653102985"
    ],
    "isAvailable": true
  },
  {
    "id": "c1434720p-9310653102992",
    "store": "coles",
    "name": "Blueberry Yoghurt Pouch",
    "brand": "Chobani",
    "price": 1.12,
    "orgPrice": 2.25,
    "categoryId": [
      "dairy-eggs-fridge"
    ],
    "imagePath": "https://shop.coles.com.au/wcsstore/Coles-CAS/images/1/4/3/1434720.jpg",
    "cupPrice": "$0.80 per 100g",
    "unit": "ea",
    "packageSize": "140g",
    "barcode": [
      "9310653102992"
    ],
    "isAvailable": true
  },
  {
    "id": "c1872885p-9310653103203",
    "store": "coles",
    "name": "Raspberry Yoghurt Pouch",
    "brand": "Chobani",
    "price": 1.12,
    "orgPrice": 2.25,
    "categoryId": [
      "dairy-eggs-fridge"
    ],
    "imagePath": "https://shop.coles.com.au/wcsstore/Coles-CAS/images/1/8/7/1872885.jpg",
    "cupPrice": "$0.80 per 100g",
    "unit": "ea",
    "packageSize": "140g",
    "barcode": [
      "9310653103203"
    ],
    "isAvailable": true
  },
  {
    "id": "c2991948p-9344962001707",
    "store": "coles",
    "name": "YoPro Vanilla Yoghurt",
    "brand": "Danone",
    "price": 1.2,
    "orgPrice": 2.4,
    "categoryId": [
      "dairy-eggs-fridge"
    ],
    "imagePath": "https://shop.coles.com.au/wcsstore/Coles-CAS/images/2/9/9/2991948.jpg",
    "cupPrice": "$0.75 per 100g",
    "unit": "ea",
    "packageSize": "160g",
    "barcode": [
      "9344962001707"
    ],
    "isAvailable": true
  },
  {
    "id": "c3088110p-9310653103418",
    "store": "coles",
    "name": "Vanilla Yoghurt Pouch",
    "brand": "Chobani",
    "price": 1.12,
    "orgPrice": 2.25,
    "categoryId": [
      "dairy-eggs-fridge"
    ],
    "imagePath": "https://shop.coles.com.au/wcsstore/Coles-CAS/images/3/0/8/3088110.jpg",
    "cupPrice": "$0.80 per 100g",
    "unit": "ea",
    "packageSize": "140g",
    "barcode": [
      "9310653103418"
    ],
    "isAvailable": true
  },
  {
    "id": "c2991880p-9344962001646",
    "store": "coles",
    "name": "YoPro Strawberry Yoghurt",
    "brand": "Danone",
    "price": 1.2,
    "orgPrice": 2.4,
    "categoryId": [
      "dairy-eggs-fridge"
    ],
    "imagePath": "https://shop.coles.com.au/wcsstore/Coles-CAS/images/2/9/9/2991880.jpg",
    "cupPrice": "$0.75 per 100g",
    "unit": "ea",
    "packageSize": "160g",
    "barcode": [
      "9344962001646"
    ],
    "isAvailable": true
  },
  {
    "id": "c3025041p-9344962001660",
    "store": "coles",
    "name": "YoPro Passionfruit Yoghurt",
    "brand": "Danone",
    "price": 1.2,
    "orgPrice": 2.4,
    "categoryId": [
      "dairy-eggs-fridge"
    ],
    "imagePath": "https://shop.coles.com.au/wcsstore/Coles-CAS/images/3/0/2/3025041.jpg",
    "cupPrice": "$0.75 per 100g",
    "unit": "ea",
    "packageSize": "160g",
    "barcode": [
      "9344962001660"
    ],
    "isAvailable": true
  },
  {
    "id": "c3246856p-9344962001677",
    "store": "coles",
    "name": "Yopro Mango Yoghurt",
    "brand": "Danone",
    "price": 1.2,
    "orgPrice": 2.4,
    "categoryId": [
      "dairy-eggs-fridge"
    ],
    "imagePath": "https://shop.coles.com.au/wcsstore/Coles-CAS/images/3/2/4/3246856.jpg",
    "cupPrice": "$0.75 per 100g",
    "unit": "ea",
    "packageSize": "160g",
    "barcode": [
      "9344962001677"
    ],
    "isAvailable": true
  },
  {
    "id": "c3246889p-9344962001776",
    "store": "coles",
    "name": "Yopro Banana Yoghurt",
    "brand": "Danone",
    "price": 1.2,
    "orgPrice": 2.4,
    "categoryId": [
      "dairy-eggs-fridge"
    ],
    "imagePath": "https://shop.coles.com.au/wcsstore/Coles-CAS/images/3/2/4/3246889.jpg",
    "cupPrice": "$0.75 per 100g",
    "unit": "ea",
    "packageSize": "160g",
    "barcode": [
      "9344962001776"
    ],
    "isAvailable": true
  },
  {
    "id": "c3539774p-9310653104255",
    "store": "coles",
    "name": "Tropical Yoghurt Pouch",
    "brand": "Chobani",
    "price": 1.12,
    "orgPrice": 2.25,
    "categoryId": [
      "dairy-eggs-fridge"
    ],
    "imagePath": "https://shop.coles.com.au/wcsstore/Coles-CAS/images/3/5/3/3539774.jpg",
    "cupPrice": "$0.80 per 100g",
    "unit": "ea",
    "packageSize": "140g",
    "barcode": [
      "9310653104255"
    ],
    "isAvailable": true
  },
  {
    "id": "c3766583p-9300650450196",
    "store": "coles",
    "name": "Caramilk Cream Cheese",
    "brand": "Philadelphia",
    "price": 2.35,
    "orgPrice": 4.7,
    "categoryId": [
      "dairy-eggs-fridge"
    ],
    "imagePath": "https://shop.coles.com.au/wcsstore/Coles-CAS/images/3/7/6/3766583.jpg",
    "cupPrice": "$9.40 per 1kg",
    "unit": "ea",
    "packageSize": "250g",
    "barcode": [
      "9300650450196"
    ],
    "isAvailable": true
  },
  {
    "id": "c3246572p-9310653104170",
    "store": "coles",
    "name": "Limited Edition Watermelon Flavour Greek Yoghurt Pouch",
    "brand": "Chobani",
    "price": 1.12,
    "orgPrice": 2.25,
    "categoryId": [
      "dairy-eggs-fridge"
    ],
    "imagePath": "https://shop.coles.com.au/wcsstore/Coles-CAS/images/3/2/4/3246572.jpg",
    "cupPrice": "$0.80 per 100g",
    "unit": "ea",
    "packageSize": "140g",
    "barcode": [
      "9310653104170",
      "9310653104187"
    ],
    "isAvailable": true
  },
  {
    "id": "c8495891p-9310055537408",
    "store": "coles",
    "name": "Special K Original Breakfast Cereal with Grain Based Protein",
    "brand": "Kellogg's",
    "price": 3.82,
    "orgPrice": 7.65,
    "categoryId": [
      "pantry"
    ],
    "imagePath": "https://shop.coles.com.au/wcsstore/Coles-CAS/images/8/4/9/8495891.jpg",
    "cupPrice": "$0.71 per 100g",
    "unit": "ea",
    "packageSize": "535g",
    "barcode": [
      "9310055537408"
    ],
    "isAvailable": true
  },
  {
    "id": "c8495790p-9310055537323",
    "store": "coles",
    "name": "Nutri-Grain Protein Breakfast Cereal",
    "brand": "Kellogg's",
    "price": 3.37,
    "orgPrice": 6.75,
    "categoryId": [
      "pantry"
    ],
    "imagePath": "https://shop.coles.com.au/wcsstore/Coles-CAS/images/8/4/9/8495790.jpg",
    "cupPrice": "$0.67 per 100g",
    "unit": "ea",
    "packageSize": "500g",
    "barcode": [
      "9310055537323"
    ],
    "isAvailable": true
  },
  {
    "id": "c304752p-070177025700",
    "store": "coles",
    "name": "English Breakfast Tea Bags 100 pack",
    "brand": "Twinings",
    "price": 5.5,
    "orgPrice": 11,
    "categoryId": [
      "pantry"
    ],
    "imagePath": "https://shop.coles.com.au/wcsstore/Coles-CAS/images/3/0/4/304752.jpg",
    "cupPrice": "$2.75 per 100g",
    "unit": "ea",
    "packageSize": "200g",
    "barcode": [
      "070177025700"
    ],
    "isAvailable": true
  },
  {
    "id": "c5604560p-9300605033726",
    "store": "coles",
    "name": "Creamy Honey Oats Quick Sachets 12 pack",
    "brand": "Uncle Tobys",
    "price": 3,
    "orgPrice": 6,
    "categoryId": [
      "pantry"
    ],
    "imagePath": "https://shop.coles.com.au/wcsstore/Coles-CAS/images/5/6/0/5604560.jpg",
    "cupPrice": "$0.71 per 100g",
    "unit": "ea",
    "packageSize": "420g",
    "barcode": [
      "9300605033726"
    ],
    "isAvailable": true
  },
  {
    "id": "c6899164p-9300605048522",
    "store": "coles",
    "name": "Rainbow Berry Berry Roll Ups",
    "brand": "Uncle Tobys",
    "price": 2,
    "orgPrice": 4,
    "categoryId": [
      "pantry"
    ],
    "imagePath": "https://shop.coles.com.au/wcsstore/Coles-CAS/images/6/8/9/6899164.jpg",
    "cupPrice": "$2.13 per 100g",
    "unit": "ea",
    "packageSize": "94g",
    "barcode": [
      "9300605048522"
    ],
    "isAvailable": true
  },
  {
    "id": "c8494298p-9310055537194",
    "store": "coles",
    "name": "Coco Pops Chocolatey Breakfast Cereal",
    "brand": "Kellogg's",
    "price": 3.75,
    "orgPrice": 7.5,
    "categoryId": [
      "pantry"
    ],
    "imagePath": "https://shop.coles.com.au/wcsstore/Coles-CAS/images/8/4/9/8494298.jpg",
    "cupPrice": "$0.58 per 100g",
    "unit": "ea",
    "packageSize": "650g",
    "barcode": [
      "9310055537194"
    ],
    "isAvailable": true
  },
  {
    "id": "c5833943p-400003457830",
    "store": "coles",
    "name": "Extra Virgin Olive Oil",
    "brand": "La Espanola",
    "price": 4.5,
    "orgPrice": 9,
    "categoryId": [
      "pantry"
    ],
    "imagePath": "https://shop.coles.com.au/wcsstore/Coles-CAS/images/5/8/3/5833943.jpg",
    "cupPrice": "$0.90 per 100ml",
    "unit": "ea",
    "packageSize": "500ml",
    "barcode": [
      "400003457830",
      "8410660510115"
    ],
    "isAvailable": true
  },
  {
    "id": "c1734236p-9300605094833",
    "store": "coles",
    "name": "Berry Variety Oats Quick Sachets 12 pack",
    "brand": "Uncle Tobys",
    "price": 3,
    "orgPrice": 6,
    "categoryId": [
      "pantry"
    ],
    "imagePath": "https://shop.coles.com.au/wcsstore/Coles-CAS/images/1/7/3/1734236.jpg",
    "cupPrice": "$0.71 per 100g",
    "unit": "ea",
    "packageSize": "420g",
    "barcode": [
      "9300605094833"
    ],
    "isAvailable": true
  },
  {
    "id": "c1786160p-9310015240621",
    "store": "coles",
    "name": "Honey Soy Chicken Potato Chips",
    "brand": "Red Rock Deli",
    "price": 2.32,
    "orgPrice": 4.65,
    "categoryId": [
      "pantry"
    ],
    "imagePath": "https://shop.coles.com.au/wcsstore/Coles-CAS/images/1/7/8/1786160.jpg",
    "cupPrice": "$1.41 per 100g",
    "unit": "ea",
    "packageSize": "165g",
    "barcode": [
      "9310015240621"
    ],
    "isAvailable": true
  },
  {
    "id": "c1786150p-9310015240614",
    "store": "coles",
    "name": "Sea Salt Potato Chips",
    "brand": "Red Rock Deli",
    "price": 2.32,
    "orgPrice": 4.65,
    "categoryId": [
      "pantry"
    ],
    "imagePath": "https://shop.coles.com.au/wcsstore/Coles-CAS/images/1/7/8/1786150.jpg",
    "cupPrice": "$1.41 per 100g",
    "unit": "ea",
    "packageSize": "165g",
    "barcode": [
      "9310015240614"
    ],
    "isAvailable": true
  },
  {
    "id": "c1786182p-9310015240645",
    "store": "coles",
    "name": "Sweet Chilli & Sour Cream Potato Chips",
    "brand": "Red Rock Deli",
    "price": 2.32,
    "orgPrice": 4.65,
    "categoryId": [
      "pantry"
    ],
    "imagePath": "https://shop.coles.com.au/wcsstore/Coles-CAS/images/1/7/8/1786182.jpg",
    "cupPrice": "$1.41 per 100g",
    "unit": "ea",
    "packageSize": "165g",
    "barcode": [
      "9310015240645"
    ],
    "isAvailable": true
  },
  {
    "id": "c2236788p-070177106348",
    "store": "coles",
    "name": "English Breakfast Extra Strong Tea Bags 80 pack",
    "brand": "Twinings",
    "price": 5.5,
    "orgPrice": 11,
    "categoryId": [
      "pantry"
    ],
    "imagePath": "https://shop.coles.com.au/wcsstore/Coles-CAS/images/2/2/3/2236788.jpg",
    "cupPrice": "$2.75 per 100g",
    "unit": "ea",
    "packageSize": "200g",
    "barcode": [
      "070177106348"
    ],
    "isAvailable": true
  },
  {
    "id": "c3451367p-9312211108972",
    "store": "coles",
    "name": "Gluten Free Chocolate Bites",
    "brand": "Violet Crumble",
    "price": 2.2,
    "orgPrice": 4.4,
    "categoryId": [
      "pantry"
    ],
    "imagePath": "https://shop.coles.com.au/wcsstore/Coles-CAS/images/3/4/5/3451367.jpg",
    "cupPrice": "$1.22 per 100g",
    "unit": "ea",
    "packageSize": "180g",
    "barcode": [
      "9312211108972"
    ],
    "isAvailable": true
  },
  {
    "id": "c3568331p-9310015247811",
    "store": "coles",
    "name": "Cheese Supreme Corn Chips",
    "brand": "Doritos",
    "price": 3.5,
    "orgPrice": 7,
    "categoryId": [
      "pantry"
    ],
    "imagePath": "https://shop.coles.com.au/wcsstore/Coles-CAS/images/3/5/6/3568331.jpg",
    "cupPrice": "$0.92 per 100g",
    "unit": "ea",
    "packageSize": "380g",
    "barcode": [
      "9310015247811"
    ],
    "isAvailable": true
  },
  {
    "id": "c3571992p-9300617075295",
    "store": "coles",
    "name": "Favourites",
    "brand": "Cadbury",
    "price": 7,
    "orgPrice": 14,
    "categoryId": [
      "pantry"
    ],
    "imagePath": "https://shop.coles.com.au/wcsstore/Coles-CAS/images/3/5/7/3571992.jpg",
    "cupPrice": "$1.88 per 100g",
    "unit": "ea",
    "packageSize": "373g",
    "barcode": [
      "9300617075295"
    ],
    "isAvailable": true
  },
  {
    "id": "c6899175p-9300605048430",
    "store": "coles",
    "name": "Roll Ups Rainbow Fruit Salad 6 Pack",
    "brand": "Uncle Tobys",
    "price": 2,
    "orgPrice": 4,
    "categoryId": [
      "pantry"
    ],
    "imagePath": "https://shop.coles.com.au/wcsstore/Coles-CAS/images/6/8/9/6899175.jpg",
    "cupPrice": "$2.13 per 100g",
    "unit": "ea",
    "packageSize": "94g",
    "barcode": [
      "9300605048430"
    ],
    "isAvailable": true
  },
  {
    "id": "c6899153p-9300605048454",
    "store": "coles",
    "name": "Strawberry Flavour Roll Ups 6 pack",
    "brand": "Uncle Toby's",
    "price": 2,
    "orgPrice": 4,
    "categoryId": [
      "pantry"
    ],
    "imagePath": "https://shop.coles.com.au/wcsstore/Coles-CAS/images/6/8/9/6899153.jpg",
    "cupPrice": "$2.13 per 1g",
    "unit": "ea",
    "packageSize": "94g",
    "barcode": [
      "9300605048454"
    ],
    "isAvailable": true
  },
  {
    "id": "c8495905p-9310055537453",
    "store": "coles",
    "name": "Sultana Bran Cereal",
    "brand": "Kellogg's",
    "price": 3.75,
    "orgPrice": 7.5,
    "categoryId": [
      "pantry"
    ],
    "imagePath": "https://shop.coles.com.au/wcsstore/Coles-CAS/images/8/4/9/8495905.jpg",
    "cupPrice": "$0.51 per 100g",
    "unit": "ea",
    "packageSize": "730g",
    "barcode": [
      "9310055537453"
    ],
    "isAvailable": true
  },
  {
    "id": "c8221386p-9400563740565",
    "store": "coles",
    "name": "Chocolate Almond Nut Bars 6 pack",
    "brand": "Nice & Natural",
    "price": 2,
    "orgPrice": 4,
    "categoryId": [
      "pantry"
    ],
    "imagePath": "https://shop.coles.com.au/wcsstore/Coles-CAS/images/8/2/2/8221386.jpg",
    "cupPrice": "$1.11 per 100g",
    "unit": "ea",
    "packageSize": "180g",
    "barcode": [
      "9400563740565",
      "9400563448676"
    ],
    "isAvailable": true
  },
  {
    "id": "c7488100p-070177233556",
    "store": "coles",
    "name": "Pure Peppermint Tea Bags 80 pack",
    "brand": "Twinings",
    "price": 5.5,
    "orgPrice": 11,
    "categoryId": [
      "pantry"
    ],
    "imagePath": "https://shop.coles.com.au/wcsstore/Coles-CAS/images/7/4/8/7488100.jpg",
    "cupPrice": "$3.44 per 100g",
    "unit": "ea",
    "packageSize": "160g",
    "barcode": [
      "070177233556",
      "070177169923"
    ],
    "isAvailable": true
  },
  {
    "id": "c7210045p-9311503220040",
    "store": "coles",
    "name": "Calico Basmati Rice",
    "brand": "Maharajah's Choice",
    "price": 9.5,
    "orgPrice": 19,
    "categoryId": [
      "pantry"
    ],
    "imagePath": "https://shop.coles.com.au/wcsstore/Coles-CAS/images/7/2/1/7210045.jpg",
    "cupPrice": "$0.19 per 100g",
    "unit": "ea",
    "packageSize": "5kg",
    "barcode": [
      "9311503220040",
      "10843"
    ],
    "isAvailable": true
  },
  {
    "id": "c4975192p-9310060406942",
    "store": "coles",
    "name": "Chewy Bars Choc Chip",
    "brand": "Uncle Tobys",
    "price": 2.15,
    "orgPrice": 4.3,
    "categoryId": [
      "pantry"
    ],
    "imagePath": "https://shop.coles.com.au/wcsstore/Coles-CAS/images/4/9/7/4975192.jpg",
    "cupPrice": "$1.16 per 100g",
    "unit": "ea",
    "packageSize": "185g",
    "barcode": [
      "9310060406942"
    ],
    "isAvailable": true
  },
  {
    "id": "c304763p-070177025694",
    "store": "coles",
    "name": "Earl Grey Tea Bags 100 pack",
    "brand": "Twinings",
    "price": 5.5,
    "orgPrice": 11,
    "categoryId": [
      "pantry"
    ],
    "imagePath": "https://shop.coles.com.au/wcsstore/Coles-CAS/images/3/0/4/304763.jpg",
    "cupPrice": "$2.75 per 100g",
    "unit": "ea",
    "packageSize": "200g",
    "barcode": [
      "070177025694"
    ],
    "isAvailable": true
  },
  {
    "id": "c138201p-9300682001298",
    "store": "coles",
    "name": "Chocolate Bar",
    "brand": "Mars",
    "price": 1,
    "orgPrice": 2,
    "categoryId": [
      "pantry"
    ],
    "imagePath": "https://shop.coles.com.au/wcsstore/Coles-CAS/images/1/3/8/138201.jpg",
    "cupPrice": "$1.89 per 100g",
    "unit": "ea",
    "packageSize": "53g",
    "barcode": [
      "9300682001298",
      "9300682016063",
      "93682084",
      "93682015",
      "93682459",
      "9300682010757",
      "9300682042321"
    ],
    "isAvailable": true
  },
  {
    "id": "c136512p-93600057",
    "store": "coles",
    "name": "KitKat Milk Chocolate Bar",
    "brand": "Nestle",
    "price": 1,
    "orgPrice": 2,
    "categoryId": [
      "pantry"
    ],
    "imagePath": "https://shop.coles.com.au/wcsstore/Coles-CAS/images/1/3/6/136512.jpg",
    "cupPrice": "$2.22 per 100g",
    "unit": "ea",
    "packageSize": "45g",
    "barcode": [
      "93600057",
      "5000189342910"
    ],
    "isAvailable": true
  },
  {
    "id": "c1786171p-9310015240638",
    "store": "coles",
    "name": "Sea Salt & Balsamic Vinegar Potato Chips",
    "brand": "Red Rock Deli",
    "price": 2.32,
    "orgPrice": 4.65,
    "categoryId": [
      "pantry"
    ],
    "imagePath": "https://shop.coles.com.au/wcsstore/Coles-CAS/images/1/7/8/1786171.jpg",
    "cupPrice": "$1.41 per 100g",
    "unit": "ea",
    "packageSize": "165g",
    "barcode": [
      "9310015240638"
    ],
    "isAvailable": true
  },
  {
    "id": "c6816666p-070177261863",
    "store": "coles",
    "name": "Pure Green Tea Bags 100 pack",
    "brand": "Twinings",
    "price": 5.5,
    "orgPrice": 11,
    "categoryId": [
      "pantry"
    ],
    "imagePath": "https://shop.coles.com.au/wcsstore/Coles-CAS/images/6/8/1/6816666.jpg",
    "cupPrice": "$3.67 per 100g",
    "unit": "ea",
    "packageSize": "150g",
    "barcode": [
      "070177261863"
    ],
    "isAvailable": true
  },
  {
    "id": "c255646p-9300667014756",
    "store": "coles",
    "name": "Cup A Soup Creamy Chicken with Lots of Noodles 2 pack",
    "brand": "Continental",
    "price": 1,
    "orgPrice": 2,
    "categoryId": [
      "pantry"
    ],
    "imagePath": "https://shop.coles.com.au/wcsstore/Coles-CAS/images/2/5/5/255646.jpg",
    "cupPrice": "$1.67 per 100g",
    "unit": "ea",
    "packageSize": "60g",
    "barcode": [
      "9300667014756"
    ],
    "isAvailable": true
  },
  {
    "id": "c9827090p-9400563738944",
    "store": "coles",
    "name": "Real Milk Chocolate Roasted Nut Bars 6 pack",
    "brand": "Nice & Natural",
    "price": 2,
    "orgPrice": 4,
    "categoryId": [
      "pantry"
    ],
    "imagePath": "https://shop.coles.com.au/wcsstore/Coles-CAS/images/9/8/2/9827090.jpg",
    "cupPrice": "$1.04 per 100g",
    "unit": "ea",
    "packageSize": "192g",
    "barcode": [
      "9400563738944",
      "9400563448614",
      "9400563500572"
    ],
    "isAvailable": true
  },
  {
    "id": "c2664431p-9350515001001",
    "store": "coles",
    "name": "Lightly Salted English Crisps",
    "brand": "Tyrrells",
    "price": 2.25,
    "orgPrice": 4.5,
    "categoryId": [
      "pantry"
    ],
    "imagePath": "https://shop.coles.com.au/wcsstore/Coles-CAS/images/2/6/6/2664431.jpg",
    "cupPrice": "$1.36 per 100g",
    "unit": "ea",
    "packageSize": "165g",
    "barcode": [
      "9350515001001",
      "400003397129"
    ],
    "isAvailable": true
  },
  {
    "id": "c2715940p-8003340093567",
    "store": "coles",
    "name": "Lindor Assorted Surtido Cornet",
    "brand": "Lindt",
    "price": 10,
    "orgPrice": 20,
    "categoryId": [
      "pantry"
    ],
    "imagePath": "https://shop.coles.com.au/wcsstore/Coles-CAS/images/2/7/1/2715940.jpg",
    "cupPrice": "$2.67 per 100g",
    "unit": "ea",
    "packageSize": "375g",
    "barcode": [
      "8003340093567"
    ],
    "isAvailable": true
  },
  {
    "id": "c3022010p-9300695007096",
    "store": "coles",
    "name": "Salted Caramel Protein Bar",
    "brand": "Nature Valley",
    "price": 2.65,
    "orgPrice": 5.3,
    "categoryId": [
      "pantry"
    ],
    "imagePath": "https://shop.coles.com.au/wcsstore/Coles-CAS/images/3/0/2/3022010.jpg",
    "cupPrice": "$1.66 per 100g",
    "unit": "ea",
    "packageSize": "160g",
    "barcode": [
      "9300695007096"
    ],
    "isAvailable": true
  },
  {
    "id": "c3572157p-9310015247798",
    "store": "coles",
    "name": "Original Potato Crinkle Chips",
    "brand": "Smith's",
    "price": 3.5,
    "orgPrice": 7,
    "categoryId": [
      "pantry"
    ],
    "imagePath": "https://shop.coles.com.au/wcsstore/Coles-CAS/images/3/5/7/3572157.jpg",
    "cupPrice": "$0.92 per 100g",
    "unit": "ea",
    "packageSize": "380g",
    "barcode": [
      "9310015247798"
    ],
    "isAvailable": true
  },
  {
    "id": "c8047813p-9300605062696",
    "store": "coles",
    "name": "Quick Oats Sachets Classic Variety 12 Pack",
    "brand": "Uncle Tobys",
    "price": 3,
    "orgPrice": 6,
    "categoryId": [
      "pantry"
    ],
    "imagePath": "https://shop.coles.com.au/wcsstore/Coles-CAS/images/8/0/4/8047813.jpg",
    "cupPrice": "$0.71 per 100g",
    "unit": "ea",
    "packageSize": "420g",
    "barcode": [
      "9300605062696"
    ],
    "isAvailable": true
  },
  {
    "id": "c6851055p-400003099320",
    "store": "coles",
    "name": "Qualita Oro Medium Roast Smooth Ground Coffee",
    "brand": "Lavazza",
    "price": 8,
    "orgPrice": 16,
    "categoryId": [
      "pantry"
    ],
    "imagePath": "https://shop.coles.com.au/wcsstore/Coles-CAS/images/6/8/5/6851055.jpg",
    "cupPrice": "$1.60 per 100g",
    "unit": "ea",
    "packageSize": "500g",
    "barcode": [
      "400003099320",
      "8000070012325",
      "8000070019683"
    ],
    "isAvailable": true
  },
  {
    "id": "c6851099p-8000070019362",
    "store": "coles",
    "name": "Qualita Oro Medium Roast Smooth Coffee Beans",
    "brand": "Lavazza",
    "price": 8,
    "orgPrice": 16,
    "categoryId": [
      "pantry"
    ],
    "imagePath": "https://shop.coles.com.au/wcsstore/Coles-CAS/images/6/8/5/6851099.jpg",
    "cupPrice": "$1.60 per 100g",
    "unit": "ea",
    "packageSize": "500g",
    "barcode": [
      "8000070019362",
      "400003099313",
      "8000070019690"
    ],
    "isAvailable": true
  },
  {
    "id": "c5436900p-7612100156506",
    "store": "coles",
    "name": "French Vanilla Latte",
    "brand": "Jarrah",
    "price": 3,
    "orgPrice": 6,
    "categoryId": [
      "pantry"
    ],
    "imagePath": "https://shop.coles.com.au/wcsstore/Coles-CAS/images/5/4/3/5436900.jpg",
    "cupPrice": "$1.20 per 100g",
    "unit": "ea",
    "packageSize": "250g",
    "barcode": [
      "7612100156506"
    ],
    "isAvailable": true
  },
  {
    "id": "c4974983p-9310060406973",
    "store": "coles",
    "name": "Yoghurt Muesli Bars Strawberry 6 Pack",
    "brand": "Uncle Tobys",
    "price": 2.15,
    "orgPrice": 4.3,
    "categoryId": [
      "pantry"
    ],
    "imagePath": "https://shop.coles.com.au/wcsstore/Coles-CAS/images/4/9/7/4974983.jpg",
    "cupPrice": "$1.16 per 100g",
    "unit": "ea",
    "packageSize": "185g",
    "barcode": [
      "9310060406973"
    ],
    "isAvailable": true
  },
  {
    "id": "c245868p-9300682016087",
    "store": "coles",
    "name": "Chocolate Bar",
    "brand": "Snickers",
    "price": 1,
    "orgPrice": 2,
    "categoryId": [
      "pantry"
    ],
    "imagePath": "https://shop.coles.com.au/wcsstore/Coles-CAS/images/2/4/5/245868.jpg",
    "cupPrice": "$2.00 per 100g",
    "unit": "ea",
    "packageSize": "50g",
    "barcode": [
      "9300682016087",
      "9300682042338",
      "93682480",
      "9300682001823",
      "9300682052825",
      "93682091",
      "9300682043663",
      "9300682010832"
    ],
    "isAvailable": true
  },
  {
    "id": "c356472p-9300667014732",
    "store": "coles",
    "name": "Cup A Soup Chicken with Lots of Noodles 2 pack",
    "brand": "Continental",
    "price": 1,
    "orgPrice": 2,
    "categoryId": [
      "pantry"
    ],
    "imagePath": "https://shop.coles.com.au/wcsstore/Coles-CAS/images/3/5/6/356472.jpg",
    "cupPrice": "$1.67 per 100g",
    "unit": "ea",
    "packageSize": "60g",
    "barcode": [
      "9300667014732"
    ],
    "isAvailable": true
  },
  {
    "id": "c1786193p-9310015240652",
    "store": "coles",
    "name": "Lime & Pepper Potato Chips",
    "brand": "Red Rock Deli",
    "price": 2.32,
    "orgPrice": 4.65,
    "categoryId": [
      "pantry"
    ],
    "imagePath": "https://shop.coles.com.au/wcsstore/Coles-CAS/images/1/7/8/1786193.jpg",
    "cupPrice": "$1.41 per 100g",
    "unit": "ea",
    "packageSize": "165g",
    "barcode": [
      "9310015240652"
    ],
    "isAvailable": true
  },
  {
    "id": "c2827139p-9300695007072",
    "store": "coles",
    "name": "Peanut & Chocolate Protein Bar",
    "brand": "Nature Valley",
    "price": 2.65,
    "orgPrice": 5.3,
    "categoryId": [
      "pantry"
    ],
    "imagePath": "https://shop.coles.com.au/wcsstore/Coles-CAS/images/2/8/2/2827139.jpg",
    "cupPrice": "$1.66 per 100g",
    "unit": "ea",
    "packageSize": "160g",
    "barcode": [
      "9300695007072"
    ],
    "isAvailable": true
  },
  {
    "id": "c2827161p-9300695007324",
    "store": "coles",
    "name": "Chocolate Fudge Brownies 5 pack",
    "brand": "Fibre One",
    "price": 2.75,
    "orgPrice": 5.5,
    "categoryId": [
      "pantry"
    ],
    "imagePath": "https://shop.coles.com.au/wcsstore/Coles-CAS/images/2/8/2/2827161.jpg",
    "cupPrice": "$2.29 per 100g",
    "unit": "ea",
    "packageSize": "120g",
    "barcode": [
      "9300695007324"
    ],
    "isAvailable": true
  },
  {
    "id": "c3314377p-9323966118512",
    "store": "coles",
    "name": "Lindor Limited Edition Chocolate Balls Assorted",
    "brand": "Lindt",
    "price": 10,
    "orgPrice": 20,
    "categoryId": [
      "pantry"
    ],
    "imagePath": "https://shop.coles.com.au/wcsstore/Coles-CAS/images/3/3/1/3314377.jpg",
    "cupPrice": "$2.67 per 100g",
    "unit": "ea",
    "packageSize": "375g",
    "barcode": [
      "9323966118512",
      "8003340094298",
      "8003340099798"
    ],
    "isAvailable": true
  },
  {
    "id": "c1018260p-9400563738999",
    "store": "coles",
    "name": "Trail Mix Roasted Nut Bars 6 pack",
    "brand": "Nice & Natural",
    "price": 2,
    "orgPrice": 4,
    "categoryId": [
      "pantry"
    ],
    "imagePath": "https://shop.coles.com.au/wcsstore/Coles-CAS/images/1/0/1/1018260.jpg",
    "cupPrice": "$1.04 per 100g",
    "unit": "ea",
    "packageSize": "192g",
    "barcode": [
      "9400563738999",
      "9400563448652"
    ],
    "isAvailable": true
  },
  {
    "id": "c8887042p-9300667022850",
    "store": "coles",
    "name": "Cup A Soup Asian Laksa 2 pack",
    "brand": "Continental",
    "price": 1,
    "orgPrice": 2,
    "categoryId": [
      "pantry"
    ],
    "imagePath": "https://shop.coles.com.au/wcsstore/Coles-CAS/images/8/8/8/8887042.jpg",
    "cupPrice": "$1.54 per 100g",
    "unit": "ea",
    "packageSize": "65g",
    "barcode": [
      "9300667022850"
    ],
    "isAvailable": true
  },
  {
    "id": "c67850p-400003526963",
    "store": "coles",
    "name": "Honey Nougat Log",
    "brand": "Europe",
    "price": 1,
    "orgPrice": 2,
    "categoryId": [
      "pantry"
    ],
    "imagePath": "https://shop.coles.com.au/wcsstore/Coles-CAS/images/6/7/8/67850.jpg",
    "cupPrice": "$2.50 per 100g",
    "unit": "ea",
    "packageSize": "40g",
    "barcode": [
      "400003526963",
      "9300685327791",
      "9300685401422",
      "9300685401507",
      "9300617000563",
      "9300617408963"
    ],
    "isAvailable": true
  },
  {
    "id": "c5833477p-400003457847",
    "store": "coles",
    "name": "Olive Oil Light",
    "brand": "La Espanola",
    "price": 4.5,
    "orgPrice": 9,
    "categoryId": [
      "pantry"
    ],
    "imagePath": "https://shop.coles.com.au/wcsstore/Coles-CAS/images/5/8/3/5833477.jpg",
    "cupPrice": "$0.90 per 100ml",
    "unit": "ea",
    "packageSize": "500ml",
    "barcode": [
      "400003457847",
      "8410660510139"
    ],
    "isAvailable": true
  },
  {
    "id": "c4975217p-9310060406959",
    "store": "coles",
    "name": "Chewy Muesli Bars White Choc Chip 6 Pack",
    "brand": "Uncle Tobys",
    "price": 2.15,
    "orgPrice": 4.3,
    "categoryId": [
      "pantry"
    ],
    "imagePath": "https://shop.coles.com.au/wcsstore/Coles-CAS/images/4/9/7/4975217.jpg",
    "cupPrice": "$1.16 per 100g",
    "unit": "ea",
    "packageSize": "185g",
    "barcode": [
      "9310060406959"
    ],
    "isAvailable": true
  },
  {
    "id": "c142424p-93600101",
    "store": "coles",
    "name": "Peppermint Crisp Chocolate Bar",
    "brand": "Nestle",
    "price": 1,
    "orgPrice": 2,
    "categoryId": [
      "pantry"
    ],
    "imagePath": "https://shop.coles.com.au/wcsstore/Coles-CAS/images/1/4/2/142424.jpg",
    "cupPrice": "$2.86 per 100g",
    "unit": "ea",
    "packageSize": "35g",
    "barcode": [
      "93600101"
    ],
    "isAvailable": true
  },
  {
    "id": "c142413p-9300600005322",
    "store": "coles",
    "name": "Smarties",
    "brand": "Nestle",
    "price": 1,
    "orgPrice": 2,
    "categoryId": [
      "pantry"
    ],
    "imagePath": "https://shop.coles.com.au/wcsstore/Coles-CAS/images/1/4/2/142413.jpg",
    "cupPrice": "$2.00 per 100g",
    "unit": "ea",
    "packageSize": "50g",
    "barcode": [
      "9300600005322"
    ],
    "isAvailable": true
  },
  {
    "id": "c9151344p-9300667025035",
    "store": "coles",
    "name": "Cup A Soup Creamy Chicken with Croutons 2 pack",
    "brand": "Continental",
    "price": 1,
    "orgPrice": 2,
    "categoryId": [
      "pantry"
    ],
    "imagePath": "https://shop.coles.com.au/wcsstore/Coles-CAS/images/9/1/5/9151344.jpg",
    "cupPrice": "$1.67 per 100g",
    "unit": "ea",
    "packageSize": "60g",
    "barcode": [
      "9300667025035"
    ],
    "isAvailable": true
  },
  {
    "id": "c8930039p-070177187699",
    "store": "coles",
    "name": "Afternoon Tea Bags 100 pack",
    "brand": "Twinings",
    "price": 5.5,
    "orgPrice": 11,
    "categoryId": [
      "pantry"
    ],
    "imagePath": "https://shop.coles.com.au/wcsstore/Coles-CAS/images/8/9/3/8930039.jpg",
    "cupPrice": "$2.75 per 100g",
    "unit": "ea",
    "packageSize": "200g",
    "barcode": [
      "070177187699"
    ],
    "isAvailable": true
  },
  {
    "id": "c9151559p-9300667025059",
    "store": "coles",
    "name": "Cup A Soup Creamy Chicken & Corn with Croutons 2 pack",
    "brand": "Continental",
    "price": 1,
    "orgPrice": 2,
    "categoryId": [
      "pantry"
    ],
    "imagePath": "https://shop.coles.com.au/wcsstore/Coles-CAS/images/9/1/5/9151559.jpg",
    "cupPrice": "$1.67 per 100g",
    "unit": "ea",
    "packageSize": "60g",
    "barcode": [
      "9300667025059"
    ],
    "isAvailable": true
  },
  {
    "id": "c2026118p-9300605094697",
    "store": "coles",
    "name": "KitKat Chunky Milk Chocolate",
    "brand": "Nestle",
    "price": 1,
    "orgPrice": 2,
    "categoryId": [
      "pantry"
    ],
    "imagePath": "https://shop.coles.com.au/wcsstore/Coles-CAS/images/2/0/2/2026118.jpg",
    "cupPrice": "$2.00 per 100g",
    "unit": "ea",
    "packageSize": "50g",
    "barcode": [
      "9300605094697"
    ],
    "isAvailable": true
  },
  {
    "id": "c2245563p-070177169909",
    "store": "coles",
    "name": "Lemon & Ginger Infusions Tea Bags 80 pack",
    "brand": "Twinings",
    "price": 5.5,
    "orgPrice": 11,
    "categoryId": [
      "pantry"
    ],
    "imagePath": "https://shop.coles.com.au/wcsstore/Coles-CAS/images/2/2/4/2245563.jpg",
    "cupPrice": "$4.58 per 100g",
    "unit": "ea",
    "packageSize": "120g",
    "barcode": [
      "070177169909",
      "070177268091"
    ],
    "isAvailable": true
  },
  {
    "id": "c2471325p-070177169916",
    "store": "coles",
    "name": "Pure Camomile Infusions Tea Bags 80 pack",
    "brand": "Twinings",
    "price": 5.5,
    "orgPrice": 11,
    "categoryId": [
      "pantry"
    ],
    "imagePath": "https://shop.coles.com.au/wcsstore/Coles-CAS/images/2/4/7/2471325.jpg",
    "cupPrice": "$4.58 per 100g",
    "unit": "ea",
    "packageSize": "120g",
    "barcode": [
      "070177169916"
    ],
    "isAvailable": true
  },
  {
    "id": "c2664442p-9350515001018",
    "store": "coles",
    "name": "Cheddar Cheese & Chives English Chips",
    "brand": "Tyrrells",
    "price": 2.25,
    "orgPrice": 4.5,
    "categoryId": [
      "pantry"
    ],
    "imagePath": "https://shop.coles.com.au/wcsstore/Coles-CAS/images/2/6/6/2664442.jpg",
    "cupPrice": "$1.36 per 100g",
    "unit": "ea",
    "packageSize": "165g",
    "barcode": [
      "9350515001018",
      "400003397112"
    ],
    "isAvailable": true
  },
  {
    "id": "c2605873p-9400563448607",
    "store": "coles",
    "name": "Roasted Cashew Milk Chocolate Peanut Bars 6 Pack",
    "brand": "Nice & Natural",
    "price": 2,
    "orgPrice": 4,
    "categoryId": [
      "pantry"
    ],
    "imagePath": "https://shop.coles.com.au/wcsstore/Coles-CAS/images/2/6/0/2605873.jpg",
    "cupPrice": "$1.04 per 100g",
    "unit": "ea",
    "packageSize": "192g",
    "barcode": [
      "9400563448607"
    ],
    "isAvailable": true
  },
  {
    "id": "c83584p-070177043117",
    "store": "coles",
    "name": "Irish Breakfast Tea Bags 100 pack",
    "brand": "Twinings",
    "price": 5.5,
    "orgPrice": 11,
    "categoryId": [
      "pantry"
    ],
    "imagePath": "https://shop.coles.com.au/wcsstore/Coles-CAS/images/8/3/5/83584.jpg",
    "cupPrice": "$2.75 per 100g",
    "unit": "ea",
    "packageSize": "200g",
    "barcode": [
      "070177043117"
    ],
    "isAvailable": true
  },
  {
    "id": "c67861p-9300685327807",
    "store": "coles",
    "name": "Summer Roll",
    "brand": "Europe",
    "price": 1,
    "orgPrice": 2,
    "categoryId": [
      "pantry"
    ],
    "imagePath": "https://shop.coles.com.au/wcsstore/Coles-CAS/images/6/7/8/67861.jpg",
    "cupPrice": "$2.50 per 100g",
    "unit": "ea",
    "packageSize": "40g",
    "barcode": [
      "9300685327807",
      "9300617408802",
      "9300685401460",
      "9300685401552",
      "400003526932"
    ],
    "isAvailable": true
  },
  {
    "id": "c5436896p-7612100156209",
    "store": "coles",
    "name": "Brazilian Latte Coffee",
    "brand": "Jarrah",
    "price": 3,
    "orgPrice": 6,
    "categoryId": [
      "pantry"
    ],
    "imagePath": "https://shop.coles.com.au/wcsstore/Coles-CAS/images/5/4/3/5436896.jpg",
    "cupPrice": "$1.20 per 100g",
    "unit": "ea",
    "packageSize": "250g",
    "barcode": [
      "7612100156209"
    ],
    "isAvailable": true
  },
  {
    "id": "c5823950p-9300605065024",
    "store": "coles",
    "name": "Aero Peppermint Chocolate Bar",
    "brand": "Nestle",
    "price": 1,
    "orgPrice": 2,
    "categoryId": [
      "pantry"
    ],
    "imagePath": "https://shop.coles.com.au/wcsstore/Coles-CAS/images/5/8/2/5823950.jpg",
    "cupPrice": "$2.50 per 100g",
    "unit": "ea",
    "packageSize": "40g",
    "barcode": [
      "9300605065024",
      "9300605051997",
      "5000189828933",
      "9300684373072",
      "5000189532113"
    ],
    "isAvailable": true
  },
  {
    "id": "c5342920p-9300667015029",
    "store": "coles",
    "name": "Cup A Soup Italian Minestrone 2 pack",
    "brand": "Continental",
    "price": 1,
    "orgPrice": 2,
    "categoryId": [
      "pantry"
    ],
    "imagePath": "https://shop.coles.com.au/wcsstore/Coles-CAS/images/5/3/4/5342920.jpg",
    "cupPrice": "$1.33 per 100g",
    "unit": "ea",
    "packageSize": "75g",
    "barcode": [
      "9300667015029"
    ],
    "isAvailable": true
  },
  {
    "id": "c4167303p-9400563448669",
    "store": "coles",
    "name": "Yoghurt Roasted Nut Bars 6 pack",
    "brand": "Nice & Natural",
    "price": 2,
    "orgPrice": 4,
    "categoryId": [
      "pantry"
    ],
    "imagePath": "https://shop.coles.com.au/wcsstore/Coles-CAS/images/4/1/6/4167303.jpg",
    "cupPrice": "$1.04 per 100g",
    "unit": "ea",
    "packageSize": "192g",
    "barcode": [
      "9400563448669",
      "9400563500565",
      "9400563738951"
    ],
    "isAvailable": true
  },
  {
    "id": "c299732p-9310060011016",
    "store": "coles",
    "name": "Traditional Rolled Oats",
    "brand": "Uncle Tobys",
    "price": 2.12,
    "orgPrice": 4.25,
    "categoryId": [
      "pantry"
    ],
    "imagePath": "https://shop.coles.com.au/wcsstore/Coles-CAS/images/2/9/9/299732.jpg",
    "cupPrice": "$0.42 per 100g",
    "unit": "ea",
    "packageSize": "500g",
    "barcode": [
      "9310060011016"
    ],
    "isAvailable": true
  },
  {
    "id": "c1196156p-9300605087354",
    "store": "coles",
    "name": "Creamy Vanilla Oats Quick Sachets 12 pack",
    "brand": "Uncle Tobys",
    "price": 3,
    "orgPrice": 6,
    "categoryId": [
      "pantry"
    ],
    "imagePath": "https://shop.coles.com.au/wcsstore/Coles-CAS/images/1/1/9/1196156.jpg",
    "cupPrice": "$0.71 per 100g",
    "unit": "ea",
    "packageSize": "420g",
    "barcode": [
      "9300605087354"
    ],
    "isAvailable": true
  },
  {
    "id": "c2664475p-400003397105",
    "store": "coles",
    "name": "Sea Salt & Vinegar Hand Cooked Crisps",
    "brand": "Tyrrells",
    "price": 2.25,
    "orgPrice": 4.5,
    "categoryId": [
      "pantry"
    ],
    "imagePath": "https://shop.coles.com.au/wcsstore/Coles-CAS/images/2/6/6/2664475.jpg",
    "cupPrice": "$1.36 per 100g",
    "unit": "ea",
    "packageSize": "165g",
    "barcode": [
      "400003397105",
      "9350515001056"
    ],
    "isAvailable": true
  },
  {
    "id": "c3050821p-9300605117549",
    "store": "coles",
    "name": "Chokito Bar",
    "brand": "Nestle",
    "price": 1,
    "orgPrice": 2,
    "categoryId": [
      "pantry"
    ],
    "imagePath": "https://shop.coles.com.au/wcsstore/Coles-CAS/images/3/0/5/3050821.jpg",
    "cupPrice": "$1.82 per 100g",
    "unit": "ea",
    "packageSize": "55g",
    "barcode": [
      "9300605117549",
      "400003378203",
      "9300605054486"
    ],
    "isAvailable": true
  },
  {
    "id": "c3193421p",
    "store": "coles",
    "name": "Ristretto 12 Espresso Coffee Capsules 10 pack",
    "brand": "Moccona",
    "price": 3,
    "orgPrice": 6,
    "categoryId": [
      "pantry"
    ],
    "imagePath": "https://shop.coles.com.au/wcsstore/Coles-CAS/images/3/1/9/3193421.jpg",
    "cupPrice": "$5.77 per 100g",
    "unit": "ea",
    "packageSize": "52g",
    "barcode": null,
    "isAvailable": true
  },
  {
    "id": "c3568353p-9310015247804",
    "store": "coles",
    "name": "Salt & Vinegar Flavour Potato Chips",
    "brand": "Smith's",
    "price": 3.5,
    "orgPrice": 7,
    "categoryId": [
      "pantry"
    ],
    "imagePath": "https://shop.coles.com.au/wcsstore/Coles-CAS/images/3/5/6/3568353.jpg",
    "cupPrice": "$0.92 per 100g",
    "unit": "ea",
    "packageSize": "380g",
    "barcode": [
      "9310015247804"
    ],
    "isAvailable": true
  },
  {
    "id": "c7767668p-9300605228764",
    "store": "coles",
    "name": "Milkybar White Chocolate Bar",
    "brand": "Nestle",
    "price": 1,
    "orgPrice": 2,
    "categoryId": [
      "pantry"
    ],
    "imagePath": "https://shop.coles.com.au/wcsstore/Coles-CAS/images/7/7/6/7767668.jpg",
    "cupPrice": "$2.00 per 100g",
    "unit": "ea",
    "packageSize": "50g",
    "barcode": [
      "9300605228764"
    ],
    "isAvailable": true
  },
  {
    "id": "c67883p-9300685327760",
    "store": "coles",
    "name": "Sesame Bar",
    "brand": "Europe",
    "price": 1,
    "orgPrice": 2,
    "categoryId": [
      "pantry"
    ],
    "imagePath": "https://shop.coles.com.au/wcsstore/Coles-CAS/images/6/7/8/67883.jpg",
    "cupPrice": "$2.22 per 100g",
    "unit": "ea",
    "packageSize": "45g",
    "barcode": [
      "9300685327760",
      "9300685411452",
      "9300685401651"
    ],
    "isAvailable": true
  },
  {
    "id": "c6029901p-9300682043090",
    "store": "coles",
    "name": "Chocolate Bar",
    "brand": "Twix",
    "price": 1,
    "orgPrice": 2,
    "categoryId": [
      "pantry"
    ],
    "imagePath": "https://shop.coles.com.au/wcsstore/Coles-CAS/images/6/0/2/6029901.jpg",
    "cupPrice": "$2.00 per 100g",
    "unit": "ea",
    "packageSize": "50g",
    "barcode": [
      "9300682043090",
      "9300682035507",
      "9300682016070",
      "9300682051385",
      "9300682007696"
    ],
    "isAvailable": true
  },
  {
    "id": "c5192521p-93600491",
    "store": "coles",
    "name": "Gluten Free Chocolate Bar",
    "brand": "Violet Crumble",
    "price": 1,
    "orgPrice": 2,
    "categoryId": [
      "pantry"
    ],
    "imagePath": "https://shop.coles.com.au/wcsstore/Coles-CAS/images/5/1/9/5192521.jpg",
    "cupPrice": "$2.00 per 100g",
    "unit": "ea",
    "packageSize": "50g",
    "barcode": [
      "93600491",
      "93555517"
    ],
    "isAvailable": true
  },
  {
    "id": "c204168p-40111216",
    "store": "coles",
    "name": "Bounty Coconut Chocolate Bar",
    "brand": "Mars",
    "price": 1,
    "orgPrice": 2,
    "categoryId": [
      "pantry"
    ],
    "imagePath": "https://shop.coles.com.au/wcsstore/Coles-CAS/images/2/0/4/204168.jpg",
    "cupPrice": "$1.79 per 100g",
    "unit": "ea",
    "packageSize": "56g",
    "barcode": [
      "40111216",
      "93682510",
      "93682022",
      "5000159523073",
      "9300682052283"
    ],
    "isAvailable": true
  },
  {
    "id": "c290465p-9300667015012",
    "store": "coles",
    "name": "Cup A Soup Roast Chicken 2 pack",
    "brand": "Continental",
    "price": 1,
    "orgPrice": 2,
    "categoryId": [
      "pantry"
    ],
    "imagePath": "https://shop.coles.com.au/wcsstore/Coles-CAS/images/2/9/0/290465.jpg",
    "cupPrice": "$1.33 per 100g",
    "unit": "ea",
    "packageSize": "75g",
    "barcode": [
      "9300667015012"
    ],
    "isAvailable": true
  },
  {
    "id": "c1250626p-9400563741784",
    "store": "coles",
    "name": "Cranberry & Blueberry Flavour Superfruits Muesli Bars 6 pack",
    "brand": "Nice & Natural",
    "price": 2,
    "orgPrice": 4,
    "categoryId": [
      "pantry"
    ],
    "imagePath": "https://shop.coles.com.au/wcsstore/Coles-CAS/images/1/2/5/1250626.jpg",
    "cupPrice": "$1.11 per 100g",
    "unit": "ea",
    "packageSize": "180g",
    "barcode": [
      "9400563741784"
    ],
    "isAvailable": true
  },
  {
    "id": "c4974950p-9310060407260",
    "store": "coles",
    "name": "Yoghurt Muesli Bars Honeycomb 6 Pack",
    "brand": "Uncle Tobys",
    "price": 2.15,
    "orgPrice": 4.3,
    "categoryId": [
      "pantry"
    ],
    "imagePath": "https://shop.coles.com.au/wcsstore/Coles-CAS/images/4/9/7/4974950.jpg",
    "cupPrice": "$1.16 per 100g",
    "unit": "ea",
    "packageSize": "185g",
    "barcode": [
      "9310060407260"
    ],
    "isAvailable": true
  },
  {
    "id": "c2762929p-9300650022898",
    "store": "coles",
    "name": "Breakfast Strawberry Sandwich Biscuits",
    "brand": "Belvita",
    "price": 2.25,
    "orgPrice": 4.5,
    "categoryId": [
      "pantry"
    ],
    "imagePath": "https://shop.coles.com.au/wcsstore/Coles-CAS/images/2/7/6/2762929.jpg",
    "cupPrice": "$0.89 per 100g",
    "unit": "ea",
    "packageSize": "253g",
    "barcode": [
      "9300650022898"
    ],
    "isAvailable": true
  },
  {
    "id": "c3191437p",
    "store": "coles",
    "name": "Lindor Milk Cornet",
    "brand": "Lindt",
    "price": 10,
    "orgPrice": 20,
    "categoryId": [
      "pantry"
    ],
    "imagePath": "https://shop.coles.com.au/wcsstore/Coles-CAS/images/3/1/9/3191437.jpg",
    "cupPrice": "$2.67 per 100g",
    "unit": "ea",
    "packageSize": "375g",
    "barcode": null,
    "isAvailable": true
  },
  {
    "id": "c3193410p",
    "store": "coles",
    "name": "Espresso Coffee Capsules 10 pack",
    "brand": "Moccona",
    "price": 3,
    "orgPrice": 6,
    "categoryId": [
      "pantry"
    ],
    "imagePath": "https://shop.coles.com.au/wcsstore/Coles-CAS/images/3/1/9/3193410.jpg",
    "cupPrice": "$5.77 per 100g",
    "unit": "ea",
    "packageSize": "52g",
    "barcode": null,
    "isAvailable": true
  },
  {
    "id": "c3512632p-8711000370049",
    "store": "coles",
    "name": "Lungo 8 Coffee Capsules 10 Pack",
    "brand": "Moccona",
    "price": 3,
    "orgPrice": 6,
    "categoryId": [
      "pantry"
    ],
    "imagePath": "https://shop.coles.com.au/wcsstore/Coles-CAS/images/3/5/1/3512632.jpg",
    "cupPrice": "$5.77 per 100g",
    "unit": "ea",
    "packageSize": "52g",
    "barcode": [
      "8711000370049"
    ],
    "isAvailable": true
  },
  {
    "id": "c5436910p-7612100156308",
    "store": "coles",
    "name": "Swiss Mochaccino Coffee",
    "brand": "Jarrah",
    "price": 3,
    "orgPrice": 6,
    "categoryId": [
      "pantry"
    ],
    "imagePath": "https://shop.coles.com.au/wcsstore/Coles-CAS/images/5/4/3/5436910.jpg",
    "cupPrice": "$1.20 per 100g",
    "unit": "ea",
    "packageSize": "250g",
    "barcode": [
      "7612100156308"
    ],
    "isAvailable": true
  },
  {
    "id": "c5706050p-9300667038073",
    "store": "coles",
    "name": "Cup A Soup Dutch Curry with Rice 2 pack",
    "brand": "Continental",
    "price": 1,
    "orgPrice": 2,
    "categoryId": [
      "pantry"
    ],
    "imagePath": "https://shop.coles.com.au/wcsstore/Coles-CAS/images/5/7/0/5706050.jpg",
    "cupPrice": "$1.82 per 100g",
    "unit": "ea",
    "packageSize": "55g",
    "barcode": [
      "9300667038073"
    ],
    "isAvailable": true
  },
  {
    "id": "c4503874p-93682152",
    "store": "coles",
    "name": "M&M's Minis Chocolate",
    "brand": "Mars",
    "price": 1,
    "orgPrice": 2,
    "categoryId": [
      "pantry"
    ],
    "imagePath": "https://shop.coles.com.au/wcsstore/Coles-CAS/images/4/5/0/4503874.jpg",
    "cupPrice": "$2.86 per 100g",
    "unit": "ea",
    "packageSize": "35g",
    "barcode": [
      "93682152",
      "9300682050685"
    ],
    "isAvailable": true
  },
  {
    "id": "c9896060p-070177194826",
    "store": "coles",
    "name": "Assam Bold Tea Bags 80 pack",
    "brand": "Twinings",
    "price": 5.5,
    "orgPrice": 11,
    "categoryId": [
      "pantry"
    ],
    "imagePath": "https://shop.coles.com.au/wcsstore/Coles-CAS/images/9/8/9/9896060.jpg",
    "cupPrice": "$2.75 per 100g",
    "unit": "ea",
    "packageSize": "200g",
    "barcode": [
      "070177194826"
    ],
    "isAvailable": true
  },
  {
    "id": "c2129449p-9400563448638",
    "store": "coles",
    "name": "Mixed Berry Roasted Nut Bars 6 pack",
    "brand": "Nice & Natural",
    "price": 2,
    "orgPrice": 4,
    "categoryId": [
      "pantry"
    ],
    "imagePath": "https://shop.coles.com.au/wcsstore/Coles-CAS/images/2/1/2/2129449.jpg",
    "cupPrice": "$1.04 per 100g",
    "unit": "ea",
    "packageSize": "192g",
    "barcode": [
      "9400563448638"
    ],
    "isAvailable": true
  },
  {
    "id": "c2133821p-9400563741777",
    "store": "coles",
    "name": "Strawberry & Blackcurrant Superfruits Muesli Bars 6 Pack",
    "brand": "Nice & Natural",
    "price": 2,
    "orgPrice": 4,
    "categoryId": [
      "pantry"
    ],
    "imagePath": "https://shop.coles.com.au/wcsstore/Coles-CAS/images/2/1/3/2133821.jpg",
    "cupPrice": "$1.11 per 100g",
    "unit": "ea",
    "packageSize": "180g",
    "barcode": [
      "9400563741777"
    ],
    "isAvailable": true
  },
  {
    "id": "c2244491p-7612100066041",
    "store": "coles",
    "name": "Salted Caramel Latte",
    "brand": "Jarrah",
    "price": 3,
    "orgPrice": 6,
    "categoryId": [
      "pantry"
    ],
    "imagePath": "https://shop.coles.com.au/wcsstore/Coles-CAS/images/2/2/4/2244491.jpg",
    "cupPrice": "$1.20 per 100g",
    "unit": "ea",
    "packageSize": "250g",
    "barcode": [
      "7612100066041"
    ],
    "isAvailable": true
  },
  {
    "id": "c3151840p-9310015248399",
    "store": "coles",
    "name": "Potato Chips Limited Edition",
    "brand": "Red Rock Deli",
    "price": 2.32,
    "orgPrice": 4.65,
    "categoryId": [
      "pantry"
    ],
    "imagePath": "https://shop.coles.com.au/wcsstore/Coles-CAS/images/3/1/5/3151840.jpg",
    "cupPrice": "$1.55 per 100g",
    "unit": "ea",
    "packageSize": "150g",
    "barcode": [
      "9310015248399",
      "400003336364",
      "9310015245558",
      "9310015246982"
    ],
    "isAvailable": true
  },
  {
    "id": "c3708645p-070177227166",
    "store": "coles",
    "name": "Vanilla Chai Tea Bags",
    "brand": "Twining's",
    "price": 5.5,
    "orgPrice": 11,
    "categoryId": [
      "pantry"
    ],
    "imagePath": "https://shop.coles.com.au/wcsstore/Coles-CAS/images/3/7/0/3708645.jpg",
    "cupPrice": "$0.07 per 1ea",
    "unit": "ea",
    "packageSize": "80 pack",
    "barcode": [
      "070177227166"
    ],
    "isAvailable": true
  },
  {
    "id": "c6280012p-9300605039308",
    "store": "coles",
    "name": "Oats Brown Sugar And Cinnamon Quick Sachets",
    "brand": "Uncle Tobys",
    "price": 3,
    "orgPrice": 6,
    "categoryId": [
      "pantry"
    ],
    "imagePath": "https://shop.coles.com.au/wcsstore/Coles-CAS/images/6/2/8/6280012.jpg",
    "cupPrice": "$0.71 per 100g",
    "unit": "ea",
    "packageSize": "420g",
    "barcode": [
      "9300605039308"
    ],
    "isAvailable": true
  },
  {
    "id": "c1018271p-9400563454103",
    "store": "coles",
    "name": "Sweet & Salty Roasted Nut Bars 6 pack",
    "brand": "Nice & Natural",
    "price": 2,
    "orgPrice": 4,
    "categoryId": [
      "pantry"
    ],
    "imagePath": "https://shop.coles.com.au/wcsstore/Coles-CAS/images/1/0/1/1018271.jpg",
    "cupPrice": "$1.04 per 100g",
    "unit": "ea",
    "packageSize": "192g",
    "barcode": [
      "9400563454103",
      "9400563740572",
      "9400563448591"
    ],
    "isAvailable": true
  },
  {
    "id": "c4975181p-9310060406935",
    "store": "coles",
    "name": "Chewy Apricot Wholegrain Oats Bars 6 Pack",
    "brand": "Uncle Tobys",
    "price": 2.15,
    "orgPrice": 4.3,
    "categoryId": [
      "pantry"
    ],
    "imagePath": "https://shop.coles.com.au/wcsstore/Coles-CAS/images/4/9/7/4975181.jpg",
    "cupPrice": "$1.16 per 100g",
    "unit": "ea",
    "packageSize": "185g",
    "barcode": [
      "9310060406935"
    ],
    "isAvailable": true
  },
  {
    "id": "c152020p-9310060012013",
    "store": "coles",
    "name": "Quick Oats Porridge",
    "brand": "Uncle Tobys",
    "price": 2.12,
    "orgPrice": 4.25,
    "categoryId": [
      "pantry"
    ],
    "imagePath": "https://shop.coles.com.au/wcsstore/Coles-CAS/images/1/5/2/152020.jpg",
    "cupPrice": "$0.42 per 100g",
    "unit": "ea",
    "packageSize": "500g",
    "barcode": [
      "9310060012013"
    ],
    "isAvailable": true
  },
  {
    "id": "c9151606p-9300667024984",
    "store": "coles",
    "name": "Cup A Soup Creamy Potato & Bacon With Croutons 2 Pack",
    "brand": "Continental",
    "price": 1,
    "orgPrice": 2,
    "categoryId": [
      "pantry"
    ],
    "imagePath": "https://shop.coles.com.au/wcsstore/Coles-CAS/images/9/1/5/9151606.jpg",
    "cupPrice": "$2.00 per 100g",
    "unit": "ea",
    "packageSize": "50g",
    "barcode": [
      "9300667024984"
    ],
    "isAvailable": true
  },
  {
    "id": "c2667655p-9300830037452",
    "store": "coles",
    "name": "Cup A Soup Homestyle Pumpkin 2 Pack",
    "brand": "Continental",
    "price": 1,
    "orgPrice": 2,
    "categoryId": [
      "pantry"
    ],
    "imagePath": "https://shop.coles.com.au/wcsstore/Coles-CAS/images/2/6/6/2667655.jpg",
    "cupPrice": "$1.64 per 100g",
    "unit": "ea",
    "packageSize": "61g",
    "barcode": [
      "9300830037452"
    ],
    "isAvailable": true
  },
  {
    "id": "c2667633p-9300830037476",
    "store": "coles",
    "name": "Cup A Soup Homestyle Chicken Noodle 2 pack",
    "brand": "Continental",
    "price": 1,
    "orgPrice": 2,
    "categoryId": [
      "pantry"
    ],
    "imagePath": "https://shop.coles.com.au/wcsstore/Coles-CAS/images/2/6/6/2667633.jpg",
    "cupPrice": "$2.50 per 100g",
    "unit": "ea",
    "packageSize": "40g",
    "barcode": [
      "9300830037476"
    ],
    "isAvailable": true
  },
  {
    "id": "c2605931p-9400563448683",
    "store": "coles",
    "name": "Chocolate Peanut Apricot Bars 6 Pack",
    "brand": "Nice & Natural",
    "price": 2,
    "orgPrice": 4,
    "categoryId": [
      "pantry"
    ],
    "imagePath": "https://shop.coles.com.au/wcsstore/Coles-CAS/images/2/6/0/2605931.jpg",
    "cupPrice": "$1.11 per 100g",
    "unit": "ea",
    "packageSize": "180g",
    "barcode": [
      "9400563448683"
    ],
    "isAvailable": true
  },
  {
    "id": "c2795575p-9400563451324",
    "store": "coles",
    "name": "Salted Caramel Protein Nut Bars With 3 Superseeds 5 Pack",
    "brand": "Nice & Natural",
    "price": 2.5,
    "orgPrice": 5,
    "categoryId": [
      "pantry"
    ],
    "imagePath": "https://shop.coles.com.au/wcsstore/Coles-CAS/images/2/7/9/2795575.jpg",
    "cupPrice": "$1.52 per 100g",
    "unit": "ea",
    "packageSize": "165g",
    "barcode": [
      "9400563451324"
    ],
    "isAvailable": true
  },
  {
    "id": "c2872938p-400003175529",
    "store": "coles",
    "name": "Morning Tea Bags 100 pack",
    "brand": "Twinings",
    "price": 5.5,
    "orgPrice": 11,
    "categoryId": [
      "pantry"
    ],
    "imagePath": "https://shop.coles.com.au/wcsstore/Coles-CAS/images/2/8/7/2872938.jpg",
    "cupPrice": "$2.50 per 100g",
    "unit": "ea",
    "packageSize": "200g",
    "barcode": [
      "400003175529",
      "0070177176174"
    ],
    "isAvailable": true
  },
  {
    "id": "c3021991p-9300695007461",
    "store": "coles",
    "name": "Salted Caramel Squares 5 pack",
    "brand": "Fibre One",
    "price": 2.75,
    "orgPrice": 5.5,
    "categoryId": [
      "pantry"
    ],
    "imagePath": "https://shop.coles.com.au/wcsstore/Coles-CAS/images/3/0/2/3021991.jpg",
    "cupPrice": "$2.29 per 100g",
    "unit": "ea",
    "packageSize": "120g",
    "barcode": [
      "9300695007461"
    ],
    "isAvailable": true
  },
  {
    "id": "c3139186p-9325740029304",
    "store": "coles",
    "name": "Fat Blaster Less Sugar Chocolate Shake",
    "brand": "Naturopathica",
    "price": 10,
    "orgPrice": 20,
    "categoryId": [
      "pantry"
    ],
    "imagePath": "https://shop.coles.com.au/wcsstore/Coles-CAS/images/3/1/3/3139186.jpg",
    "cupPrice": "$2.33 per 100g",
    "unit": "ea",
    "packageSize": "430g",
    "barcode": [
      "9325740029304"
    ],
    "isAvailable": true
  },
  {
    "id": "c3208493p",
    "store": "coles",
    "name": "Barista Reserve Crema Instant Coffee",
    "brand": "Moccona",
    "price": 9,
    "orgPrice": 18,
    "categoryId": [
      "pantry"
    ],
    "imagePath": "https://shop.coles.com.au/wcsstore/Coles-CAS/images/3/2/0/3208493.jpg",
    "cupPrice": "$5.14 per 100g",
    "unit": "ea",
    "packageSize": "175g",
    "barcode": null,
    "isAvailable": true
  },
  {
    "id": "c3265792p",
    "store": "coles",
    "name": "Freddo Delicious Biscuits Dipped In Milk Chocolate",
    "brand": "Cadbury",
    "price": 1.5,
    "orgPrice": 3,
    "categoryId": [
      "pantry"
    ],
    "imagePath": "https://shop.coles.com.au/wcsstore/Coles-CAS/images/3/2/6/3265792.jpg",
    "cupPrice": "$0.90 per 100g",
    "unit": "ea",
    "packageSize": "167g",
    "barcode": null,
    "isAvailable": true
  },
  {
    "id": "c3384565p-8410076620460",
    "store": "coles",
    "name": "Milk Chocolate Popcorn Bars",
    "brand": "Fibre One",
    "price": 2.75,
    "orgPrice": 5.5,
    "categoryId": [
      "pantry"
    ],
    "imagePath": "https://shop.coles.com.au/wcsstore/Coles-CAS/images/3/3/8/3384565.jpg",
    "cupPrice": "$2.62 per 100g",
    "unit": "ea",
    "packageSize": "105g",
    "barcode": [
      "8410076620460"
    ],
    "isAvailable": true
  },
  {
    "id": "c3387756p-9300605125407",
    "store": "coles",
    "name": "Passionfruit Flavour Roll Ups 6 pack",
    "brand": "Uncle Tobys",
    "price": 2,
    "orgPrice": 4,
    "categoryId": [
      "pantry"
    ],
    "imagePath": "https://shop.coles.com.au/wcsstore/Coles-CAS/images/3/3/8/3387756.jpg",
    "cupPrice": "$2.13 per 100g",
    "unit": "ea",
    "packageSize": "94g",
    "barcode": [
      "9300605125407"
    ],
    "isAvailable": true
  },
  {
    "id": "c3569888p-9300605122994",
    "store": "coles",
    "name": "KitKat Gold White Chocolate With Caramelised Break",
    "brand": "Nestle",
    "price": 1,
    "orgPrice": 2,
    "categoryId": [
      "pantry"
    ],
    "imagePath": "https://shop.coles.com.au/wcsstore/Coles-CAS/images/3/5/6/3569888.jpg",
    "cupPrice": "$2.22 per 100g",
    "unit": "ea",
    "packageSize": "45g",
    "barcode": [
      "9300605122994",
      "400003525102"
    ],
    "isAvailable": true
  },
  {
    "id": "c7978200p-9300667015142",
    "store": "coles",
    "name": "Cup A Soup Chinese Chicken & Corn with Lots of Noodles 2 pack",
    "brand": "Continental",
    "price": 1,
    "orgPrice": 2,
    "categoryId": [
      "pantry"
    ],
    "imagePath": "https://shop.coles.com.au/wcsstore/Coles-CAS/images/7/9/7/7978200.jpg",
    "cupPrice": "$1.52 per 100g",
    "unit": "ea",
    "packageSize": "66g",
    "barcode": [
      "9300667015142"
    ],
    "isAvailable": true
  },
  {
    "id": "c5687987p-9323966000046",
    "store": "coles",
    "name": "Lindor Assorted Chocolate Balls Gift Box",
    "brand": "Lindt",
    "price": 7,
    "orgPrice": 14,
    "categoryId": [
      "pantry"
    ],
    "imagePath": "https://shop.coles.com.au/wcsstore/Coles-CAS/images/5/6/8/5687987.jpg",
    "cupPrice": "$4.67 per 100g",
    "unit": "ea",
    "packageSize": "150g",
    "barcode": [
      "9323966000046",
      "9323966100944",
      "9311616000058"
    ],
    "isAvailable": true
  },
  {
    "id": "c9194846p-9300667025332",
    "store": "coles",
    "name": "Cup A Soup Thai Red Curry 2 pack",
    "brand": "Continental",
    "price": 1,
    "orgPrice": 2,
    "categoryId": [
      "pantry"
    ],
    "imagePath": "https://shop.coles.com.au/wcsstore/Coles-CAS/images/9/1/9/9194846.jpg",
    "cupPrice": "$1.67 per 100g",
    "unit": "ea",
    "packageSize": "60g",
    "barcode": [
      "9300667025332"
    ],
    "isAvailable": true
  },
  {
    "id": "c9151537p-9300667025042",
    "store": "coles",
    "name": "Cup A Soup Creamy Pumpkin with Croutons 2 pack",
    "brand": "Continental",
    "price": 1,
    "orgPrice": 2,
    "categoryId": [
      "pantry"
    ],
    "imagePath": "https://shop.coles.com.au/wcsstore/Coles-CAS/images/9/1/5/9151537.jpg",
    "cupPrice": "$1.82 per 100g",
    "unit": "ea",
    "packageSize": "55g",
    "barcode": [
      "9300667025042"
    ],
    "isAvailable": true
  },
  {
    "id": "c1734247p-9300605095519",
    "store": "coles",
    "name": "Oats Quick Sachets Fruit Variety 12 pack",
    "brand": "Uncle Tobys",
    "price": 3,
    "orgPrice": 6,
    "categoryId": [
      "pantry"
    ],
    "imagePath": "https://shop.coles.com.au/wcsstore/Coles-CAS/images/1/7/3/1734247.jpg",
    "cupPrice": "$0.71 per 100g",
    "unit": "ea",
    "packageSize": "420g",
    "barcode": [
      "9300605095519"
    ],
    "isAvailable": true
  },
  {
    "id": "c5172284p-76145513",
    "store": "coles",
    "name": "Milk Chocolate Bar",
    "brand": "Toblerone",
    "price": 1,
    "orgPrice": 2,
    "categoryId": [
      "pantry"
    ],
    "imagePath": "https://shop.coles.com.au/wcsstore/Coles-CAS/images/5/1/7/5172284.jpg",
    "cupPrice": "$2.00 per 100g",
    "unit": "ea",
    "packageSize": "50g",
    "barcode": [
      "76145513",
      "400003309092"
    ],
    "isAvailable": true
  },
  {
    "id": "c3151476p-9310034000503",
    "store": "coles",
    "name": "Golden Grain Soft Bakes Biscuit",
    "brand": "Belvita",
    "price": 2.25,
    "orgPrice": 4.5,
    "categoryId": [
      "pantry"
    ],
    "imagePath": "https://shop.coles.com.au/wcsstore/Coles-CAS/images/3/1/5/3151476.jpg",
    "cupPrice": "$1.13 per 100g",
    "unit": "ea",
    "packageSize": "200g",
    "barcode": [
      "9310034000503"
    ],
    "isAvailable": true
  },
  {
    "id": "c3151851p-9310015248153",
    "store": "coles",
    "name": "Limited Edition Moroccan Chicken & Lemon Potato Chips",
    "brand": "Red Rock Deli",
    "price": 2.32,
    "orgPrice": 4.65,
    "categoryId": [
      "pantry"
    ],
    "imagePath": "https://shop.coles.com.au/wcsstore/Coles-CAS/images/3/1/5/3151851.jpg",
    "cupPrice": "$1.55 per 100g",
    "unit": "ea",
    "packageSize": "150g",
    "barcode": [
      "9310015248153",
      "9310015246975",
      "9310015248405",
      "9310015245565",
      "400003364268"
    ],
    "isAvailable": true
  },
  {
    "id": "c4341819p-400003495955",
    "store": "coles",
    "name": "Fat Blaster Max Tablets",
    "brand": "Naturopathica",
    "price": 20,
    "orgPrice": 40,
    "categoryId": [
      "pantry"
    ],
    "imagePath": "https://shop.coles.com.au/wcsstore/Coles-CAS/images/4/3/4/4341819.jpg",
    "cupPrice": "$33.33 per 100ea",
    "unit": "ea",
    "packageSize": "60 pack",
    "barcode": [
      "400003495955",
      "9325740007104"
    ],
    "isAvailable": true
  },
  {
    "id": "c4975206p-9310060406928",
    "store": "coles",
    "name": "Chewy Muesli Bars Forest Fruits 6 Pack",
    "brand": "Uncle Tobys",
    "price": 2.15,
    "orgPrice": 4.3,
    "categoryId": [
      "pantry"
    ],
    "imagePath": "https://shop.coles.com.au/wcsstore/Coles-CAS/images/4/9/7/4975206.jpg",
    "cupPrice": "$1.16 per 100g",
    "unit": "ea",
    "packageSize": "185g",
    "barcode": [
      "9310060406928"
    ],
    "isAvailable": true
  },
  {
    "id": "c9827148p-9400563740466",
    "store": "coles",
    "name": "Roasted Peanut Nut Bars 6 Pack",
    "brand": "Nice & Natural",
    "price": 2,
    "orgPrice": 4,
    "categoryId": [
      "pantry"
    ],
    "imagePath": "https://shop.coles.com.au/wcsstore/Coles-CAS/images/9/8/2/9827148.jpg",
    "cupPrice": "$1.04 per 100g",
    "unit": "ea",
    "packageSize": "192g",
    "barcode": [
      "9400563740466",
      "9400563500558",
      "9400563448645"
    ],
    "isAvailable": true
  },
  {
    "id": "c2605910p-9400563448584",
    "store": "coles",
    "name": "Roasted Peanut Almond Bars 6 Pack",
    "brand": "Nice & Natural",
    "price": 2,
    "orgPrice": 4,
    "categoryId": [
      "pantry"
    ],
    "imagePath": "https://shop.coles.com.au/wcsstore/Coles-CAS/images/2/6/0/2605910.jpg",
    "cupPrice": "$1.04 per 100g",
    "unit": "ea",
    "packageSize": "192g",
    "barcode": [
      "9400563448584"
    ],
    "isAvailable": true
  },
  {
    "id": "c2795586p-9400563451348",
    "store": "coles",
    "name": "Real Dark Chocolate & Cacao Protein Nut Bars 5 Pack",
    "brand": "Nice & Natural",
    "price": 2.5,
    "orgPrice": 5,
    "categoryId": [
      "pantry"
    ],
    "imagePath": "https://shop.coles.com.au/wcsstore/Coles-CAS/images/2/7/9/2795586.jpg",
    "cupPrice": "$1.52 per 100g",
    "unit": "ea",
    "packageSize": "165g",
    "barcode": [
      "9400563451348"
    ],
    "isAvailable": true
  },
  {
    "id": "c3151465p-9310034000459",
    "store": "coles",
    "name": "Cranberry & Sultana Soft Bakes Biscuit",
    "brand": "Belvita",
    "price": 2.25,
    "orgPrice": 4.5,
    "categoryId": [
      "pantry"
    ],
    "imagePath": "https://shop.coles.com.au/wcsstore/Coles-CAS/images/3/1/5/3151465.jpg",
    "cupPrice": "$1.13 per 100g",
    "unit": "ea",
    "packageSize": "200g",
    "barcode": [
      "9310034000459"
    ],
    "isAvailable": true
  },
  {
    "id": "c3208620p",
    "store": "coles",
    "name": "A Modo Mio Tiny Black Coffee Machine",
    "brand": "Lavazza",
    "price": 39.5,
    "orgPrice": 79,
    "categoryId": [
      "pantry"
    ],
    "imagePath": "https://shop.coles.com.au/wcsstore/Coles-CAS/images/3/2/0/3208620.jpg",
    "cupPrice": "$39.50 per 1ea",
    "unit": "ea",
    "packageSize": "1 each",
    "barcode": null,
    "isAvailable": true
  },
  {
    "id": "c3274272p-9315090207934",
    "store": "coles",
    "name": "Honey & Vanilla Heritage Mill Porridge Sachets 8 Pack",
    "brand": "Freedom Foods",
    "price": 2.5,
    "orgPrice": 5,
    "categoryId": [
      "pantry"
    ],
    "imagePath": "https://shop.coles.com.au/wcsstore/Coles-CAS/images/3/2/7/3274272.jpg",
    "cupPrice": "$0.78 per 100g",
    "unit": "ea",
    "packageSize": "320g",
    "barcode": [
      "9315090207934"
    ],
    "isAvailable": true
  },
  {
    "id": "c3312928p-9310015247514",
    "store": "coles",
    "name": "Creamy Feta Avocado & Lime Tortilla Chips",
    "brand": "Red Rock Deli",
    "price": 2.32,
    "orgPrice": 4.65,
    "categoryId": [
      "pantry"
    ],
    "imagePath": "https://shop.coles.com.au/wcsstore/Coles-CAS/images/3/3/1/3312928.jpg",
    "cupPrice": "$1.41 per 100g",
    "unit": "ea",
    "packageSize": "165g",
    "barcode": [
      "9310015247514",
      "9310015246296"
    ],
    "isAvailable": true
  },
  {
    "id": "c3312950p-9310015246319",
    "store": "coles",
    "name": "Parmesan & Caramelised Onion Tortilla Chips",
    "brand": "Red Rock Deli",
    "price": 2.32,
    "orgPrice": 4.65,
    "categoryId": [
      "pantry"
    ],
    "imagePath": "https://shop.coles.com.au/wcsstore/Coles-CAS/images/3/3/1/3312950.jpg",
    "cupPrice": "$1.41 per 100g",
    "unit": "ea",
    "packageSize": "165g",
    "barcode": [
      "9310015246319"
    ],
    "isAvailable": true
  },
  {
    "id": "c3434674p-400003469734",
    "store": "coles",
    "name": "Minis Honey & Choc Chip Breakfast Biscuits 6 pack",
    "brand": "Belvita",
    "price": 2.5,
    "orgPrice": 5,
    "categoryId": [
      "pantry"
    ],
    "imagePath": "https://shop.coles.com.au/wcsstore/Coles-CAS/images/3/4/3/3434674.jpg",
    "cupPrice": "$1.19 per 100g",
    "unit": "ea",
    "packageSize": "210g",
    "barcode": [
      "400003469734",
      "9300650028975"
    ],
    "isAvailable": true
  },
  {
    "id": "c7477012p-9300605054141",
    "store": "coles",
    "name": "Golden Syrup Oats Quick Sachets 12 pack",
    "brand": "Uncle Tobys",
    "price": 3,
    "orgPrice": 6,
    "categoryId": [
      "pantry"
    ],
    "imagePath": "https://shop.coles.com.au/wcsstore/Coles-CAS/images/7/4/7/7477012.jpg",
    "cupPrice": "$0.71 per 100g",
    "unit": "ea",
    "packageSize": "420g",
    "barcode": [
      "9300605054141"
    ],
    "isAvailable": true
  },
  {
    "id": "c2286516p-9300830024049",
    "store": "coles",
    "name": "Cup A Soup Pepper Steak & Mushroom with Croutons 2 pack",
    "brand": "Continental",
    "price": 1,
    "orgPrice": 2,
    "categoryId": [
      "pantry"
    ],
    "imagePath": "https://shop.coles.com.au/wcsstore/Coles-CAS/images/2/2/8/2286516.jpg",
    "cupPrice": "$1.92 per 100g",
    "unit": "ea",
    "packageSize": "52g",
    "barcode": [
      "9300830024049"
    ],
    "isAvailable": true
  },
  {
    "id": "c3434663p-9300650028944",
    "store": "coles",
    "name": "Minis Chocolate Biscuits 6 Packs",
    "brand": "Belvita",
    "price": 2.5,
    "orgPrice": 5,
    "categoryId": [
      "pantry"
    ],
    "imagePath": "https://shop.coles.com.au/wcsstore/Coles-CAS/images/3/4/3/3434663.jpg",
    "cupPrice": "$1.19 per 100g",
    "unit": "ea",
    "packageSize": "210g",
    "barcode": [
      "9300650028944",
      "400003469727"
    ],
    "isAvailable": true
  },
  {
    "id": "c3496445p-9310988017435",
    "store": "coles",
    "name": "Sea Salt Flat Bread Crackers",
    "brand": "Kettle",
    "price": 2.25,
    "orgPrice": 4.5,
    "categoryId": [
      "pantry"
    ],
    "imagePath": "https://shop.coles.com.au/wcsstore/Coles-CAS/images/3/4/9/3496445.jpg",
    "cupPrice": "$1.50 per 100g",
    "unit": "ea",
    "packageSize": "150g",
    "barcode": [
      "9310988017435"
    ],
    "isAvailable": true
  },
  {
    "id": "c3558371p-9313495005810",
    "store": "coles",
    "name": "Organic Tortilla Corn & Quinoa Chips",
    "brand": "The Wholesome Food Company",
    "price": 2.5,
    "orgPrice": 5,
    "categoryId": [
      "pantry"
    ],
    "imagePath": "https://shop.coles.com.au/wcsstore/Coles-CAS/images/3/5/5/3558371.jpg",
    "cupPrice": "$1.67 per 100g",
    "unit": "ea",
    "packageSize": "150g",
    "barcode": [
      "9313495005810"
    ],
    "isAvailable": true
  },
  {
    "id": "c8949795p-9300605072336",
    "store": "coles",
    "name": "Hi-Fibre Oats Quick Sachets",
    "brand": "Uncle Tobys",
    "price": 3,
    "orgPrice": 6,
    "categoryId": [
      "pantry"
    ],
    "imagePath": "https://shop.coles.com.au/wcsstore/Coles-CAS/images/8/9/4/8949795.jpg",
    "cupPrice": "$0.75 per 100g",
    "unit": "ea",
    "packageSize": "400g",
    "barcode": [
      "9300605072336"
    ],
    "isAvailable": true
  },
  {
    "id": "c5248149p-9300617000501",
    "store": "coles",
    "name": "Dairy Milk Chocolate  Freddo",
    "brand": "Cadbury",
    "price": 0.5,
    "orgPrice": 1,
    "categoryId": [
      "pantry"
    ],
    "imagePath": "https://shop.coles.com.au/wcsstore/Coles-CAS/images/5/2/4/5248149.jpg",
    "cupPrice": "$1.43 per 100g",
    "unit": "ea",
    "packageSize": "35g",
    "barcode": [
      "9300617000501",
      "9300617333371",
      "9300617411031"
    ],
    "isAvailable": true
  },
  {
    "id": "c2458509p-9300682045421",
    "store": "coles",
    "name": "Teasers Milk Chocolate Bar",
    "brand": "Maltesers",
    "price": 1,
    "orgPrice": 2,
    "categoryId": [
      "pantry"
    ],
    "imagePath": "https://shop.coles.com.au/wcsstore/Coles-CAS/images/2/4/5/2458509.jpg",
    "cupPrice": "$2.86 per 100g",
    "unit": "ea",
    "packageSize": "35g",
    "barcode": [
      "9300682045421",
      "9300682054751"
    ],
    "isAvailable": true
  },
  {
    "id": "c2510020p-9313495005353",
    "store": "coles",
    "name": "Gluten Free Original Hommus Chips",
    "brand": "Wholesome Food Company",
    "price": 2.5,
    "orgPrice": 5,
    "categoryId": [
      "pantry"
    ],
    "imagePath": "https://shop.coles.com.au/wcsstore/Coles-CAS/images/2/5/1/2510020.jpg",
    "cupPrice": "$2.08 per 100g",
    "unit": "ea",
    "packageSize": "120g",
    "barcode": [
      "9313495005353"
    ],
    "isAvailable": true
  },
  {
    "id": "c3139200p-9325740029311",
    "store": "coles",
    "name": "Fat Blaster Less Sugar Vanilla Shake",
    "brand": "Naturopathica",
    "price": 10,
    "orgPrice": 20,
    "categoryId": [
      "pantry"
    ],
    "imagePath": "https://shop.coles.com.au/wcsstore/Coles-CAS/images/3/1/3/3139200.jpg",
    "cupPrice": "$2.33 per 100g",
    "unit": "ea",
    "packageSize": "430g",
    "barcode": [
      "9325740029311"
    ],
    "isAvailable": true
  },
  {
    "id": "c3293663p-9300682046480",
    "store": "coles",
    "name": "Chocolate Bar",
    "brand": "Milky Way",
    "price": 1,
    "orgPrice": 2,
    "categoryId": [
      "pantry"
    ],
    "imagePath": "https://shop.coles.com.au/wcsstore/Coles-CAS/images/3/2/9/3293663.jpg",
    "cupPrice": "$1.89 per 100g",
    "unit": "ea",
    "packageSize": "53g",
    "barcode": [
      "9300682046480"
    ],
    "isAvailable": true
  },
  {
    "id": "c3525634p-8711000377390",
    "store": "coles",
    "name": "Espresso 7 Coffee Capsules 10 pack",
    "brand": "Moccona",
    "price": 3,
    "orgPrice": 6,
    "categoryId": [
      "pantry"
    ],
    "imagePath": "https://shop.coles.com.au/wcsstore/Coles-CAS/images/3/5/2/3525634.jpg",
    "cupPrice": "$5.77 per 100g",
    "unit": "ea",
    "packageSize": "52g",
    "barcode": [
      "8711000377390",
      "8711000370001"
    ],
    "isAvailable": true
  },
  {
    "id": "c2395362p-9300617044901",
    "store": "coles",
    "name": "Caramello Koala Chocolate",
    "brand": "Cadbury",
    "price": 0.5,
    "orgPrice": 1,
    "categoryId": [
      "pantry"
    ],
    "imagePath": "https://shop.coles.com.au/wcsstore/Coles-CAS/images/2/3/9/2395362.jpg",
    "cupPrice": "$1.43 per 100g",
    "unit": "ea",
    "packageSize": "35g",
    "barcode": [
      "9300617044901"
    ],
    "isAvailable": true
  },
  {
    "id": "c2509654p-9313495005285",
    "store": "coles",
    "name": "Gluten Free Original Falafel Chips",
    "brand": "Wholesome Food Company",
    "price": 2.5,
    "orgPrice": 5,
    "categoryId": [
      "pantry"
    ],
    "imagePath": "https://shop.coles.com.au/wcsstore/Coles-CAS/images/2/5/0/2509654.jpg",
    "cupPrice": "$1.43 per 100g",
    "unit": "ea",
    "packageSize": "175g",
    "barcode": [
      "9313495005285"
    ],
    "isAvailable": true
  },
  {
    "id": "c3387360p-9300695008253",
    "store": "coles",
    "name": "Cinnamon Drizzle Squares 5 pack",
    "brand": "Fibre One",
    "price": 2.75,
    "orgPrice": 5.5,
    "categoryId": [
      "pantry"
    ],
    "imagePath": "https://shop.coles.com.au/wcsstore/Coles-CAS/images/3/3/8/3387360.jpg",
    "cupPrice": "$2.29 per 100g",
    "unit": "ea",
    "packageSize": "120g",
    "barcode": [
      "9300695008253"
    ],
    "isAvailable": true
  },
  {
    "id": "c3501986p-9300605126244",
    "store": "coles",
    "name": "KitKat Chunky Cookie Dough",
    "brand": "Nestle",
    "price": 1,
    "orgPrice": 2,
    "categoryId": [
      "pantry"
    ],
    "imagePath": "https://shop.coles.com.au/wcsstore/Coles-CAS/images/3/5/0/3501986.jpg",
    "cupPrice": "$1.92 per 100g",
    "unit": "ea",
    "packageSize": "52g",
    "barcode": [
      "9300605126244"
    ],
    "isAvailable": true
  },
  {
    "id": "c3496467p-9310988017442",
    "store": "coles",
    "name": "Burnt Fig Flat Bread Crackers",
    "brand": "Kettle",
    "price": 2.25,
    "orgPrice": 4.5,
    "categoryId": [
      "pantry"
    ],
    "imagePath": "https://shop.coles.com.au/wcsstore/Coles-CAS/images/3/4/9/3496467.jpg",
    "cupPrice": "$1.50 per 100g",
    "unit": "ea",
    "packageSize": "150g",
    "barcode": [
      "9310988017442"
    ],
    "isAvailable": true
  },
  {
    "id": "c3529760p-9310645262062",
    "store": "coles",
    "name": "Hazelnut Spread",
    "brand": "Coles",
    "price": 2,
    "orgPrice": 4,
    "categoryId": [
      "pantry"
    ],
    "imagePath": "https://shop.coles.com.au/wcsstore/Coles-CAS/images/3/5/2/3529760.jpg",
    "cupPrice": "$0.67 per 100g",
    "unit": "ea",
    "packageSize": "300g",
    "barcode": [
      "9310645262062"
    ],
    "isAvailable": true
  },
  {
    "id": "c7251224p-93682664",
    "store": "coles",
    "name": "Milk Chocolate Small Bag",
    "brand": "M&M's",
    "price": 1,
    "orgPrice": 2,
    "categoryId": [
      "pantry"
    ],
    "imagePath": "https://shop.coles.com.au/wcsstore/Coles-CAS/images/7/2/5/7251224.jpg",
    "cupPrice": "$2.04 per 100g",
    "unit": "ea",
    "packageSize": "49g",
    "barcode": [
      "93682664"
    ],
    "isAvailable": true
  },
  {
    "id": "c3274240p-9315090207903",
    "store": "coles",
    "name": "Heritage Mill Maple Date & Pecan Porridge Sachets 8 pack",
    "brand": "Freedom Foods",
    "price": 2.5,
    "orgPrice": 5,
    "categoryId": [
      "pantry"
    ],
    "imagePath": "https://shop.coles.com.au/wcsstore/Coles-CAS/images/3/2/7/3274240.jpg",
    "cupPrice": "$0.78 per 100g",
    "unit": "ea",
    "packageSize": "320g",
    "barcode": [
      "9315090207903"
    ],
    "isAvailable": true
  },
  {
    "id": "c3384554p-8410076620453",
    "store": "coles",
    "name": "Peanut Butter Popcorn Bars 5 pack",
    "brand": "Fibre One",
    "price": 2.75,
    "orgPrice": 5.5,
    "categoryId": [
      "pantry"
    ],
    "imagePath": "https://shop.coles.com.au/wcsstore/Coles-CAS/images/3/3/8/3384554.jpg",
    "cupPrice": "$2.62 per 100g",
    "unit": "ea",
    "packageSize": "105g",
    "barcode": [
      "8410076620453"
    ],
    "isAvailable": true
  },
  {
    "id": "c2667622p-9300830037483",
    "store": "coles",
    "name": "Cup A Soup Homestyle Chicken 2 pack",
    "brand": "Continental",
    "price": 1,
    "orgPrice": 2,
    "categoryId": [
      "pantry"
    ],
    "imagePath": "https://shop.coles.com.au/wcsstore/Coles-CAS/images/2/6/6/2667622.jpg",
    "cupPrice": "$2.17 per 100g",
    "unit": "ea",
    "packageSize": "46g",
    "barcode": [
      "9300830037483"
    ],
    "isAvailable": true
  },
  {
    "id": "c3145010p",
    "store": "coles",
    "name": "Gluten Free Corn Chips With Veg Cauliflower Linseed & Cheddar Cheese",
    "brand": "Wholesome Food Company",
    "price": 2.5,
    "orgPrice": 5,
    "categoryId": [
      "pantry"
    ],
    "imagePath": "https://shop.coles.com.au/wcsstore/Coles-CAS/images/3/1/4/3145010.jpg",
    "cupPrice": "$1.67 per 100g",
    "unit": "ea",
    "packageSize": "150g",
    "barcode": null,
    "isAvailable": true
  },
  {
    "id": "c3478046p-9325740030317",
    "store": "coles",
    "name": "Fat Blaster Chocolate Flavour Keto Fit Protein Shake Mix",
    "brand": "Naturopathica",
    "price": 15,
    "orgPrice": 30,
    "categoryId": [
      "pantry"
    ],
    "imagePath": "https://shop.coles.com.au/wcsstore/Coles-CAS/images/3/4/7/3478046.jpg",
    "cupPrice": "$5.00 per 100g",
    "unit": "ea",
    "packageSize": "300g",
    "barcode": [
      "9325740030317"
    ],
    "isAvailable": true
  },
  {
    "id": "c2026140p-9300605094666",
    "store": "coles",
    "name": "KitKat Chunky Caramel",
    "brand": "Nestle",
    "price": 1,
    "orgPrice": 2,
    "categoryId": [
      "pantry"
    ],
    "imagePath": "https://shop.coles.com.au/wcsstore/Coles-CAS/images/2/0/2/2026140.jpg",
    "cupPrice": "$1.82 per 100g",
    "unit": "ea",
    "packageSize": "55g",
    "barcode": [
      "9300605094666"
    ],
    "isAvailable": true
  },
  {
    "id": "c3139222p-9325740029335",
    "store": "coles",
    "name": "Fat Blaster 30% Less Sugar Raspberry Ripple Shake",
    "brand": "Naturopathica",
    "price": 10,
    "orgPrice": 20,
    "categoryId": [
      "pantry"
    ],
    "imagePath": "https://shop.coles.com.au/wcsstore/Coles-CAS/images/3/1/3/3139222.jpg",
    "cupPrice": "$2.33 per 100g",
    "unit": "ea",
    "packageSize": "430g",
    "barcode": [
      "9325740029335"
    ],
    "isAvailable": true
  },
  {
    "id": "c3139211p-9325740029328",
    "store": "coles",
    "name": "Fat Blaster 30% Less Sugar Mocha Shake",
    "brand": "Naturopathica",
    "price": 10,
    "orgPrice": 20,
    "categoryId": [
      "pantry"
    ],
    "imagePath": "https://shop.coles.com.au/wcsstore/Coles-CAS/images/3/1/3/3139211.jpg",
    "cupPrice": "$2.33 per 100g",
    "unit": "ea",
    "packageSize": "430g",
    "barcode": [
      "9325740029328"
    ],
    "isAvailable": true
  },
  {
    "id": "c3208471p",
    "store": "coles",
    "name": "Barista Reserve Rich Espresso Instant Coffee",
    "brand": "Moccona",
    "price": 9,
    "orgPrice": 18,
    "categoryId": [
      "pantry"
    ],
    "imagePath": "https://shop.coles.com.au/wcsstore/Coles-CAS/images/3/2/0/3208471.jpg",
    "cupPrice": "$5.14 per 100g",
    "unit": "ea",
    "packageSize": "175g",
    "barcode": null,
    "isAvailable": true
  },
  {
    "id": "c3710192p-9300605129269",
    "store": "coles",
    "name": "Kit Kat Double Cookies & Cream",
    "brand": "Nestle",
    "price": 1,
    "orgPrice": 2,
    "categoryId": [
      "pantry"
    ],
    "imagePath": "https://shop.coles.com.au/wcsstore/Coles-CAS/images/3/7/1/3710192.jpg",
    "cupPrice": "$2.22 per 100g",
    "unit": "ea",
    "packageSize": "45g",
    "barcode": [
      "9300605129269"
    ],
    "isAvailable": true
  },
  {
    "id": "c2995891p-9313495005582",
    "store": "coles",
    "name": "Gluten Free Roasted Jalapeno Protein Chips",
    "brand": "Wholesome Food Company",
    "price": 2.5,
    "orgPrice": 5,
    "categoryId": [
      "pantry"
    ],
    "imagePath": "https://shop.coles.com.au/wcsstore/Coles-CAS/images/2/9/9/2995891.jpg",
    "cupPrice": "$3.57 per 100g",
    "unit": "ea",
    "packageSize": "70g",
    "barcode": [
      "9313495005582"
    ],
    "isAvailable": true
  },
  {
    "id": "c3145000p",
    "store": "coles",
    "name": "Gluten Free Quinoa & Chia Straws With Wasabi Chips",
    "brand": "Wholesome Food Company",
    "price": 2.5,
    "orgPrice": 5,
    "categoryId": [
      "pantry"
    ],
    "imagePath": "https://shop.coles.com.au/wcsstore/Coles-CAS/images/3/1/4/3145000.jpg",
    "cupPrice": "$2.08 per 100g",
    "unit": "ea",
    "packageSize": "120g",
    "barcode": null,
    "isAvailable": true
  },
  {
    "id": "c3274250p-9315090207910",
    "store": "coles",
    "name": "Heritage Mill Berry-Licious Porridge Sachets 8 pack",
    "brand": "Freedom Foods",
    "price": 2.5,
    "orgPrice": 5,
    "categoryId": [
      "pantry"
    ],
    "imagePath": "https://shop.coles.com.au/wcsstore/Coles-CAS/images/3/2/7/3274250.jpg",
    "cupPrice": "$0.78 per 100g",
    "unit": "ea",
    "packageSize": "320g",
    "barcode": [
      "9315090207910"
    ],
    "isAvailable": true
  },
  {
    "id": "c3496456p-9310988017428",
    "store": "coles",
    "name": "Chilli Jam Flat Bread Crackers",
    "brand": "Kettle",
    "price": 2.25,
    "orgPrice": 4.5,
    "categoryId": [
      "pantry"
    ],
    "imagePath": "https://shop.coles.com.au/wcsstore/Coles-CAS/images/3/4/9/3496456.jpg",
    "cupPrice": "$1.50 per 100g",
    "unit": "ea",
    "packageSize": "150g",
    "barcode": [
      "9310988017428"
    ],
    "isAvailable": true
  },
  {
    "id": "c3502016p-93555296",
    "store": "coles",
    "name": "Original Fruit Chews Lollies Stick",
    "brand": "Starburst",
    "price": 1,
    "orgPrice": 2,
    "categoryId": [
      "pantry"
    ],
    "imagePath": "https://shop.coles.com.au/wcsstore/Coles-CAS/images/3/5/0/3502016.jpg",
    "cupPrice": "$2.22 per 100g",
    "unit": "ea",
    "packageSize": "45g",
    "barcode": [
      "93555296"
    ],
    "isAvailable": true
  },
  {
    "id": "c3629130p-9319636001383",
    "store": "coles",
    "name": "Sweet & Salty Rice Puffs Crackers",
    "brand": "Sakata",
    "price": 1.5,
    "orgPrice": 3,
    "categoryId": [
      "pantry"
    ],
    "imagePath": "https://shop.coles.com.au/wcsstore/Coles-CAS/images/3/6/2/3629130.jpg",
    "cupPrice": "$2.08 per 100g",
    "unit": "ea",
    "packageSize": "72g",
    "barcode": [
      "9319636001383"
    ],
    "isAvailable": true
  },
  {
    "id": "c3706016p-9310015248078",
    "store": "coles",
    "name": "Pita Chip Cracker Sea Salt",
    "brand": "Stacy's",
    "price": 2.25,
    "orgPrice": 4.5,
    "categoryId": [
      "pantry"
    ],
    "imagePath": "https://shop.coles.com.au/wcsstore/Coles-CAS/images/3/7/0/3706016.jpg",
    "cupPrice": "$1.32 per 100g",
    "unit": "ea",
    "packageSize": "170g",
    "barcode": [
      "9310015248078"
    ],
    "isAvailable": true
  },
  {
    "id": "c3144991p",
    "store": "coles",
    "name": "Gluten Free Lentil Harissa Twists Chips",
    "brand": "Wholesome Food Company",
    "price": 2.5,
    "orgPrice": 5,
    "categoryId": [
      "pantry"
    ],
    "imagePath": "https://shop.coles.com.au/wcsstore/Coles-CAS/images/3/1/4/3144991.jpg",
    "cupPrice": "$2.08 per 100g",
    "unit": "ea",
    "packageSize": "120g",
    "barcode": null,
    "isAvailable": true
  },
  {
    "id": "c3208482p",
    "store": "coles",
    "name": "Barista Reserve Smooth Espresso Instant Coffee",
    "brand": "Moccona",
    "price": 9,
    "orgPrice": 18,
    "categoryId": [
      "pantry"
    ],
    "imagePath": "https://shop.coles.com.au/wcsstore/Coles-CAS/images/3/2/0/3208482.jpg",
    "cupPrice": "$5.14 per 100g",
    "unit": "ea",
    "packageSize": "175g",
    "barcode": null,
    "isAvailable": true
  },
  {
    "id": "c1478362p",
    "store": "coles",
    "name": "Sugar Free Natural Energy Drink Can",
    "brand": "28 Black",
    "price": 1.3,
    "orgPrice": 2.7,
    "categoryId": [
      "pantry"
    ],
    "imagePath": "https://shop.coles.com.au/wcsstore/Coles-CAS/images/1/4/7/1478362.jpg",
    "cupPrice": "$5.20 per 1l",
    "unit": "ea",
    "packageSize": "250ml",
    "barcode": null,
    "isAvailable": true
  },
  {
    "id": "c3629141p-9319636001390",
    "store": "coles",
    "name": "Teriyaki Rice Puffs Crackers",
    "brand": "Sakata",
    "price": 1.5,
    "orgPrice": 3,
    "categoryId": [
      "pantry"
    ],
    "imagePath": "https://shop.coles.com.au/wcsstore/Coles-CAS/images/3/6/2/3629141.jpg",
    "cupPrice": "$2.08 per 100g",
    "unit": "ea",
    "packageSize": "72g",
    "barcode": [
      "9319636001390"
    ],
    "isAvailable": true
  },
  {
    "id": "c2015723p-9325740025894",
    "store": "coles",
    "name": "Fat Blaster Garcinia Max Supplement",
    "brand": "Naturopathica",
    "price": 15,
    "orgPrice": 30,
    "categoryId": [
      "pantry"
    ],
    "imagePath": "https://shop.coles.com.au/wcsstore/Coles-CAS/images/2/0/1/2015723.jpg",
    "cupPrice": "$0.25 per 1ea",
    "unit": "ea",
    "packageSize": "60 pack",
    "barcode": [
      "9325740025894"
    ],
    "isAvailable": true
  },
  {
    "id": "c3629152p-9319636001406",
    "store": "coles",
    "name": "Lime & Chilli Rice Puffs Crackers",
    "brand": "Sakata",
    "price": 1.5,
    "orgPrice": 3,
    "categoryId": [
      "pantry"
    ],
    "imagePath": "https://shop.coles.com.au/wcsstore/Coles-CAS/images/3/6/2/3629152.jpg",
    "cupPrice": "$2.08 per 100g",
    "unit": "ea",
    "packageSize": "72g",
    "barcode": [
      "9319636001406"
    ],
    "isAvailable": true
  },
  {
    "id": "c3433412p-9310034001227",
    "store": "coles",
    "name": "Chocolate Flavour Wafer Bites",
    "brand": "Oreo",
    "price": 0.6,
    "orgPrice": 1.5,
    "categoryId": [
      "pantry"
    ],
    "imagePath": "https://shop.coles.com.au/wcsstore/Coles-CAS/images/3/4/3/3433412.jpg",
    "cupPrice": "$1.28 per 100g",
    "unit": "ea",
    "packageSize": "47g",
    "barcode": [
      "9310034001227"
    ],
    "isAvailable": true
  },
  {
    "id": "c3591333p-8005110001659",
    "store": "coles",
    "name": "Pesto Style Stir Through Sauce Orange Tomato",
    "brand": "Mutti",
    "price": 2.5,
    "orgPrice": 5,
    "categoryId": [
      "pantry"
    ],
    "imagePath": "https://shop.coles.com.au/wcsstore/Coles-CAS/images/3/5/9/3591333.jpg",
    "cupPrice": "$0.89 per 100g",
    "unit": "ea",
    "packageSize": "280g",
    "barcode": [
      "8005110001659"
    ],
    "isAvailable": true
  },
  {
    "id": "c3558360p-9313495005865",
    "store": "coles",
    "name": "Lime, Peppercorn & Probiotic Lentils Chips",
    "brand": "The Wholesome Food Company",
    "price": 2.5,
    "orgPrice": 5,
    "categoryId": [
      "pantry"
    ],
    "imagePath": "https://shop.coles.com.au/wcsstore/Coles-CAS/images/3/5/5/3558360.jpg",
    "cupPrice": "$2.50 per 100g",
    "unit": "ea",
    "packageSize": "100g",
    "barcode": [
      "9313495005865"
    ],
    "isAvailable": true
  },
  {
    "id": "c3515776p-9310055103634",
    "store": "coles",
    "name": "Nutri-Grain To Go Breakfast Cereal 6 Pack",
    "brand": "Kellogg's",
    "price": 3.25,
    "orgPrice": 6.5,
    "categoryId": [
      "pantry"
    ],
    "imagePath": "https://shop.coles.com.au/wcsstore/Coles-CAS/images/3/5/1/3515776.jpg",
    "cupPrice": "$1.35 per 100g",
    "unit": "ea",
    "packageSize": "240g",
    "barcode": [
      "9310055103634"
    ],
    "isAvailable": true
  },
  {
    "id": "c8434627p-9310213565892",
    "store": "coles",
    "name": "Frozen Crumbed Chicken Breast Tenders",
    "brand": "Steggles",
    "price": 3.97,
    "orgPrice": 7.95,
    "categoryId": [
      "freezer"
    ],
    "imagePath": "https://shop.coles.com.au/wcsstore/Coles-CAS/images/8/4/3/8434627.jpg",
    "cupPrice": "$9.93 per 1kg",
    "unit": "ea",
    "packageSize": "400g",
    "barcode": [
      "9310213565892",
      "9310213541353"
    ],
    "isAvailable": true
  },
  {
    "id": "c5164388p-9344372002950",
    "store": "coles",
    "name": "Frozen Raspberries",
    "brand": "Creative Gourmet",
    "price": 2.82,
    "orgPrice": 5.65,
    "categoryId": [
      "freezer"
    ],
    "imagePath": "https://shop.coles.com.au/wcsstore/Coles-CAS/images/5/1/6/5164388.jpg",
    "cupPrice": "$9.40 per 1kg",
    "unit": "ea",
    "packageSize": "300g",
    "barcode": [
      "9344372002950",
      "9300766040991",
      "9311008049993"
    ],
    "isAvailable": true
  },
  {
    "id": "c5164399p-9311008049177",
    "store": "coles",
    "name": "Frozen Blueberries",
    "brand": "Creative Gourmet",
    "price": 2.82,
    "orgPrice": 5.65,
    "categoryId": [
      "freezer"
    ],
    "imagePath": "https://shop.coles.com.au/wcsstore/Coles-CAS/images/5/1/6/5164399.jpg",
    "cupPrice": "$9.40 per 1kg",
    "unit": "ea",
    "packageSize": "300g",
    "barcode": [
      "9311008049177",
      "9344372002783",
      "9300766041172",
      "400002883357"
    ],
    "isAvailable": true
  },
  {
    "id": "c4675530p-9323015006685",
    "store": "coles",
    "name": "Frozen Cocktail Spring Rolls 68 pack",
    "brand": "Pacific West",
    "price": 5.75,
    "orgPrice": 11.5,
    "categoryId": [
      "freezer"
    ],
    "imagePath": "https://shop.coles.com.au/wcsstore/Coles-CAS/images/4/6/7/4675530.jpg",
    "cupPrice": "$5.75 per 1kg",
    "unit": "ea",
    "packageSize": "1kg",
    "barcode": [
      "9323015006685"
    ],
    "isAvailable": true
  },
  {
    "id": "c2356724p-9318122381008",
    "store": "coles",
    "name": "Frozen Pork & Chive Dumplings 10 Pieces",
    "brand": "Hong Kong Dim Sim Kitchen",
    "price": 2.5,
    "orgPrice": 5,
    "categoryId": [
      "freezer"
    ],
    "imagePath": "https://shop.coles.com.au/wcsstore/Coles-CAS/images/2/3/5/2356724.jpg",
    "cupPrice": "$1.25 per 100g",
    "unit": "ea",
    "packageSize": "200g",
    "barcode": [
      "9318122381008"
    ],
    "isAvailable": true
  },
  {
    "id": "c2719952p-9310213540905",
    "store": "coles",
    "name": "Frozen Sweet Chilli Chicken Breast Tenders",
    "brand": "Steggles",
    "price": 3.97,
    "orgPrice": 7.95,
    "categoryId": [
      "freezer"
    ],
    "imagePath": "https://shop.coles.com.au/wcsstore/Coles-CAS/images/2/7/1/2719952.jpg",
    "cupPrice": "$9.93 per 1kg",
    "unit": "ea",
    "packageSize": "400g",
    "barcode": [
      "9310213540905",
      "9310213171383",
      "9310213541346"
    ],
    "isAvailable": true
  },
  {
    "id": "c2719963p-9310213540912",
    "store": "coles",
    "name": "Frozen Southern Style Chicken Breast Tenders",
    "brand": "Steggles",
    "price": 3.97,
    "orgPrice": 7.95,
    "categoryId": [
      "freezer"
    ],
    "imagePath": "https://shop.coles.com.au/wcsstore/Coles-CAS/images/2/7/1/2719963.jpg",
    "cupPrice": "$9.93 per 1kg",
    "unit": "ea",
    "packageSize": "400g",
    "barcode": [
      "9310213540912",
      "9310213541339",
      "9313690171044"
    ],
    "isAvailable": true
  },
  {
    "id": "c3059972p-9344372003179",
    "store": "coles",
    "name": "Frozen Banana Chunks",
    "brand": "Creative Gourmet",
    "price": 2.5,
    "orgPrice": 5,
    "categoryId": [
      "freezer"
    ],
    "imagePath": "https://shop.coles.com.au/wcsstore/Coles-CAS/images/3/0/5/3059972.jpg",
    "cupPrice": "$5.00 per 1kg",
    "unit": "ea",
    "packageSize": "500g",
    "barcode": [
      "9344372003179"
    ],
    "isAvailable": true
  },
  {
    "id": "c2356688p-9318122383828",
    "store": "coles",
    "name": "Frozen BBQ Pork Buns 6 Pieces",
    "brand": "Hong Kong Dim Sim Kitchen",
    "price": 2.5,
    "orgPrice": 5,
    "categoryId": [
      "freezer"
    ],
    "imagePath": "https://shop.coles.com.au/wcsstore/Coles-CAS/images/2/3/5/2356688.jpg",
    "cupPrice": "$1.25 per 100g",
    "unit": "ea",
    "packageSize": "200g",
    "barcode": [
      "9318122383828"
    ],
    "isAvailable": true
  },
  {
    "id": "c6070086p-9310090042974",
    "store": "coles",
    "name": "Frozen Traditional Square Meat Pies 4 pack",
    "brand": "Balfours",
    "price": 4,
    "orgPrice": 8,
    "categoryId": [
      "freezer"
    ],
    "imagePath": "https://shop.coles.com.au/wcsstore/Coles-CAS/images/6/0/7/6070086.jpg",
    "cupPrice": "$0.59 per 100g",
    "unit": "ea",
    "packageSize": "680g",
    "barcode": [
      "9310090042974"
    ],
    "isAvailable": true
  },
  {
    "id": "c4675520p-9323015006548",
    "store": "coles",
    "name": "Frozen Asian Banquet 64 pack",
    "brand": "Pacific West",
    "price": 5.75,
    "orgPrice": 11.5,
    "categoryId": [
      "freezer"
    ],
    "imagePath": "https://shop.coles.com.au/wcsstore/Coles-CAS/images/4/6/7/4675520.jpg",
    "cupPrice": "$5.75 per 1kg",
    "unit": "ea",
    "packageSize": "1kg",
    "barcode": [
      "9323015006548"
    ],
    "isAvailable": true
  },
  {
    "id": "c2356702p-9318122386300",
    "store": "coles",
    "name": "Frozen Siu Mai 10 Pieces",
    "brand": "Hong Kong Dim Sim Kitchen",
    "price": 2.5,
    "orgPrice": 5,
    "categoryId": [
      "freezer"
    ],
    "imagePath": "https://shop.coles.com.au/wcsstore/Coles-CAS/images/2/3/5/2356702.jpg",
    "cupPrice": "$1.25 per 100g",
    "unit": "ea",
    "packageSize": "200g",
    "barcode": [
      "9318122386300"
    ],
    "isAvailable": true
  },
  {
    "id": "c3230754p",
    "store": "coles",
    "name": "Frozen Honey Soy Frozen Chicken Breast Tenders",
    "brand": "Steggles",
    "price": 3.97,
    "orgPrice": 7.95,
    "categoryId": [
      "freezer"
    ],
    "imagePath": "https://shop.coles.com.au/wcsstore/Coles-CAS/images/3/2/3/3230754.jpg",
    "cupPrice": "$9.93 per 1kg",
    "unit": "ea",
    "packageSize": "400g",
    "barcode": null,
    "isAvailable": true
  },
  {
    "id": "c3573047p-9344372004619",
    "store": "coles",
    "name": "Frozen Passionfruit Pulp",
    "brand": "Creative Gourmet",
    "price": 2.82,
    "orgPrice": 5.65,
    "categoryId": [
      "freezer"
    ],
    "imagePath": "https://shop.coles.com.au/wcsstore/Coles-CAS/images/3/5/7/3573047.jpg",
    "cupPrice": "$9.40 per 1kg",
    "unit": "ea",
    "packageSize": "300g",
    "barcode": [
      "9344372004619"
    ],
    "isAvailable": true
  },
  {
    "id": "c3573070p-9344372004626",
    "store": "coles",
    "name": "Frozen Pink Dragonfruit Chunks",
    "brand": "Creative Gourmet",
    "price": 2.82,
    "orgPrice": 5.65,
    "categoryId": [
      "freezer"
    ],
    "imagePath": "https://shop.coles.com.au/wcsstore/Coles-CAS/images/3/5/7/3573070.jpg",
    "cupPrice": "$9.40 per 1kg",
    "unit": "ea",
    "packageSize": "300g",
    "barcode": [
      "9344372004626"
    ],
    "isAvailable": true
  },
  {
    "id": "c2719974p-9310213540899",
    "store": "coles",
    "name": "Frozen Hot & Spicy Chicken Breast Tenders",
    "brand": "Steggles",
    "price": 3.97,
    "orgPrice": 7.95,
    "categoryId": [
      "freezer"
    ],
    "imagePath": "https://shop.coles.com.au/wcsstore/Coles-CAS/images/2/7/1/2719974.jpg",
    "cupPrice": "$9.93 per 1kg",
    "unit": "ea",
    "packageSize": "400g",
    "barcode": [
      "9310213540899",
      "400003131037",
      "9310213541360"
    ],
    "isAvailable": true
  },
  {
    "id": "c3407310p",
    "store": "coles",
    "name": "Peanut Butter Chocolate Cones",
    "brand": "Reese's",
    "price": 4.25,
    "orgPrice": 8.5,
    "categoryId": [
      "freezer"
    ],
    "imagePath": "https://shop.coles.com.au/wcsstore/Coles-CAS/images/3/4/0/3407310.jpg",
    "cupPrice": "$0.90 per 100ml",
    "unit": "ea",
    "packageSize": "472ml",
    "barcode": null,
    "isAvailable": true
  },
  {
    "id": "c9513445p-8935239903919",
    "store": "coles",
    "name": "Frozen Prawn Hargow Dumplings 12 pack",
    "brand": "Mr Chen's",
    "price": 3.75,
    "orgPrice": 7.5,
    "categoryId": [
      "freezer"
    ],
    "imagePath": "https://shop.coles.com.au/wcsstore/Coles-CAS/images/9/5/1/9513445.jpg",
    "cupPrice": "$1.25 per 100g",
    "unit": "ea",
    "packageSize": "300g",
    "barcode": [
      "8935239903919",
      "8935121616590",
      "8935239904039"
    ],
    "isAvailable": true
  },
  {
    "id": "c3407300p-9310161014558",
    "store": "coles",
    "name": "Frozen Cookies 'N' Crème Sticks",
    "brand": "Hershey's",
    "price": 4.25,
    "orgPrice": 8.5,
    "categoryId": [
      "freezer"
    ],
    "imagePath": "https://shop.coles.com.au/wcsstore/Coles-CAS/images/3/4/0/3407300.jpg",
    "cupPrice": "$0.90 per 100ml",
    "unit": "ea",
    "packageSize": "473ml",
    "barcode": [
      "9310161014558"
    ],
    "isAvailable": true
  },
  {
    "id": "c3407274p-9310161014510",
    "store": "coles",
    "name": "Peanut Butter Chocolate Ice Cream Tub",
    "brand": "Reese's",
    "price": 4.25,
    "orgPrice": 8.5,
    "categoryId": [
      "freezer"
    ],
    "imagePath": "https://shop.coles.com.au/wcsstore/Coles-CAS/images/3/4/0/3407274.jpg",
    "cupPrice": "$0.90 per 100ml",
    "unit": "ea",
    "packageSize": "473ml",
    "barcode": [
      "9310161014510"
    ],
    "isAvailable": true
  },
  {
    "id": "c3533993p-9350167000049",
    "store": "coles",
    "name": "Holy Meatballs Lean Beef",
    "brand": "Core Power Foods",
    "price": 4.5,
    "orgPrice": 9,
    "categoryId": [
      "freezer"
    ],
    "imagePath": "https://shop.coles.com.au/wcsstore/Coles-CAS/images/3/5/3/3533993.jpg",
    "cupPrice": "$1.29 per 100g",
    "unit": "ea",
    "packageSize": "350g",
    "barcode": [
      "9350167000049"
    ],
    "isAvailable": true
  },
  {
    "id": "c3544446p-9347042002793",
    "store": "coles",
    "name": "Bush Honey & Nougat Gourmet Ice Cream Tub",
    "brand": "Connoisseur",
    "price": 5,
    "orgPrice": 10,
    "categoryId": [
      "freezer"
    ],
    "imagePath": "https://shop.coles.com.au/wcsstore/Coles-CAS/images/3/5/4/3544446.jpg",
    "cupPrice": "$1.06 per 100ml",
    "unit": "ea",
    "packageSize": "470ml",
    "barcode": [
      "9347042002793"
    ],
    "isAvailable": true
  },
  {
    "id": "c3544945p-9310161014541",
    "store": "coles",
    "name": "Peanut Butter Chocolate Ice Cream Sticks 4 pack",
    "brand": "Reese's",
    "price": 4.25,
    "orgPrice": 8.5,
    "categoryId": [
      "freezer"
    ],
    "imagePath": "https://shop.coles.com.au/wcsstore/Coles-CAS/images/3/5/4/3544945.jpg",
    "cupPrice": "$1.18 per 100ml",
    "unit": "ea",
    "packageSize": "360ml",
    "barcode": [
      "9310161014541"
    ],
    "isAvailable": true
  },
  {
    "id": "c3534001p-9350167000056",
    "store": "coles",
    "name": "Smokey Mountain Meatballs",
    "brand": "Core Power Foods",
    "price": 4.5,
    "orgPrice": 9,
    "categoryId": [
      "freezer"
    ],
    "imagePath": "https://shop.coles.com.au/wcsstore/Coles-CAS/images/3/5/3/3534001.jpg",
    "cupPrice": "$1.29 per 100g",
    "unit": "ea",
    "packageSize": "350g",
    "barcode": [
      "9350167000056"
    ],
    "isAvailable": true
  },
  {
    "id": "c3533949p-9350167000018",
    "store": "coles",
    "name": "Crunchy Satay Chicken",
    "brand": "Core Power Foods",
    "price": 4.5,
    "orgPrice": 9,
    "categoryId": [
      "freezer"
    ],
    "imagePath": "https://shop.coles.com.au/wcsstore/Coles-CAS/images/3/5/3/3533949.jpg",
    "cupPrice": "$1.29 per 100g",
    "unit": "ea",
    "packageSize": "350g",
    "barcode": [
      "9350167000018"
    ],
    "isAvailable": true
  },
  {
    "id": "c2508550p-8935239903933",
    "store": "coles",
    "name": "Frozen Ginger Prawn Dumpling 8 pack",
    "brand": "Mr Chen's",
    "price": 3.75,
    "orgPrice": 7.5,
    "categoryId": [
      "freezer"
    ],
    "imagePath": "https://shop.coles.com.au/wcsstore/Coles-CAS/images/2/5/0/2508550.jpg",
    "cupPrice": "$1.56 per 100g",
    "unit": "ea",
    "packageSize": "240g",
    "barcode": [
      "8935239903933",
      "8935239904053",
      "8935121616873"
    ],
    "isAvailable": true
  },
  {
    "id": "c3533938p-9350167000063",
    "store": "coles",
    "name": "Deep South Beef Chilli",
    "brand": "Core Power Foods",
    "price": 4.5,
    "orgPrice": 9,
    "categoryId": [
      "freezer"
    ],
    "imagePath": "https://shop.coles.com.au/wcsstore/Coles-CAS/images/3/5/3/3533938.jpg",
    "cupPrice": "$1.29 per 100g",
    "unit": "ea",
    "packageSize": "350g",
    "barcode": [
      "9350167000063"
    ],
    "isAvailable": true
  },
  {
    "id": "c3697017p-9310161015401",
    "store": "coles",
    "name": "Murray St Caramelised Peanut Brittle Ice Cream Tub",
    "brand": "Bulla",
    "price": 5,
    "orgPrice": 10,
    "categoryId": [
      "freezer"
    ],
    "imagePath": "https://shop.coles.com.au/wcsstore/Coles-CAS/images/3/6/9/3697017.jpg",
    "cupPrice": "$1.09 per 100ml",
    "unit": "ea",
    "packageSize": "460ml",
    "barcode": [
      "9310161015401"
    ],
    "isAvailable": true
  },
  {
    "id": "c3533927p-9350167000001",
    "store": "coles",
    "name": "Portuguese-Style Chicken",
    "brand": "Core Power Foods",
    "price": 4.5,
    "orgPrice": 9,
    "categoryId": [
      "freezer"
    ],
    "imagePath": "https://shop.coles.com.au/wcsstore/Coles-CAS/images/3/5/3/3533927.jpg",
    "cupPrice": "$1.29 per 100g",
    "unit": "ea",
    "packageSize": "350g",
    "barcode": [
      "9350167000001"
    ],
    "isAvailable": true
  },
  {
    "id": "c3697083p-9310161015517",
    "store": "coles",
    "name": "Murray St Vanilla Bean & Chocolate Almonds Ice cream Sticks 4 Pack",
    "brand": "Bulla",
    "price": 5,
    "orgPrice": 10,
    "categoryId": [
      "freezer"
    ],
    "imagePath": "https://shop.coles.com.au/wcsstore/Coles-CAS/images/3/6/9/3697083.jpg",
    "cupPrice": "$1.25 per 100ml",
    "unit": "ea",
    "packageSize": "400ml",
    "barcode": [
      "9310161015517"
    ],
    "isAvailable": true
  },
  {
    "id": "c3697040p-9310161015487",
    "store": "coles",
    "name": "Murray St Caramel Maple Macadamia Ice Cream Sticks 4 pack",
    "brand": "Bulla",
    "price": 5,
    "orgPrice": 10,
    "categoryId": [
      "freezer"
    ],
    "imagePath": "https://shop.coles.com.au/wcsstore/Coles-CAS/images/3/6/9/3697040.jpg",
    "cupPrice": "$1.25 per 100ml",
    "unit": "ea",
    "packageSize": "400ml",
    "barcode": [
      "9310161015487"
    ],
    "isAvailable": true
  },
  {
    "id": "c3697006p-9310161015395",
    "store": "coles",
    "name": "Murray St Vanilla Bean & Chocolate Almond Ice Cream Tub",
    "brand": "Bulla",
    "price": 5,
    "orgPrice": 10,
    "categoryId": [
      "freezer"
    ],
    "imagePath": "https://shop.coles.com.au/wcsstore/Coles-CAS/images/3/6/9/3697006.jpg",
    "cupPrice": "$1.09 per 100ml",
    "unit": "ea",
    "packageSize": "460ml",
    "barcode": [
      "9310161015395"
    ],
    "isAvailable": true
  },
  {
    "id": "c9513467p-8935239904022",
    "store": "coles",
    "name": "Frozen Steam Selection Dumplings 9 pack",
    "brand": "Mr Chen's",
    "price": 3.75,
    "orgPrice": 7.5,
    "categoryId": [
      "freezer"
    ],
    "imagePath": "https://shop.coles.com.au/wcsstore/Coles-CAS/images/9/5/1/9513467.jpg",
    "cupPrice": "$1.56 per 100g",
    "unit": "ea",
    "packageSize": "240g",
    "barcode": [
      "8935239904022",
      "8935121616552"
    ],
    "isAvailable": true
  },
  {
    "id": "c3693887p-9350167040052",
    "store": "coles",
    "name": "Smokey BBQ Chicken Pizza",
    "brand": "Core Powerfoods",
    "price": 4.5,
    "orgPrice": 9,
    "categoryId": [
      "freezer"
    ],
    "imagePath": "https://shop.coles.com.au/wcsstore/Coles-CAS/images/3/6/9/3693887.jpg",
    "cupPrice": "$1.50 per 100g",
    "unit": "ea",
    "packageSize": "300g",
    "barcode": [
      "9350167040052"
    ],
    "isAvailable": true
  },
  {
    "id": "c3051405p-8935239904077",
    "store": "coles",
    "name": "Frozen Steamed Prawn Roll 5 pack",
    "brand": "Mr.Chen's",
    "price": 3.75,
    "orgPrice": 7.5,
    "categoryId": [
      "freezer"
    ],
    "imagePath": "https://shop.coles.com.au/wcsstore/Coles-CAS/images/3/0/5/3051405.jpg",
    "cupPrice": "$1.25 per 100g",
    "unit": "ea",
    "packageSize": "300g",
    "barcode": [
      "8935239904077"
    ],
    "isAvailable": true
  },
  {
    "id": "c3542327p-9350167000100",
    "store": "coles",
    "name": "Red Thai Style Curry",
    "brand": "Core Power Foods",
    "price": 4.5,
    "orgPrice": 9,
    "categoryId": [
      "freezer"
    ],
    "imagePath": "https://shop.coles.com.au/wcsstore/Coles-CAS/images/3/5/4/3542327.jpg",
    "cupPrice": "$1.36 per 100g",
    "unit": "ea",
    "packageSize": "330g",
    "barcode": [
      "9350167000100"
    ],
    "isAvailable": true
  },
  {
    "id": "c304752p-070177025700",
    "store": "coles",
    "name": "English Breakfast Tea Bags 100 pack",
    "brand": "Twinings",
    "price": 5.5,
    "orgPrice": 11,
    "categoryId": [
      "drinks"
    ],
    "imagePath": "https://shop.coles.com.au/wcsstore/Coles-CAS/images/3/0/4/304752.jpg",
    "cupPrice": "$2.75 per 100g",
    "unit": "ea",
    "packageSize": "200g",
    "barcode": [
      "070177025700"
    ],
    "isAvailable": true
  },
  {
    "id": "c9117200p-041570081013",
    "store": "coles",
    "name": "Almond Breeze Unsweetened Almond Milk",
    "brand": "Blue Diamond",
    "price": 1.25,
    "orgPrice": null,
    "categoryId": [
      "drinks"
    ],
    "imagePath": "https://shop.coles.com.au/wcsstore/Coles-CAS/images/9/1/1/9117200.jpg",
    "cupPrice": "$1.25 per 1l",
    "unit": "ea",
    "packageSize": "1l",
    "barcode": [
      "041570081013"
    ],
    "isAvailable": true
  },
  {
    "id": "c1262363p-9312231231032",
    "store": "coles",
    "name": "Gluten Free Organic Coco Quench Unsweetened Coconut Milk",
    "brand": "Pureharvest",
    "price": 1.75,
    "orgPrice": 3.5,
    "categoryId": [
      "drinks"
    ],
    "imagePath": "https://shop.coles.com.au/wcsstore/Coles-CAS/images/1/2/6/1262363.jpg",
    "cupPrice": "$1.75 per 1l",
    "unit": "ea",
    "packageSize": "1l",
    "barcode": [
      "9312231231032"
    ],
    "isAvailable": true
  },
  {
    "id": "c2236788p-070177106348",
    "store": "coles",
    "name": "English Breakfast Extra Strong Tea Bags 80 pack",
    "brand": "Twinings",
    "price": 5.5,
    "orgPrice": 11,
    "categoryId": [
      "drinks"
    ],
    "imagePath": "https://shop.coles.com.au/wcsstore/Coles-CAS/images/2/2/3/2236788.jpg",
    "cupPrice": "$2.75 per 100g",
    "unit": "ea",
    "packageSize": "200g",
    "barcode": [
      "070177106348"
    ],
    "isAvailable": true
  },
  {
    "id": "c7488100p-070177233556",
    "store": "coles",
    "name": "Pure Peppermint Tea Bags 80 pack",
    "brand": "Twinings",
    "price": 5.5,
    "orgPrice": 11,
    "categoryId": [
      "drinks"
    ],
    "imagePath": "https://shop.coles.com.au/wcsstore/Coles-CAS/images/7/4/8/7488100.jpg",
    "cupPrice": "$3.44 per 100g",
    "unit": "ea",
    "packageSize": "160g",
    "barcode": [
      "070177233556",
      "070177169923"
    ],
    "isAvailable": true
  },
  {
    "id": "c304763p-070177025694",
    "store": "coles",
    "name": "Earl Grey Tea Bags 100 pack",
    "brand": "Twinings",
    "price": 5.5,
    "orgPrice": 11,
    "categoryId": [
      "drinks"
    ],
    "imagePath": "https://shop.coles.com.au/wcsstore/Coles-CAS/images/3/0/4/304763.jpg",
    "cupPrice": "$2.75 per 100g",
    "unit": "ea",
    "packageSize": "200g",
    "barcode": [
      "070177025694"
    ],
    "isAvailable": true
  },
  {
    "id": "c6816666p-070177261863",
    "store": "coles",
    "name": "Pure Green Tea Bags 100 pack",
    "brand": "Twinings",
    "price": 5.5,
    "orgPrice": 11,
    "categoryId": [
      "drinks"
    ],
    "imagePath": "https://shop.coles.com.au/wcsstore/Coles-CAS/images/6/8/1/6816666.jpg",
    "cupPrice": "$3.67 per 100g",
    "unit": "ea",
    "packageSize": "150g",
    "barcode": [
      "070177261863"
    ],
    "isAvailable": true
  },
  {
    "id": "c6684146p-9312231222023",
    "store": "coles",
    "name": "Organic Long Life Oat Milk",
    "brand": "Pureharvest",
    "price": 1.4,
    "orgPrice": 2.8,
    "categoryId": [
      "drinks"
    ],
    "imagePath": "https://shop.coles.com.au/wcsstore/Coles-CAS/images/6/6/8/6684146.jpg",
    "cupPrice": "$1.40 per 1l",
    "unit": "ea",
    "packageSize": "1l",
    "barcode": [
      "9312231222023"
    ],
    "isAvailable": true
  },
  {
    "id": "c6851055p-400003099320",
    "store": "coles",
    "name": "Qualita Oro Medium Roast Smooth Ground Coffee",
    "brand": "Lavazza",
    "price": 8,
    "orgPrice": 16,
    "categoryId": [
      "drinks"
    ],
    "imagePath": "https://shop.coles.com.au/wcsstore/Coles-CAS/images/6/8/5/6851055.jpg",
    "cupPrice": "$1.60 per 100g",
    "unit": "ea",
    "packageSize": "500g",
    "barcode": [
      "400003099320",
      "8000070012325",
      "8000070019683"
    ],
    "isAvailable": true
  },
  {
    "id": "c6851099p-8000070019362",
    "store": "coles",
    "name": "Qualita Oro Medium Roast Smooth Coffee Beans",
    "brand": "Lavazza",
    "price": 8,
    "orgPrice": 16,
    "categoryId": [
      "drinks"
    ],
    "imagePath": "https://shop.coles.com.au/wcsstore/Coles-CAS/images/6/8/5/6851099.jpg",
    "cupPrice": "$1.60 per 100g",
    "unit": "ea",
    "packageSize": "500g",
    "barcode": [
      "8000070019362",
      "400003099313",
      "8000070019690"
    ],
    "isAvailable": true
  },
  {
    "id": "c5436900p-7612100156506",
    "store": "coles",
    "name": "French Vanilla Latte",
    "brand": "Jarrah",
    "price": 3,
    "orgPrice": 6,
    "categoryId": [
      "drinks"
    ],
    "imagePath": "https://shop.coles.com.au/wcsstore/Coles-CAS/images/5/4/3/5436900.jpg",
    "cupPrice": "$1.20 per 100g",
    "unit": "ea",
    "packageSize": "250g",
    "barcode": [
      "7612100156506"
    ],
    "isAvailable": true
  },
  {
    "id": "c8930039p-070177187699",
    "store": "coles",
    "name": "Afternoon Tea Bags 100 pack",
    "brand": "Twinings",
    "price": 5.5,
    "orgPrice": 11,
    "categoryId": [
      "drinks"
    ],
    "imagePath": "https://shop.coles.com.au/wcsstore/Coles-CAS/images/8/9/3/8930039.jpg",
    "cupPrice": "$2.75 per 100g",
    "unit": "ea",
    "packageSize": "200g",
    "barcode": [
      "070177187699"
    ],
    "isAvailable": true
  },
  {
    "id": "c1274828p-041570108918",
    "store": "coles",
    "name": "Almond Breeze Vanilla Flavoured Unsweetened Almond Milk",
    "brand": "Blue Diamond",
    "price": 1.35,
    "orgPrice": null,
    "categoryId": [
      "drinks"
    ],
    "imagePath": "https://shop.coles.com.au/wcsstore/Coles-CAS/images/1/2/7/1274828.jpg",
    "cupPrice": "$1.35 per 1l",
    "unit": "ea",
    "packageSize": "1l",
    "barcode": [
      "041570108918"
    ],
    "isAvailable": true
  },
  {
    "id": "c2245563p-070177169909",
    "store": "coles",
    "name": "Lemon & Ginger Infusions Tea Bags 80 pack",
    "brand": "Twinings",
    "price": 5.5,
    "orgPrice": 11,
    "categoryId": [
      "drinks"
    ],
    "imagePath": "https://shop.coles.com.au/wcsstore/Coles-CAS/images/2/2/4/2245563.jpg",
    "cupPrice": "$4.58 per 100g",
    "unit": "ea",
    "packageSize": "120g",
    "barcode": [
      "070177169909",
      "070177268091"
    ],
    "isAvailable": true
  },
  {
    "id": "c2471325p-070177169916",
    "store": "coles",
    "name": "Pure Camomile Infusions Tea Bags 80 pack",
    "brand": "Twinings",
    "price": 5.5,
    "orgPrice": 11,
    "categoryId": [
      "drinks"
    ],
    "imagePath": "https://shop.coles.com.au/wcsstore/Coles-CAS/images/2/4/7/2471325.jpg",
    "cupPrice": "$4.58 per 100g",
    "unit": "ea",
    "packageSize": "120g",
    "barcode": [
      "070177169916"
    ],
    "isAvailable": true
  },
  {
    "id": "c83584p-070177043117",
    "store": "coles",
    "name": "Irish Breakfast Tea Bags 100 pack",
    "brand": "Twinings",
    "price": 5.5,
    "orgPrice": 11,
    "categoryId": [
      "drinks"
    ],
    "imagePath": "https://shop.coles.com.au/wcsstore/Coles-CAS/images/8/3/5/83584.jpg",
    "cupPrice": "$2.75 per 100g",
    "unit": "ea",
    "packageSize": "200g",
    "barcode": [
      "070177043117"
    ],
    "isAvailable": true
  },
  {
    "id": "c5436896p-7612100156209",
    "store": "coles",
    "name": "Brazilian Latte Coffee",
    "brand": "Jarrah",
    "price": 3,
    "orgPrice": 6,
    "categoryId": [
      "drinks"
    ],
    "imagePath": "https://shop.coles.com.au/wcsstore/Coles-CAS/images/5/4/3/5436896.jpg",
    "cupPrice": "$1.20 per 100g",
    "unit": "ea",
    "packageSize": "250g",
    "barcode": [
      "7612100156209"
    ],
    "isAvailable": true
  },
  {
    "id": "c2528320p-9300644704076",
    "store": "coles",
    "name": "V8 Healthy Greens Juice",
    "brand": "Campbell's",
    "price": 2.5,
    "orgPrice": 5,
    "categoryId": [
      "drinks"
    ],
    "imagePath": "https://shop.coles.com.au/wcsstore/Coles-CAS/images/2/5/2/2528320.jpg",
    "cupPrice": "$2.00 per 1l",
    "unit": "ea",
    "packageSize": "1.25l",
    "barcode": [
      "9300644704076"
    ],
    "isAvailable": true
  },
  {
    "id": "c3193421p",
    "store": "coles",
    "name": "Ristretto 12 Espresso Coffee Capsules 10 pack",
    "brand": "Moccona",
    "price": 3,
    "orgPrice": 6,
    "categoryId": [
      "drinks"
    ],
    "imagePath": "https://shop.coles.com.au/wcsstore/Coles-CAS/images/3/1/9/3193421.jpg",
    "cupPrice": "$5.77 per 100g",
    "unit": "ea",
    "packageSize": "52g",
    "barcode": null,
    "isAvailable": true
  },
  {
    "id": "c3179646p-400003357574",
    "store": "coles",
    "name": "Almond Breeze Chocolate Flavoured Almond Milk",
    "brand": "Blue Diamond",
    "price": 1.35,
    "orgPrice": 2.7,
    "categoryId": [
      "drinks"
    ],
    "imagePath": "https://shop.coles.com.au/wcsstore/Coles-CAS/images/3/1/7/3179646.jpg",
    "cupPrice": "$1.35 per 1l",
    "unit": "ea",
    "packageSize": "1l",
    "barcode": [
      "400003357574",
      "041570080856"
    ],
    "isAvailable": true
  },
  {
    "id": "c3193410p",
    "store": "coles",
    "name": "Espresso Coffee Capsules 10 pack",
    "brand": "Moccona",
    "price": 3,
    "orgPrice": 6,
    "categoryId": [
      "drinks"
    ],
    "imagePath": "https://shop.coles.com.au/wcsstore/Coles-CAS/images/3/1/9/3193410.jpg",
    "cupPrice": "$5.77 per 100g",
    "unit": "ea",
    "packageSize": "52g",
    "barcode": null,
    "isAvailable": true
  },
  {
    "id": "c3512632p-8711000370049",
    "store": "coles",
    "name": "Lungo 8 Coffee Capsules 10 Pack",
    "brand": "Moccona",
    "price": 3,
    "orgPrice": 6,
    "categoryId": [
      "drinks"
    ],
    "imagePath": "https://shop.coles.com.au/wcsstore/Coles-CAS/images/3/5/1/3512632.jpg",
    "cupPrice": "$5.77 per 100g",
    "unit": "ea",
    "packageSize": "52g",
    "barcode": [
      "8711000370049"
    ],
    "isAvailable": true
  },
  {
    "id": "c5436910p-7612100156308",
    "store": "coles",
    "name": "Swiss Mochaccino Coffee",
    "brand": "Jarrah",
    "price": 3,
    "orgPrice": 6,
    "categoryId": [
      "drinks"
    ],
    "imagePath": "https://shop.coles.com.au/wcsstore/Coles-CAS/images/5/4/3/5436910.jpg",
    "cupPrice": "$1.20 per 100g",
    "unit": "ea",
    "packageSize": "250g",
    "barcode": [
      "7612100156308"
    ],
    "isAvailable": true
  },
  {
    "id": "c9896060p-070177194826",
    "store": "coles",
    "name": "Assam Bold Tea Bags 80 pack",
    "brand": "Twinings",
    "price": 5.5,
    "orgPrice": 11,
    "categoryId": [
      "drinks"
    ],
    "imagePath": "https://shop.coles.com.au/wcsstore/Coles-CAS/images/9/8/9/9896060.jpg",
    "cupPrice": "$2.75 per 100g",
    "unit": "ea",
    "packageSize": "200g",
    "barcode": [
      "070177194826"
    ],
    "isAvailable": true
  },
  {
    "id": "c2244491p-7612100066041",
    "store": "coles",
    "name": "Salted Caramel Latte",
    "brand": "Jarrah",
    "price": 3,
    "orgPrice": 6,
    "categoryId": [
      "drinks"
    ],
    "imagePath": "https://shop.coles.com.au/wcsstore/Coles-CAS/images/2/2/4/2244491.jpg",
    "cupPrice": "$1.20 per 100g",
    "unit": "ea",
    "packageSize": "250g",
    "barcode": [
      "7612100066041"
    ],
    "isAvailable": true
  },
  {
    "id": "c3708645p-070177227166",
    "store": "coles",
    "name": "Vanilla Chai Tea Bags",
    "brand": "Twining's",
    "price": 5.5,
    "orgPrice": 11,
    "categoryId": [
      "drinks"
    ],
    "imagePath": "https://shop.coles.com.au/wcsstore/Coles-CAS/images/3/7/0/3708645.jpg",
    "cupPrice": "$0.07 per 1ea",
    "unit": "ea",
    "packageSize": "80 pack",
    "barcode": [
      "070177227166"
    ],
    "isAvailable": true
  },
  {
    "id": "c2528342p-9300644704090",
    "store": "coles",
    "name": "V8 Purple Power Juice",
    "brand": "Campbell's",
    "price": 2.5,
    "orgPrice": 5,
    "categoryId": [
      "drinks"
    ],
    "imagePath": "https://shop.coles.com.au/wcsstore/Coles-CAS/images/2/5/2/2528342.jpg",
    "cupPrice": "$2.00 per 1l",
    "unit": "ea",
    "packageSize": "1.25l",
    "barcode": [
      "9300644704090"
    ],
    "isAvailable": true
  },
  {
    "id": "c2872938p-400003175529",
    "store": "coles",
    "name": "Morning Tea Bags 100 pack",
    "brand": "Twinings",
    "price": 5.5,
    "orgPrice": 11,
    "categoryId": [
      "drinks"
    ],
    "imagePath": "https://shop.coles.com.au/wcsstore/Coles-CAS/images/2/8/7/2872938.jpg",
    "cupPrice": "$2.50 per 100g",
    "unit": "ea",
    "packageSize": "200g",
    "barcode": [
      "400003175529",
      "0070177176174"
    ],
    "isAvailable": true
  },
  {
    "id": "c3208493p",
    "store": "coles",
    "name": "Barista Reserve Crema Instant Coffee",
    "brand": "Moccona",
    "price": 9,
    "orgPrice": 18,
    "categoryId": [
      "drinks"
    ],
    "imagePath": "https://shop.coles.com.au/wcsstore/Coles-CAS/images/3/2/0/3208493.jpg",
    "cupPrice": "$5.14 per 100g",
    "unit": "ea",
    "packageSize": "175g",
    "barcode": null,
    "isAvailable": true
  },
  {
    "id": "c3208620p",
    "store": "coles",
    "name": "A Modo Mio Tiny Black Coffee Machine",
    "brand": "Lavazza",
    "price": 39.5,
    "orgPrice": 79,
    "categoryId": [
      "drinks"
    ],
    "imagePath": "https://shop.coles.com.au/wcsstore/Coles-CAS/images/3/2/0/3208620.jpg",
    "cupPrice": "$39.50 per 1ea",
    "unit": "ea",
    "packageSize": "1 each",
    "barcode": null,
    "isAvailable": true
  },
  {
    "id": "c3447621p-9300644704793",
    "store": "coles",
    "name": "V8 Power Blend Rainbow Burst Juice",
    "brand": "Campbell's",
    "price": 2.5,
    "orgPrice": 5,
    "categoryId": [
      "drinks"
    ],
    "imagePath": "https://shop.coles.com.au/wcsstore/Coles-CAS/images/3/4/4/3447621.jpg",
    "cupPrice": "$2.00 per 1l",
    "unit": "ea",
    "packageSize": "1.25l",
    "barcode": [
      "9300644704793"
    ],
    "isAvailable": true
  },
  {
    "id": "c2528331p-9300644704083",
    "store": "coles",
    "name": "V8 Orange Kick Juice",
    "brand": "Campbell's",
    "price": 2.5,
    "orgPrice": 5,
    "categoryId": [
      "drinks"
    ],
    "imagePath": "https://shop.coles.com.au/wcsstore/Coles-CAS/images/2/5/2/2528331.jpg",
    "cupPrice": "$2.00 per 1l",
    "unit": "ea",
    "packageSize": "1.25l",
    "barcode": [
      "9300644704083"
    ],
    "isAvailable": true
  },
  {
    "id": "c3525634p-8711000377390",
    "store": "coles",
    "name": "Espresso 7 Coffee Capsules 10 pack",
    "brand": "Moccona",
    "price": 3,
    "orgPrice": 6,
    "categoryId": [
      "drinks"
    ],
    "imagePath": "https://shop.coles.com.au/wcsstore/Coles-CAS/images/3/5/2/3525634.jpg",
    "cupPrice": "$5.77 per 100g",
    "unit": "ea",
    "packageSize": "52g",
    "barcode": [
      "8711000377390",
      "8711000370001"
    ],
    "isAvailable": true
  },
  {
    "id": "c3447585p-9300644704786",
    "store": "coles",
    "name": "V8 Power Blend Mighty Peach Juice",
    "brand": "Campbell's",
    "price": 2.5,
    "orgPrice": 5,
    "categoryId": [
      "drinks"
    ],
    "imagePath": "https://shop.coles.com.au/wcsstore/Coles-CAS/images/3/4/4/3447585.jpg",
    "cupPrice": "$2.00 per 1l",
    "unit": "ea",
    "packageSize": "1.25l",
    "barcode": [
      "9300644704786"
    ],
    "isAvailable": true
  },
  {
    "id": "c1828409p-9337314000152",
    "store": "coles",
    "name": "Sparkling Mineral Water",
    "brand": "Yaru",
    "price": 1.4,
    "orgPrice": 2.8,
    "categoryId": [
      "drinks"
    ],
    "imagePath": "https://shop.coles.com.au/wcsstore/Coles-CAS/images/1/8/2/1828409.jpg",
    "cupPrice": "$1.40 per 1l",
    "unit": "ea",
    "packageSize": "1l",
    "barcode": [
      "9337314000152"
    ],
    "isAvailable": true
  },
  {
    "id": "c3208471p",
    "store": "coles",
    "name": "Barista Reserve Rich Espresso Instant Coffee",
    "brand": "Moccona",
    "price": 9,
    "orgPrice": 18,
    "categoryId": [
      "drinks"
    ],
    "imagePath": "https://shop.coles.com.au/wcsstore/Coles-CAS/images/3/2/0/3208471.jpg",
    "cupPrice": "$5.14 per 100g",
    "unit": "ea",
    "packageSize": "175g",
    "barcode": null,
    "isAvailable": true
  },
  {
    "id": "c1949094p-9312231178269",
    "store": "coles",
    "name": "Organic Hazel Quench Hazelnut Coconut Milk",
    "brand": "Pure Harvest",
    "price": 1.8,
    "orgPrice": 3.6,
    "categoryId": [
      "drinks"
    ],
    "imagePath": "https://shop.coles.com.au/wcsstore/Coles-CAS/images/1/9/4/1949094.jpg",
    "cupPrice": "$1.80 per 1l",
    "unit": "ea",
    "packageSize": "1l",
    "barcode": [
      "9312231178269",
      "9312231108266"
    ],
    "isAvailable": true
  },
  {
    "id": "c3208482p",
    "store": "coles",
    "name": "Barista Reserve Smooth Espresso Instant Coffee",
    "brand": "Moccona",
    "price": 9,
    "orgPrice": 18,
    "categoryId": [
      "drinks"
    ],
    "imagePath": "https://shop.coles.com.au/wcsstore/Coles-CAS/images/3/2/0/3208482.jpg",
    "cupPrice": "$5.14 per 100g",
    "unit": "ea",
    "packageSize": "175g",
    "barcode": null,
    "isAvailable": true
  },
  {
    "id": "c1828410p-9337314000145",
    "store": "coles",
    "name": "Still Mineral Water",
    "brand": "Yaru",
    "price": 1.4,
    "orgPrice": 2.8,
    "categoryId": [
      "drinks"
    ],
    "imagePath": "https://shop.coles.com.au/wcsstore/Coles-CAS/images/1/8/2/1828410.jpg",
    "cupPrice": "$1.40 per 1l",
    "unit": "ea",
    "packageSize": "1l",
    "barcode": [
      "9337314000145"
    ],
    "isAvailable": true
  },
  {
    "id": "c3515222p-8000070029910",
    "store": "coles",
    "name": "Qualita ORO Mountain Grown Ground Coffee",
    "brand": "Lavazza",
    "price": 8,
    "orgPrice": 16,
    "categoryId": [
      "drinks"
    ],
    "imagePath": "https://shop.coles.com.au/wcsstore/Coles-CAS/images/3/5/1/3515222.jpg",
    "cupPrice": "$1.60 per 100g",
    "unit": "ea",
    "packageSize": "500g",
    "barcode": [
      "8000070029910"
    ],
    "isAvailable": true
  },
  {
    "id": "c3265282p-9310645243153",
    "store": "coles",
    "name": "Indian Daal Makhani",
    "brand": "Coles",
    "price": 1.5,
    "orgPrice": 3,
    "categoryId": [
      "international-foods"
    ],
    "imagePath": "https://shop.coles.com.au/wcsstore/Coles-CAS/images/3/2/6/3265282.jpg",
    "cupPrice": "$0.50 per 100g",
    "unit": "ea",
    "packageSize": "300g",
    "barcode": [
      "9310645243153"
    ],
    "isAvailable": true
  },
  {
    "id": "c3265250p-9310645243177",
    "store": "coles",
    "name": "Indian Chana Masala",
    "brand": "Coles",
    "price": 1.5,
    "orgPrice": 3,
    "categoryId": [
      "international-foods"
    ],
    "imagePath": "https://shop.coles.com.au/wcsstore/Coles-CAS/images/3/2/6/3265250.jpg",
    "cupPrice": "$0.50 per 100g",
    "unit": "ea",
    "packageSize": "300g",
    "barcode": [
      "9310645243177"
    ],
    "isAvailable": true
  },
  {
    "id": "c1262363p-9312231231032",
    "store": "coles",
    "name": "Gluten Free Organic Coco Quench Unsweetened Coconut Milk",
    "brand": "Pureharvest",
    "price": 1.75,
    "orgPrice": 3.5,
    "categoryId": [
      "health-beauty"
    ],
    "imagePath": "https://shop.coles.com.au/wcsstore/Coles-CAS/images/1/2/6/1262363.jpg",
    "cupPrice": "$1.75 per 1l",
    "unit": "ea",
    "packageSize": "1l",
    "barcode": [
      "9312231231032"
    ],
    "isAvailable": true
  },
  {
    "id": "c6684146p-9312231222023",
    "store": "coles",
    "name": "Organic Long Life Oat Milk",
    "brand": "Pureharvest",
    "price": 1.4,
    "orgPrice": 2.8,
    "categoryId": [
      "health-beauty"
    ],
    "imagePath": "https://shop.coles.com.au/wcsstore/Coles-CAS/images/6/6/8/6684146.jpg",
    "cupPrice": "$1.40 per 1l",
    "unit": "ea",
    "packageSize": "1l",
    "barcode": [
      "9312231222023"
    ],
    "isAvailable": true
  },
  {
    "id": "c8097221p-9314807022846",
    "store": "coles",
    "name": "Kids Smart Vita Gummies Multivitamin Pastilles",
    "brand": "Nature's Way",
    "price": 13,
    "orgPrice": 26,
    "categoryId": [
      "health-beauty"
    ],
    "imagePath": "https://shop.coles.com.au/wcsstore/Coles-CAS/images/8/0/9/8097221.jpg",
    "cupPrice": "$10.83 per 100ea",
    "unit": "ea",
    "packageSize": "120 pack",
    "barcode": [
      "9314807022846"
    ],
    "isAvailable": true
  },
  {
    "id": "c1279129p-9314807025458",
    "store": "coles",
    "name": "Kids Smart Probiotic 50 Milk Chocolate Balls",
    "brand": "Nature's Way",
    "price": 8,
    "orgPrice": 16,
    "categoryId": [
      "health-beauty"
    ],
    "imagePath": "https://shop.coles.com.au/wcsstore/Coles-CAS/images/1/2/7/1279129.jpg",
    "cupPrice": "$6.40 per 100g",
    "unit": "ea",
    "packageSize": "125g",
    "barcode": [
      "9314807025458"
    ],
    "isAvailable": true
  },
  {
    "id": "c1274828p-041570108918",
    "store": "coles",
    "name": "Almond Breeze Vanilla Flavoured Unsweetened Almond Milk",
    "brand": "Blue Diamond",
    "price": 1.35,
    "orgPrice": null,
    "categoryId": [
      "health-beauty"
    ],
    "imagePath": "https://shop.coles.com.au/wcsstore/Coles-CAS/images/1/2/7/1274828.jpg",
    "cupPrice": "$1.35 per 1l",
    "unit": "ea",
    "packageSize": "1l",
    "barcode": [
      "041570108918"
    ],
    "isAvailable": true
  },
  {
    "id": "c8098927p-9311770589246",
    "store": "coles",
    "name": "Ultiboost Vitamin D Capsules",
    "brand": "Swisse",
    "price": 13,
    "orgPrice": 26,
    "categoryId": [
      "health-beauty"
    ],
    "imagePath": "https://shop.coles.com.au/wcsstore/Coles-CAS/images/8/0/9/8098927.jpg",
    "cupPrice": "$5.20 per 100ea",
    "unit": "ea",
    "packageSize": "250 pack",
    "barcode": [
      "9311770589246"
    ],
    "isAvailable": true
  },
  {
    "id": "c2869456p",
    "store": "coles",
    "name": "High Strength C",
    "brand": "Swisse",
    "price": 20,
    "orgPrice": 40,
    "categoryId": [
      "health-beauty"
    ],
    "imagePath": "https://shop.coles.com.au/wcsstore/Coles-CAS/images/2/8/6/2869456.jpg",
    "cupPrice": "$0.13 per 1ea",
    "unit": "ea",
    "packageSize": "150 pack",
    "barcode": null,
    "isAvailable": true
  },
  {
    "id": "c3139186p-9325740029304",
    "store": "coles",
    "name": "Fat Blaster Less Sugar Chocolate Shake",
    "brand": "Naturopathica",
    "price": 10,
    "orgPrice": 20,
    "categoryId": [
      "health-beauty"
    ],
    "imagePath": "https://shop.coles.com.au/wcsstore/Coles-CAS/images/3/1/3/3139186.jpg",
    "cupPrice": "$2.33 per 100g",
    "unit": "ea",
    "packageSize": "430g",
    "barcode": [
      "9325740029304"
    ],
    "isAvailable": true
  },
  {
    "id": "c4341819p-400003495955",
    "store": "coles",
    "name": "Fat Blaster Max Tablets",
    "brand": "Naturopathica",
    "price": 20,
    "orgPrice": 40,
    "categoryId": [
      "health-beauty"
    ],
    "imagePath": "https://shop.coles.com.au/wcsstore/Coles-CAS/images/4/3/4/4341819.jpg",
    "cupPrice": "$33.33 per 100ea",
    "unit": "ea",
    "packageSize": "60 pack",
    "barcode": [
      "400003495955",
      "9325740007104"
    ],
    "isAvailable": true
  },
  {
    "id": "c6280464p-93388139",
    "store": "coles",
    "name": "Men's Ultivite Multi Vitamin Tablets",
    "brand": "Swisse",
    "price": 14.5,
    "orgPrice": 29,
    "categoryId": [
      "health-beauty"
    ],
    "imagePath": "https://shop.coles.com.au/wcsstore/Coles-CAS/images/6/2/8/6280464.jpg",
    "cupPrice": "$24.17 per 100ea",
    "unit": "ea",
    "packageSize": "60 pack",
    "barcode": [
      "93388139"
    ],
    "isAvailable": true
  },
  {
    "id": "c3558371p-9313495005810",
    "store": "coles",
    "name": "Organic Tortilla Corn & Quinoa Chips",
    "brand": "The Wholesome Food Company",
    "price": 2.5,
    "orgPrice": 5,
    "categoryId": [
      "health-beauty"
    ],
    "imagePath": "https://shop.coles.com.au/wcsstore/Coles-CAS/images/3/5/5/3558371.jpg",
    "cupPrice": "$1.67 per 100g",
    "unit": "ea",
    "packageSize": "150g",
    "barcode": [
      "9313495005810"
    ],
    "isAvailable": true
  },
  {
    "id": "c9120329p-9311770589666",
    "store": "coles",
    "name": "Ultiboost Zinc+ Tablets",
    "brand": "Swisse",
    "price": 8.1,
    "orgPrice": 16.2,
    "categoryId": [
      "health-beauty"
    ],
    "imagePath": "https://shop.coles.com.au/wcsstore/Coles-CAS/images/9/1/2/9120329.jpg",
    "cupPrice": "$13.50 per 100ea",
    "unit": "ea",
    "packageSize": "60 pack",
    "barcode": [
      "9311770589666"
    ],
    "isAvailable": true
  },
  {
    "id": "c2510020p-9313495005353",
    "store": "coles",
    "name": "Gluten Free Original Hommus Chips",
    "brand": "Wholesome Food Company",
    "price": 2.5,
    "orgPrice": 5,
    "categoryId": [
      "health-beauty"
    ],
    "imagePath": "https://shop.coles.com.au/wcsstore/Coles-CAS/images/2/5/1/2510020.jpg",
    "cupPrice": "$2.08 per 100g",
    "unit": "ea",
    "packageSize": "120g",
    "barcode": [
      "9313495005353"
    ],
    "isAvailable": true
  },
  {
    "id": "c3139200p-9325740029311",
    "store": "coles",
    "name": "Fat Blaster Less Sugar Vanilla Shake",
    "brand": "Naturopathica",
    "price": 10,
    "orgPrice": 20,
    "categoryId": [
      "health-beauty"
    ],
    "imagePath": "https://shop.coles.com.au/wcsstore/Coles-CAS/images/3/1/3/3139200.jpg",
    "cupPrice": "$2.33 per 100g",
    "unit": "ea",
    "packageSize": "430g",
    "barcode": [
      "9325740029311"
    ],
    "isAvailable": true
  },
  {
    "id": "c2509654p-9313495005285",
    "store": "coles",
    "name": "Gluten Free Original Falafel Chips",
    "brand": "Wholesome Food Company",
    "price": 2.5,
    "orgPrice": 5,
    "categoryId": [
      "health-beauty"
    ],
    "imagePath": "https://shop.coles.com.au/wcsstore/Coles-CAS/images/2/5/0/2509654.jpg",
    "cupPrice": "$1.43 per 100g",
    "unit": "ea",
    "packageSize": "175g",
    "barcode": [
      "9313495005285"
    ],
    "isAvailable": true
  },
  {
    "id": "c6280475p-93454117",
    "store": "coles",
    "name": "Ultivite Women's Formula 1 Multi Vitamins",
    "brand": "Swisse",
    "price": 14.5,
    "orgPrice": 29,
    "categoryId": [
      "health-beauty"
    ],
    "imagePath": "https://shop.coles.com.au/wcsstore/Coles-CAS/images/6/2/8/6280475.jpg",
    "cupPrice": "$24.17 per 100ea",
    "unit": "ea",
    "packageSize": "60 pack",
    "barcode": [
      "93454117"
    ],
    "isAvailable": true
  },
  {
    "id": "c3145010p",
    "store": "coles",
    "name": "Gluten Free Corn Chips With Veg Cauliflower Linseed & Cheddar Cheese",
    "brand": "Wholesome Food Company",
    "price": 2.5,
    "orgPrice": 5,
    "categoryId": [
      "health-beauty"
    ],
    "imagePath": "https://shop.coles.com.au/wcsstore/Coles-CAS/images/3/1/4/3145010.jpg",
    "cupPrice": "$1.67 per 100g",
    "unit": "ea",
    "packageSize": "150g",
    "barcode": null,
    "isAvailable": true
  },
  {
    "id": "c3279505p-9314807062354",
    "store": "coles",
    "name": "Kids Smart Vita Gummies Multi-Vitamin",
    "brand": "Nature's Way",
    "price": 10,
    "orgPrice": 20,
    "categoryId": [
      "health-beauty"
    ],
    "imagePath": "https://shop.coles.com.au/wcsstore/Coles-CAS/images/3/2/7/3279505.jpg",
    "cupPrice": "$13.33 per 100ea",
    "unit": "ea",
    "packageSize": "75 pack",
    "barcode": [
      "9314807062354"
    ],
    "isAvailable": true
  },
  {
    "id": "c3478046p-9325740030317",
    "store": "coles",
    "name": "Fat Blaster Chocolate Flavour Keto Fit Protein Shake Mix",
    "brand": "Naturopathica",
    "price": 15,
    "orgPrice": 30,
    "categoryId": [
      "health-beauty"
    ],
    "imagePath": "https://shop.coles.com.au/wcsstore/Coles-CAS/images/3/4/7/3478046.jpg",
    "cupPrice": "$5.00 per 100g",
    "unit": "ea",
    "packageSize": "300g",
    "barcode": [
      "9325740030317"
    ],
    "isAvailable": true
  },
  {
    "id": "c3139222p-9325740029335",
    "store": "coles",
    "name": "Fat Blaster 30% Less Sugar Raspberry Ripple Shake",
    "brand": "Naturopathica",
    "price": 10,
    "orgPrice": 20,
    "categoryId": [
      "health-beauty"
    ],
    "imagePath": "https://shop.coles.com.au/wcsstore/Coles-CAS/images/3/1/3/3139222.jpg",
    "cupPrice": "$2.33 per 100g",
    "unit": "ea",
    "packageSize": "430g",
    "barcode": [
      "9325740029335"
    ],
    "isAvailable": true
  },
  {
    "id": "c3139211p-9325740029328",
    "store": "coles",
    "name": "Fat Blaster 30% Less Sugar Mocha Shake",
    "brand": "Naturopathica",
    "price": 10,
    "orgPrice": 20,
    "categoryId": [
      "health-beauty"
    ],
    "imagePath": "https://shop.coles.com.au/wcsstore/Coles-CAS/images/3/1/3/3139211.jpg",
    "cupPrice": "$2.33 per 100g",
    "unit": "ea",
    "packageSize": "430g",
    "barcode": [
      "9325740029328"
    ],
    "isAvailable": true
  },
  {
    "id": "c1949094p-9312231178269",
    "store": "coles",
    "name": "Organic Hazel Quench Hazelnut Coconut Milk",
    "brand": "Pure Harvest",
    "price": 1.8,
    "orgPrice": 3.6,
    "categoryId": [
      "health-beauty"
    ],
    "imagePath": "https://shop.coles.com.au/wcsstore/Coles-CAS/images/1/9/4/1949094.jpg",
    "cupPrice": "$1.80 per 1l",
    "unit": "ea",
    "packageSize": "1l",
    "barcode": [
      "9312231178269",
      "9312231108266"
    ],
    "isAvailable": true
  },
  {
    "id": "c3412401p-8437015910994",
    "store": "coles",
    "name": "Organic Unfiltered Raspberry Vinegar",
    "brand": "Ecovinal",
    "price": 3.8,
    "orgPrice": 7.6,
    "categoryId": [
      "health-beauty"
    ],
    "imagePath": "https://shop.coles.com.au/wcsstore/Coles-CAS/images/3/4/1/3412401.jpg",
    "cupPrice": "$0.76 per 100ml",
    "unit": "ea",
    "packageSize": "500ml",
    "barcode": [
      "8437015910994"
    ],
    "isAvailable": true
  },
  {
    "id": "c3470430p-9314807066178",
    "store": "coles",
    "name": "Kid Smart Multivitamin + Probiotic Strawberry Flavour 50 Chewable Tablets",
    "brand": "Nature's Way",
    "price": 9.5,
    "orgPrice": 19,
    "categoryId": [
      "health-beauty"
    ],
    "imagePath": "https://shop.coles.com.au/wcsstore/Coles-CAS/images/3/4/7/3470430.jpg",
    "cupPrice": "$9.50 per 1ea",
    "unit": "ea",
    "packageSize": "1 pack",
    "barcode": [
      "9314807066178"
    ],
    "isAvailable": true
  },
  {
    "id": "c2995891p-9313495005582",
    "store": "coles",
    "name": "Gluten Free Roasted Jalapeno Protein Chips",
    "brand": "Wholesome Food Company",
    "price": 2.5,
    "orgPrice": 5,
    "categoryId": [
      "health-beauty"
    ],
    "imagePath": "https://shop.coles.com.au/wcsstore/Coles-CAS/images/2/9/9/2995891.jpg",
    "cupPrice": "$3.57 per 100g",
    "unit": "ea",
    "packageSize": "70g",
    "barcode": [
      "9313495005582"
    ],
    "isAvailable": true
  },
  {
    "id": "c3145000p",
    "store": "coles",
    "name": "Gluten Free Quinoa & Chia Straws With Wasabi Chips",
    "brand": "Wholesome Food Company",
    "price": 2.5,
    "orgPrice": 5,
    "categoryId": [
      "health-beauty"
    ],
    "imagePath": "https://shop.coles.com.au/wcsstore/Coles-CAS/images/3/1/4/3145000.jpg",
    "cupPrice": "$2.08 per 100g",
    "unit": "ea",
    "packageSize": "120g",
    "barcode": null,
    "isAvailable": true
  },
  {
    "id": "c3144991p",
    "store": "coles",
    "name": "Gluten Free Lentil Harissa Twists Chips",
    "brand": "Wholesome Food Company",
    "price": 2.5,
    "orgPrice": 5,
    "categoryId": [
      "health-beauty"
    ],
    "imagePath": "https://shop.coles.com.au/wcsstore/Coles-CAS/images/3/1/4/3144991.jpg",
    "cupPrice": "$2.08 per 100g",
    "unit": "ea",
    "packageSize": "120g",
    "barcode": null,
    "isAvailable": true
  },
  {
    "id": "c1478362p",
    "store": "coles",
    "name": "Sugar Free Natural Energy Drink Can",
    "brand": "28 Black",
    "price": 1.3,
    "orgPrice": 2.7,
    "categoryId": [
      "health-beauty"
    ],
    "imagePath": "https://shop.coles.com.au/wcsstore/Coles-CAS/images/1/4/7/1478362.jpg",
    "cupPrice": "$5.20 per 1l",
    "unit": "ea",
    "packageSize": "250ml",
    "barcode": null,
    "isAvailable": true
  },
  {
    "id": "c3470441p-9314807062804",
    "store": "coles",
    "name": "Sugar Kids Smart Free Vita Gummies Probiotics",
    "brand": "Nature's Way",
    "price": 10,
    "orgPrice": 20,
    "categoryId": [
      "health-beauty"
    ],
    "imagePath": "https://shop.coles.com.au/wcsstore/Coles-CAS/images/3/4/7/3470441.jpg",
    "cupPrice": "$0.15 per 1ea",
    "unit": "ea",
    "packageSize": "65 pack",
    "barcode": [
      "9314807062804"
    ],
    "isAvailable": true
  },
  {
    "id": "c2015723p-9325740025894",
    "store": "coles",
    "name": "Fat Blaster Garcinia Max Supplement",
    "brand": "Naturopathica",
    "price": 15,
    "orgPrice": 30,
    "categoryId": [
      "health-beauty"
    ],
    "imagePath": "https://shop.coles.com.au/wcsstore/Coles-CAS/images/2/0/1/2015723.jpg",
    "cupPrice": "$0.25 per 1ea",
    "unit": "ea",
    "packageSize": "60 pack",
    "barcode": [
      "9325740025894"
    ],
    "isAvailable": true
  },
  {
    "id": "c2869489p-9311770592550",
    "store": "coles",
    "name": "High Strength Organic Spirulina Tablets",
    "brand": "Swisse",
    "price": 24,
    "orgPrice": 48,
    "categoryId": [
      "health-beauty"
    ],
    "imagePath": "https://shop.coles.com.au/wcsstore/Coles-CAS/images/2/8/6/2869489.jpg",
    "cupPrice": "$12.00 per 100ea",
    "unit": "ea",
    "packageSize": "200 pack",
    "barcode": [
      "9311770592550"
    ],
    "isAvailable": true
  },
  {
    "id": "c3558360p-9313495005865",
    "store": "coles",
    "name": "Lime, Peppercorn & Probiotic Lentils Chips",
    "brand": "The Wholesome Food Company",
    "price": 2.5,
    "orgPrice": 5,
    "categoryId": [
      "health-beauty"
    ],
    "imagePath": "https://shop.coles.com.au/wcsstore/Coles-CAS/images/3/5/5/3558360.jpg",
    "cupPrice": "$2.50 per 100g",
    "unit": "ea",
    "packageSize": "100g",
    "barcode": [
      "9313495005865"
    ],
    "isAvailable": true
  },
  {
    "id": "c3411318p-845561001345",
    "store": "coles",
    "name": "Gluten Free Chipotle Bowl With Black Beans Meal",
    "brand": "Loma Linda",
    "price": 2.5,
    "orgPrice": 5,
    "categoryId": [
      "health-beauty"
    ],
    "imagePath": "https://shop.coles.com.au/wcsstore/Coles-CAS/images/3/4/1/3411318.jpg",
    "cupPrice": "$0.88 per 100g",
    "unit": "ea",
    "packageSize": "285g",
    "barcode": [
      "845561001345"
    ],
    "isAvailable": true
  },
  {
    "id": "c3411329p-845561001499",
    "store": "coles",
    "name": "Gluten Free Thai Green Curry With Chik'N And Rice",
    "brand": "Loma Linda",
    "price": 2.5,
    "orgPrice": 5,
    "categoryId": [
      "health-beauty"
    ],
    "imagePath": "https://shop.coles.com.au/wcsstore/Coles-CAS/images/3/4/1/3411329.jpg",
    "cupPrice": "$0.88 per 100g",
    "unit": "ea",
    "packageSize": "285g",
    "barcode": [
      "845561001499"
    ],
    "isAvailable": true
  },
  {
    "id": "c8152068p-9300830001101",
    "store": "coles",
    "name": "Triple Moisturising Body Wash",
    "brand": "Dove",
    "price": 6.85,
    "orgPrice": 13.7,
    "categoryId": [
      "health-beauty"
    ],
    "imagePath": "https://shop.coles.com.au/wcsstore/Coles-CAS/images/8/1/5/8152068.jpg",
    "cupPrice": "$0.69 per 100ml",
    "unit": "ea",
    "packageSize": "1l",
    "barcode": [
      "9300830001101",
      "6902088324112"
    ],
    "isAvailable": true
  },
  {
    "id": "c8617230p-400003259427",
    "store": "coles",
    "name": "Whitening & Tartar Control Toothpaste",
    "brand": "Colgate",
    "price": 3.5,
    "orgPrice": 7,
    "categoryId": [
      "health-beauty"
    ],
    "imagePath": "https://shop.coles.com.au/wcsstore/Coles-CAS/images/8/6/1/8617230.jpg",
    "cupPrice": "$1.84 per 100g",
    "unit": "ea",
    "packageSize": "190g",
    "barcode": [
      "400003259427",
      "8850006327517"
    ],
    "isAvailable": true
  },
  {
    "id": "c3516848p-9327693000485",
    "store": "coles",
    "name": "Signature Cleansing Hand Wash",
    "brand": "Sukin",
    "price": 8.97,
    "orgPrice": 17.95,
    "categoryId": [
      "health-beauty"
    ],
    "imagePath": "https://shop.coles.com.au/wcsstore/Coles-CAS/images/3/5/1/3516848.jpg",
    "cupPrice": "$8.97 per 1l",
    "unit": "ea",
    "packageSize": "1l",
    "barcode": [
      "9327693000485"
    ],
    "isAvailable": true
  },
  {
    "id": "c3516724p-9327693000140",
    "store": "coles",
    "name": "Signature Cleansing Hand Wash",
    "brand": "Sukin",
    "price": 4.97,
    "orgPrice": 9.95,
    "categoryId": [
      "health-beauty"
    ],
    "imagePath": "https://shop.coles.com.au/wcsstore/Coles-CAS/images/3/5/1/3516724.jpg",
    "cupPrice": "$0.99 per 100ml",
    "unit": "ea",
    "packageSize": "500ml",
    "barcode": [
      "9327693000140",
      "9327693007170"
    ],
    "isAvailable": true
  },
  {
    "id": "c3660811p-9300830056361",
    "store": "coles",
    "name": "Men Advanced Protection Sport Deodorant",
    "brand": "Rexona",
    "price": 3.75,
    "orgPrice": 7.5,
    "categoryId": [
      "health-beauty"
    ],
    "imagePath": "https://shop.coles.com.au/wcsstore/Coles-CAS/images/3/6/6/3660811.jpg",
    "cupPrice": "$1.70 per 100ml",
    "unit": "ea",
    "packageSize": "220ml",
    "barcode": [
      "9300830056361",
      "9300830056491"
    ],
    "isAvailable": true
  },
  {
    "id": "c8617194p-8850006327487",
    "store": "coles",
    "name": "Max Fresh Cool Mint Toothpaste",
    "brand": "Colgate",
    "price": 3.5,
    "orgPrice": 7,
    "categoryId": [
      "health-beauty"
    ],
    "imagePath": "https://shop.coles.com.au/wcsstore/Coles-CAS/images/8/6/1/8617194.jpg",
    "cupPrice": "$1.84 per 100g",
    "unit": "ea",
    "packageSize": "190g",
    "barcode": [
      "8850006327487",
      "400003259366"
    ],
    "isAvailable": true
  },
  {
    "id": "c5492398p-9314807018375",
    "store": "coles",
    "name": "Sorbolene Moisturiser with Vitamin E",
    "brand": "Redwin",
    "price": 3.12,
    "orgPrice": 6.25,
    "categoryId": [
      "health-beauty"
    ],
    "imagePath": "https://shop.coles.com.au/wcsstore/Coles-CAS/images/5/4/9/5492398.jpg",
    "cupPrice": "$0.31 per 100ml",
    "unit": "ea",
    "packageSize": "1l",
    "barcode": [
      "9314807018375",
      "9314094000961",
      "9314807018504"
    ],
    "isAvailable": true
  },
  {
    "id": "c9811272p-9314094010205",
    "store": "coles",
    "name": "Extra Sensitive Body Wash",
    "brand": "Redwin",
    "price": 6,
    "orgPrice": 12,
    "categoryId": [
      "health-beauty"
    ],
    "imagePath": "https://shop.coles.com.au/wcsstore/Coles-CAS/images/9/8/1/9811272.jpg",
    "cupPrice": "$0.60 per 100ml",
    "unit": "ea",
    "packageSize": "1l",
    "barcode": [
      "9314094010205",
      "9314807018573"
    ],
    "isAvailable": true
  },
  {
    "id": "c3660866p-9300830056422",
    "store": "coles",
    "name": "Women's Antiperspirant Aerosol Advanced Bright Bouquet Deodorant",
    "brand": "Rexona",
    "price": 3.75,
    "orgPrice": 7.5,
    "categoryId": [
      "health-beauty"
    ],
    "imagePath": "https://shop.coles.com.au/wcsstore/Coles-CAS/images/3/6/6/3660866.jpg",
    "cupPrice": "$1.70 per 100ml",
    "unit": "ea",
    "packageSize": "220ml",
    "barcode": [
      "9300830056422"
    ],
    "isAvailable": true
  },
  {
    "id": "c8097221p-9314807022846",
    "store": "coles",
    "name": "Kids Smart Vita Gummies Multivitamin Pastilles",
    "brand": "Nature's Way",
    "price": 13,
    "orgPrice": 26,
    "categoryId": [
      "health-beauty"
    ],
    "imagePath": "https://shop.coles.com.au/wcsstore/Coles-CAS/images/8/0/9/8097221.jpg",
    "cupPrice": "$10.83 per 100ea",
    "unit": "ea",
    "packageSize": "120 pack",
    "barcode": [
      "9314807022846"
    ],
    "isAvailable": true
  },
  {
    "id": "c1279129p-9314807025458",
    "store": "coles",
    "name": "Kids Smart Probiotic 50 Milk Chocolate Balls",
    "brand": "Nature's Way",
    "price": 8,
    "orgPrice": 16,
    "categoryId": [
      "health-beauty"
    ],
    "imagePath": "https://shop.coles.com.au/wcsstore/Coles-CAS/images/1/2/7/1279129.jpg",
    "cupPrice": "$6.40 per 100g",
    "unit": "ea",
    "packageSize": "125g",
    "barcode": [
      "9314807025458"
    ],
    "isAvailable": true
  },
  {
    "id": "c2994050p-9327693000225",
    "store": "coles",
    "name": "Signature Botanical Body Wash",
    "brand": "Sukin",
    "price": 8.97,
    "orgPrice": 17.95,
    "categoryId": [
      "health-beauty"
    ],
    "imagePath": "https://shop.coles.com.au/wcsstore/Coles-CAS/images/2/9/9/2994050.jpg",
    "cupPrice": "$8.97 per 1l",
    "unit": "ea",
    "packageSize": "1l",
    "barcode": [
      "9327693000225"
    ],
    "isAvailable": true
  },
  {
    "id": "c3552149p-9327693008412",
    "store": "coles",
    "name": "Lime & Coconut Cleansing Hand Wash",
    "brand": "Sukin",
    "price": 4.97,
    "orgPrice": 9.95,
    "categoryId": [
      "health-beauty"
    ],
    "imagePath": "https://shop.coles.com.au/wcsstore/Coles-CAS/images/3/5/5/3552149.jpg",
    "cupPrice": "$0.99 per 100ml",
    "unit": "ea",
    "packageSize": "500ml",
    "barcode": [
      "9327693008412",
      "9327693008436"
    ],
    "isAvailable": true
  },
  {
    "id": "c3660822p-9300830056378",
    "store": "coles",
    "name": "Women Antiperspirant Aerosol Advanced Invisible Dry Pure Deodorant",
    "brand": "Rexona",
    "price": 3.75,
    "orgPrice": 7.5,
    "categoryId": [
      "health-beauty"
    ],
    "imagePath": "https://shop.coles.com.au/wcsstore/Coles-CAS/images/3/6/6/3660822.jpg",
    "cupPrice": "$1.70 per 100ml",
    "unit": "ea",
    "packageSize": "220ml",
    "barcode": [
      "9300830056378"
    ],
    "isAvailable": true
  },
  {
    "id": "c3660913p-9300830056460",
    "store": "coles",
    "name": "Men Antiperspirant Aerosol Advanced Invisible Dry Black & White Deodorant",
    "brand": "Rexona",
    "price": 3.75,
    "orgPrice": 7.5,
    "categoryId": [
      "health-beauty"
    ],
    "imagePath": "https://shop.coles.com.au/wcsstore/Coles-CAS/images/3/6/6/3660913.jpg",
    "cupPrice": "$1.70 per 100ml",
    "unit": "ea",
    "packageSize": "220ml",
    "barcode": [
      "9300830056460"
    ],
    "isAvailable": true
  },
  {
    "id": "c9218252p-9300830001194",
    "store": "coles",
    "name": "Nourishing Body Wash Fresh Touch",
    "brand": "Dove",
    "price": 6.85,
    "orgPrice": 13.7,
    "categoryId": [
      "health-beauty"
    ],
    "imagePath": "https://shop.coles.com.au/wcsstore/Coles-CAS/images/9/2/1/9218252.jpg",
    "cupPrice": "$0.69 per 100ml",
    "unit": "ea",
    "packageSize": "1l",
    "barcode": [
      "9300830001194"
    ],
    "isAvailable": true
  },
  {
    "id": "c8098927p-9311770589246",
    "store": "coles",
    "name": "Ultiboost Vitamin D Capsules",
    "brand": "Swisse",
    "price": 13,
    "orgPrice": 26,
    "categoryId": [
      "health-beauty"
    ],
    "imagePath": "https://shop.coles.com.au/wcsstore/Coles-CAS/images/8/0/9/8098927.jpg",
    "cupPrice": "$5.20 per 100ea",
    "unit": "ea",
    "packageSize": "250 pack",
    "barcode": [
      "9311770589246"
    ],
    "isAvailable": true
  },
  {
    "id": "c6519922p-7702018038275",
    "store": "coles",
    "name": "Venus Sensitive Disposable Razors",
    "brand": "Gillette",
    "price": 5,
    "orgPrice": 10,
    "categoryId": [
      "health-beauty"
    ],
    "imagePath": "https://shop.coles.com.au/wcsstore/Coles-CAS/images/6/5/1/6519922.jpg",
    "cupPrice": "$1.67 per 1ea",
    "unit": "ea",
    "packageSize": "3 pack",
    "barcode": [
      "7702018038275",
      "7702018963386"
    ],
    "isAvailable": true
  },
  {
    "id": "c2994287p-9327693000317",
    "store": "coles",
    "name": "Foaming Facial Cleanser Pump",
    "brand": "Sukin",
    "price": 6.5,
    "orgPrice": 13,
    "categoryId": [
      "health-beauty"
    ],
    "imagePath": "https://shop.coles.com.au/wcsstore/Coles-CAS/images/2/9/9/2994287.jpg",
    "cupPrice": "$5.20 per 100ml",
    "unit": "ea",
    "packageSize": "125ml",
    "barcode": [
      "9327693000317"
    ],
    "isAvailable": true
  },
  {
    "id": "c3154984p",
    "store": "coles",
    "name": "Hydrating Conditioner",
    "brand": "Sukin",
    "price": 14,
    "orgPrice": 28,
    "categoryId": [
      "health-beauty"
    ],
    "imagePath": "https://shop.coles.com.au/wcsstore/Coles-CAS/images/3/1/5/3154984.jpg",
    "cupPrice": "$1.40 per 100ml",
    "unit": "ea",
    "packageSize": "1l",
    "barcode": null,
    "isAvailable": true
  },
  {
    "id": "c3154940p",
    "store": "coles",
    "name": "Hydrating Shampoo",
    "brand": "Sukin",
    "price": 14,
    "orgPrice": 28,
    "categoryId": [
      "health-beauty"
    ],
    "imagePath": "https://shop.coles.com.au/wcsstore/Coles-CAS/images/3/1/5/3154940.jpg",
    "cupPrice": "$1.40 per 100ml",
    "unit": "ea",
    "packageSize": "1l",
    "barcode": null,
    "isAvailable": true
  },
  {
    "id": "c2869456p",
    "store": "coles",
    "name": "High Strength C",
    "brand": "Swisse",
    "price": 20,
    "orgPrice": 40,
    "categoryId": [
      "health-beauty"
    ],
    "imagePath": "https://shop.coles.com.au/wcsstore/Coles-CAS/images/2/8/6/2869456.jpg",
    "cupPrice": "$0.13 per 1ea",
    "unit": "ea",
    "packageSize": "150 pack",
    "barcode": null,
    "isAvailable": true
  },
  {
    "id": "c3660844p-9300830056415",
    "store": "coles",
    "name": "Women Anti Per spirant Advance Shower Fresh Deodorant",
    "brand": "Rexona",
    "price": 3.75,
    "orgPrice": 7.5,
    "categoryId": [
      "health-beauty"
    ],
    "imagePath": "https://shop.coles.com.au/wcsstore/Coles-CAS/images/3/6/6/3660844.jpg",
    "cupPrice": "$1.70 per 100ml",
    "unit": "ea",
    "packageSize": "220ml",
    "barcode": [
      "9300830056415"
    ],
    "isAvailable": true
  },
  {
    "id": "c7124690p-7702018967612",
    "store": "coles",
    "name": "Venus ComfortGlide Razor Blades Refill White Tea",
    "brand": "Gillette",
    "price": 10,
    "orgPrice": 20,
    "categoryId": [
      "health-beauty"
    ],
    "imagePath": "https://shop.coles.com.au/wcsstore/Coles-CAS/images/7/1/2/7124690.jpg",
    "cupPrice": "$2.50 per 1ea",
    "unit": "ea",
    "packageSize": "4 pack",
    "barcode": [
      "7702018967612"
    ],
    "isAvailable": true
  },
  {
    "id": "c6005700p-9300632069125",
    "store": "coles",
    "name": "360 Degree Value Pack Soft Toothbrush",
    "brand": "Colgate",
    "price": 4,
    "orgPrice": 8,
    "categoryId": [
      "health-beauty"
    ],
    "imagePath": "https://shop.coles.com.au/wcsstore/Coles-CAS/images/6/0/0/6005700.jpg",
    "cupPrice": "$2.00 per 1ea",
    "unit": "ea",
    "packageSize": "2 pack",
    "barcode": [
      "9300632069125"
    ],
    "isAvailable": true
  },
  {
    "id": "c5398582p-9300632067091",
    "store": "coles",
    "name": "360 Degree Value Pack Medium Toothbrush",
    "brand": "Colgate",
    "price": 4,
    "orgPrice": 8,
    "categoryId": [
      "health-beauty"
    ],
    "imagePath": "https://shop.coles.com.au/wcsstore/Coles-CAS/images/5/3/9/5398582.jpg",
    "cupPrice": "$2.00 per 1ea",
    "unit": "ea",
    "packageSize": "2 pack",
    "barcode": [
      "9300632067091"
    ],
    "isAvailable": true
  },
  {
    "id": "c3001236p-9300830040889",
    "store": "coles",
    "name": "Pear and Aloe Vera Body Wash",
    "brand": "Dove",
    "price": 6.85,
    "orgPrice": 13.7,
    "categoryId": [
      "health-beauty"
    ],
    "imagePath": "https://shop.coles.com.au/wcsstore/Coles-CAS/images/3/0/0/3001236.jpg",
    "cupPrice": "$0.69 per 100ml",
    "unit": "ea",
    "packageSize": "1l",
    "barcode": [
      "9300830040889"
    ],
    "isAvailable": true
  },
  {
    "id": "c8766128p-9300627503702",
    "store": "coles",
    "name": "Blue II UltraGrip Pivot Disposable Shaving Razor",
    "brand": "Gillette",
    "price": 6.75,
    "orgPrice": 13.5,
    "categoryId": [
      "health-beauty"
    ],
    "imagePath": "https://shop.coles.com.au/wcsstore/Coles-CAS/images/8/7/6/8766128.jpg",
    "cupPrice": "$0.42 per 1ea",
    "unit": "ea",
    "packageSize": "16 pack",
    "barcode": [
      "9300627503702"
    ],
    "isAvailable": true
  },
  {
    "id": "c2994119p-9327693006883",
    "store": "coles",
    "name": "Hydrating Shampoo",
    "brand": "Sukin",
    "price": 9,
    "orgPrice": 18,
    "categoryId": [
      "health-beauty"
    ],
    "imagePath": "https://shop.coles.com.au/wcsstore/Coles-CAS/images/2/9/9/2994119.jpg",
    "cupPrice": "$1.80 per 100ml",
    "unit": "ea",
    "packageSize": "500ml",
    "barcode": [
      "9327693006883"
    ],
    "isAvailable": true
  },
  {
    "id": "c2994152p-9327693006890",
    "store": "coles",
    "name": "Hydrating Conditioner",
    "brand": "Sukin",
    "price": 9,
    "orgPrice": 18,
    "categoryId": [
      "health-beauty"
    ],
    "imagePath": "https://shop.coles.com.au/wcsstore/Coles-CAS/images/2/9/9/2994152.jpg",
    "cupPrice": "$1.80 per 100ml",
    "unit": "ea",
    "packageSize": "500ml",
    "barcode": [
      "9327693006890"
    ],
    "isAvailable": true
  },
  {
    "id": "c3400592p-6920354823800",
    "store": "coles",
    "name": "Advanced Whitening Charcoal Toothpaste",
    "brand": "Colgate",
    "price": 3.5,
    "orgPrice": 7,
    "categoryId": [
      "health-beauty"
    ],
    "imagePath": "https://shop.coles.com.au/wcsstore/Coles-CAS/images/3/4/0/3400592.jpg",
    "cupPrice": "$2.06 per 100g",
    "unit": "ea",
    "packageSize": "170g",
    "barcode": [
      "6920354823800"
    ],
    "isAvailable": true
  },
  {
    "id": "c3477000p-9327693007101",
    "store": "coles",
    "name": "Purely Ageless Restorative Night Cream",
    "brand": "Sukin",
    "price": 13,
    "orgPrice": 26,
    "categoryId": [
      "health-beauty"
    ],
    "imagePath": "https://shop.coles.com.au/wcsstore/Coles-CAS/images/3/4/7/3477000.jpg",
    "cupPrice": "$10.83 per 100ml",
    "unit": "ea",
    "packageSize": "120ml",
    "barcode": [
      "9327693007101"
    ],
    "isAvailable": true
  },
  {
    "id": "c3660902p-9300830056453",
    "store": "coles",
    "name": "Men Aerosol Advanced Workout Antiperspirant Deodorant",
    "brand": "Rexona",
    "price": 3.75,
    "orgPrice": 7.5,
    "categoryId": [
      "health-beauty"
    ],
    "imagePath": "https://shop.coles.com.au/wcsstore/Coles-CAS/images/3/6/6/3660902.jpg",
    "cupPrice": "$1.70 per 100ml",
    "unit": "ea",
    "packageSize": "220ml",
    "barcode": [
      "9300830056453"
    ],
    "isAvailable": true
  },
  {
    "id": "c3660797p-9300830056347",
    "store": "coles",
    "name": "Men Antiperspirant Aerosol Advanced Invisible Ice Fresh Deodorant",
    "brand": "Rexona",
    "price": 3.75,
    "orgPrice": 7.5,
    "categoryId": [
      "health-beauty"
    ],
    "imagePath": "https://shop.coles.com.au/wcsstore/Coles-CAS/images/3/6/6/3660797.jpg",
    "cupPrice": "$1.70 per 100ml",
    "unit": "ea",
    "packageSize": "220ml",
    "barcode": [
      "9300830056347"
    ],
    "isAvailable": true
  },
  {
    "id": "c3154930p",
    "store": "coles",
    "name": "Natural Balance Shampoo",
    "brand": "Sukin",
    "price": 14,
    "orgPrice": 28,
    "categoryId": [
      "health-beauty"
    ],
    "imagePath": "https://shop.coles.com.au/wcsstore/Coles-CAS/images/3/1/5/3154930.jpg",
    "cupPrice": "$1.40 per 100ml",
    "unit": "ea",
    "packageSize": "1l",
    "barcode": null,
    "isAvailable": true
  },
  {
    "id": "c3660855p-9300830056408",
    "store": "coles",
    "name": "Men Antiperspirant Aerosol Advanced Turbo Deodorant",
    "brand": "Rexona",
    "price": 3.75,
    "orgPrice": 7.5,
    "categoryId": [
      "health-beauty"
    ],
    "imagePath": "https://shop.coles.com.au/wcsstore/Coles-CAS/images/3/6/6/3660855.jpg",
    "cupPrice": "$1.70 per 100ml",
    "unit": "ea",
    "packageSize": "220ml",
    "barcode": [
      "9300830056408"
    ],
    "isAvailable": true
  },
  {
    "id": "c3812829p-9327693009365",
    "store": "coles",
    "name": "Antibacterial Hand Sanitiser Spray",
    "brand": "Sukin",
    "price": 4.97,
    "orgPrice": 9.95,
    "categoryId": [
      "health-beauty"
    ],
    "imagePath": "https://shop.coles.com.au/wcsstore/Coles-CAS/images/3/8/1/3812829.jpg",
    "cupPrice": "$3.98 per 100ml",
    "unit": "ea",
    "packageSize": "125ml",
    "barcode": [
      "9327693009365"
    ],
    "isAvailable": true
  },
  {
    "id": "c7124646p-7702018967643",
    "store": "coles",
    "name": "Venus Spa Breeze 2 in 1 Disposable Shaving Razor & Gel Bars",
    "brand": "Gillette",
    "price": 4.5,
    "orgPrice": 9,
    "categoryId": [
      "health-beauty"
    ],
    "imagePath": "https://shop.coles.com.au/wcsstore/Coles-CAS/images/7/1/2/7124646.jpg",
    "cupPrice": "$2.25 per 1ea",
    "unit": "ea",
    "packageSize": "2 pack",
    "barcode": [
      "7702018967643"
    ],
    "isAvailable": true
  },
  {
    "id": "c2994458p-9327693000294",
    "store": "coles",
    "name": "Facial Moisturiser Pump",
    "brand": "Sukin",
    "price": 6.5,
    "orgPrice": 13,
    "categoryId": [
      "health-beauty"
    ],
    "imagePath": "https://shop.coles.com.au/wcsstore/Coles-CAS/images/2/9/9/2994458.jpg",
    "cupPrice": "$5.20 per 100ml",
    "unit": "ea",
    "packageSize": "125ml",
    "barcode": [
      "9327693000294"
    ],
    "isAvailable": true
  },
  {
    "id": "c3584134p-4902430873383",
    "store": "coles",
    "name": "Sensor 3 Comfort Disposable Razors",
    "brand": "Gillette",
    "price": 5.75,
    "orgPrice": 11.5,
    "categoryId": [
      "health-beauty"
    ],
    "imagePath": "https://shop.coles.com.au/wcsstore/Coles-CAS/images/3/5/8/3584134.jpg",
    "cupPrice": "$0.72 per 1ea",
    "unit": "ea",
    "packageSize": "8 pack",
    "barcode": [
      "4902430873383"
    ],
    "isAvailable": true
  },
  {
    "id": "c6280464p-93388139",
    "store": "coles",
    "name": "Men's Ultivite Multi Vitamin Tablets",
    "brand": "Swisse",
    "price": 14.5,
    "orgPrice": 29,
    "categoryId": [
      "health-beauty"
    ],
    "imagePath": "https://shop.coles.com.au/wcsstore/Coles-CAS/images/6/2/8/6280464.jpg",
    "cupPrice": "$24.17 per 100ea",
    "unit": "ea",
    "packageSize": "60 pack",
    "barcode": [
      "93388139"
    ],
    "isAvailable": true
  },
  {
    "id": "c3466058p-9300830050611",
    "store": "coles",
    "name": "Nourishing Secrets Restoring Coconut Body Wash",
    "brand": "Dove",
    "price": 6.85,
    "orgPrice": 13.7,
    "categoryId": [
      "health-beauty"
    ],
    "imagePath": "https://shop.coles.com.au/wcsstore/Coles-CAS/images/3/4/6/3466058.jpg",
    "cupPrice": "$6.85 per 1l",
    "unit": "ea",
    "packageSize": "1l",
    "barcode": [
      "9300830050611"
    ],
    "isAvailable": true
  },
  {
    "id": "c2994618p-9327693000430",
    "store": "coles",
    "name": "Signature Botanical Body Wash",
    "brand": "Sukin",
    "price": 4.97,
    "orgPrice": 9.95,
    "categoryId": [
      "health-beauty"
    ],
    "imagePath": "https://shop.coles.com.au/wcsstore/Coles-CAS/images/2/9/9/2994618.jpg",
    "cupPrice": "$0.99 per 100ml",
    "unit": "ea",
    "packageSize": "500ml",
    "barcode": [
      "9327693000430"
    ],
    "isAvailable": true
  },
  {
    "id": "c6124618p-047400141490",
    "store": "coles",
    "name": "Venus Satin Care Sensitive Skin Shaving Gel",
    "brand": "Gillette",
    "price": 3.6,
    "orgPrice": 7.2,
    "categoryId": [
      "health-beauty"
    ],
    "imagePath": "https://shop.coles.com.au/wcsstore/Coles-CAS/images/6/1/2/6124618.jpg",
    "cupPrice": "$1.85 per 100g",
    "unit": "ea",
    "packageSize": "195g",
    "barcode": [
      "047400141490",
      "3014260223007"
    ],
    "isAvailable": true
  },
  {
    "id": "c9120329p-9311770589666",
    "store": "coles",
    "name": "Ultiboost Zinc+ Tablets",
    "brand": "Swisse",
    "price": 8.1,
    "orgPrice": 16.2,
    "categoryId": [
      "health-beauty"
    ],
    "imagePath": "https://shop.coles.com.au/wcsstore/Coles-CAS/images/9/1/2/9120329.jpg",
    "cupPrice": "$13.50 per 100ea",
    "unit": "ea",
    "packageSize": "60 pack",
    "barcode": [
      "9311770589666"
    ],
    "isAvailable": true
  },
  {
    "id": "c9222318p-8711600804388",
    "store": "coles",
    "name": "Warm Vanilla Shea Butter Beauty Bar",
    "brand": "Dove",
    "price": 1.9,
    "orgPrice": null,
    "categoryId": [
      "health-beauty"
    ],
    "imagePath": "https://shop.coles.com.au/wcsstore/Coles-CAS/images/9/2/2/9222318.jpg",
    "cupPrice": "$0.95 per 100g",
    "unit": "ea",
    "packageSize": "2 pack",
    "barcode": [
      "8711600804388"
    ],
    "isAvailable": true
  },
  {
    "id": "c3532200p-9327693007590",
    "store": "coles",
    "name": "Blemish Control Kit",
    "brand": "Sukin",
    "price": 15,
    "orgPrice": 30,
    "categoryId": [
      "health-beauty"
    ],
    "imagePath": "https://shop.coles.com.au/wcsstore/Coles-CAS/images/3/5/3/3532200.jpg",
    "cupPrice": "$15.00 per 1ea",
    "unit": "ea",
    "packageSize": "1 each",
    "barcode": [
      "9327693007590"
    ],
    "isAvailable": true
  },
  {
    "id": "c3476947p-9327693007118",
    "store": "coles",
    "name": "Purely Ageless Rejuvenating Day Cream",
    "brand": "Sukin",
    "price": 13,
    "orgPrice": 26,
    "categoryId": [
      "health-beauty"
    ],
    "imagePath": "https://shop.coles.com.au/wcsstore/Coles-CAS/images/3/4/7/3476947.jpg",
    "cupPrice": "$10.83 per 100ml",
    "unit": "ea",
    "packageSize": "120ml",
    "barcode": [
      "9327693007118"
    ],
    "isAvailable": true
  },
  {
    "id": "c3680499p-7509546652108",
    "store": "coles",
    "name": "Optic White Renewal Lasting Fresh",
    "brand": "Colgate",
    "price": 7.5,
    "orgPrice": 15,
    "categoryId": [
      "health-beauty"
    ],
    "imagePath": "https://shop.coles.com.au/wcsstore/Coles-CAS/images/3/6/8/3680499.jpg",
    "cupPrice": "$8.82 per 100g",
    "unit": "ea",
    "packageSize": "85g",
    "barcode": [
      "7509546652108"
    ],
    "isAvailable": true
  },
  {
    "id": "c7231985p-9344329040561",
    "store": "coles",
    "name": "Paris Revitalift Night Cream",
    "brand": "L'Oreal",
    "price": 16.45,
    "orgPrice": 32.9,
    "categoryId": [
      "health-beauty"
    ],
    "imagePath": "https://shop.coles.com.au/wcsstore/Coles-CAS/images/7/2/3/7231985.jpg",
    "cupPrice": "$32.90 per 100ml",
    "unit": "ea",
    "packageSize": "50ml",
    "barcode": [
      "9344329040561",
      "9312825697497",
      "9312825554547"
    ],
    "isAvailable": true
  },
  {
    "id": "c5588216p-3014260214692",
    "store": "coles",
    "name": "Series Shaving Gel Sensitive Skin",
    "brand": "Gillette",
    "price": 3.15,
    "orgPrice": 6.3,
    "categoryId": [
      "health-beauty"
    ],
    "imagePath": "https://shop.coles.com.au/wcsstore/Coles-CAS/images/5/5/8/5588216.jpg",
    "cupPrice": "$1.62 per 100g",
    "unit": "ea",
    "packageSize": "195g",
    "barcode": [
      "3014260214692",
      "047400154216",
      "047400130708"
    ],
    "isAvailable": true
  },
  {
    "id": "c5004133p-8000700000012",
    "store": "coles",
    "name": "Beauty Soap Bar Regular 2 pack",
    "brand": "Dove",
    "price": 1.9,
    "orgPrice": null,
    "categoryId": [
      "health-beauty"
    ],
    "imagePath": "https://shop.coles.com.au/wcsstore/Coles-CAS/images/5/0/0/5004133.jpg",
    "cupPrice": "$0.95 per 100g",
    "unit": "ea",
    "packageSize": "200g",
    "barcode": [
      "8000700000012",
      "9300663434718",
      "9300663431090",
      "9300663423040",
      "9300663408726",
      "9300663278305",
      "8999999026387",
      "9300663451142"
    ],
    "isAvailable": true
  },
  {
    "id": "c3154973p",
    "store": "coles",
    "name": "Natural Balance Conditioner",
    "brand": "Sukin",
    "price": 14,
    "orgPrice": 28,
    "categoryId": [
      "health-beauty"
    ],
    "imagePath": "https://shop.coles.com.au/wcsstore/Coles-CAS/images/3/1/5/3154973.jpg",
    "cupPrice": "$1.40 per 100ml",
    "unit": "ea",
    "packageSize": "1l",
    "barcode": null,
    "isAvailable": true
  },
  {
    "id": "c3364003p-4800888207937",
    "store": "coles",
    "name": "Clinical Protection Antiperspirant Roll On Shower Clean",
    "brand": "Rexona",
    "price": 4,
    "orgPrice": 8,
    "categoryId": [
      "health-beauty"
    ],
    "imagePath": "https://shop.coles.com.au/wcsstore/Coles-CAS/images/3/3/6/3364003.jpg",
    "cupPrice": "$8.00 per 100ml",
    "unit": "ea",
    "packageSize": "50ml",
    "barcode": [
      "4800888207937"
    ],
    "isAvailable": true
  },
  {
    "id": "c3693901p-7509546652528",
    "store": "coles",
    "name": "Optic White Renewal Vibrant Clean",
    "brand": "Colgate",
    "price": 7.5,
    "orgPrice": 15,
    "categoryId": [
      "health-beauty"
    ],
    "imagePath": "https://shop.coles.com.au/wcsstore/Coles-CAS/images/3/6/9/3693901.jpg",
    "cupPrice": "$8.82 per 100g",
    "unit": "ea",
    "packageSize": "85g",
    "barcode": [
      "7509546652528"
    ],
    "isAvailable": true
  },
  {
    "id": "c7434949p-7702018945689",
    "store": "coles",
    "name": "Blue 3 Disposable Shaving Razor",
    "brand": "Gillette",
    "price": 4.25,
    "orgPrice": 8.5,
    "categoryId": [
      "health-beauty"
    ],
    "imagePath": "https://shop.coles.com.au/wcsstore/Coles-CAS/images/7/4/3/7434949.jpg",
    "cupPrice": "$0.53 per 1ea",
    "unit": "ea",
    "packageSize": "8 pack",
    "barcode": [
      "7702018945689"
    ],
    "isAvailable": true
  },
  {
    "id": "c1161435p-3600522248873",
    "store": "coles",
    "name": "Revitalift Laser Antiaging Day Moisturiser",
    "brand": "L'Oreal",
    "price": 22.5,
    "orgPrice": 45,
    "categoryId": [
      "health-beauty"
    ],
    "imagePath": "https://shop.coles.com.au/wcsstore/Coles-CAS/images/1/1/6/1161435.jpg",
    "cupPrice": "$45.00 per 100ml",
    "unit": "ea",
    "packageSize": "50ml",
    "barcode": [
      "3600522248873",
      "9344329059020"
    ],
    "isAvailable": true
  },
  {
    "id": "c9049530p-3014260262709",
    "store": "coles",
    "name": "Venus Shaving Blade Refill",
    "brand": "Gillette",
    "price": 7.75,
    "orgPrice": 15.5,
    "categoryId": [
      "health-beauty"
    ],
    "imagePath": "https://shop.coles.com.au/wcsstore/Coles-CAS/images/9/0/4/9049530.jpg",
    "cupPrice": "$1.94 per 1ea",
    "unit": "ea",
    "packageSize": "4 pack",
    "barcode": [
      "3014260262709"
    ],
    "isAvailable": true
  },
  {
    "id": "c1685640p-9344329075310",
    "store": "coles",
    "name": "Revitalift Laser X3 Night Cream",
    "brand": "L'Oreal",
    "price": 22.5,
    "orgPrice": 45,
    "categoryId": [
      "health-beauty"
    ],
    "imagePath": "https://shop.coles.com.au/wcsstore/Coles-CAS/images/1/6/8/1685640.jpg",
    "cupPrice": "$45.00 per 100ml",
    "unit": "ea",
    "packageSize": "50ml",
    "barcode": [
      "9344329075310",
      "3600522480150"
    ],
    "isAvailable": true
  },
  {
    "id": "c2994549p-9327693000539",
    "store": "coles",
    "name": "Antioxidant Eye Serum",
    "brand": "Sukin",
    "price": 10,
    "orgPrice": 20,
    "categoryId": [
      "health-beauty"
    ],
    "imagePath": "https://shop.coles.com.au/wcsstore/Coles-CAS/images/2/9/9/2994549.jpg",
    "cupPrice": "$33.33 per 100ml",
    "unit": "ea",
    "packageSize": "30ml",
    "barcode": [
      "9327693000539"
    ],
    "isAvailable": true
  },
  {
    "id": "c3363995p-4800888207913",
    "store": "coles",
    "name": "Clinical Protection Summer Strength Antiperspirant Roll On",
    "brand": "Rexona",
    "price": 4,
    "orgPrice": 8,
    "categoryId": [
      "health-beauty"
    ],
    "imagePath": "https://shop.coles.com.au/wcsstore/Coles-CAS/images/3/3/6/3363995.jpg",
    "cupPrice": "$8.00 per 100ml",
    "unit": "ea",
    "packageSize": "50ml",
    "barcode": [
      "4800888207913"
    ],
    "isAvailable": true
  },
  {
    "id": "c3454580p-9314807063061",
    "store": "coles",
    "name": "Kids Smart Strawberry Flavourer Chewable Iron Tablets",
    "brand": "Nature's Way",
    "price": 7.5,
    "orgPrice": 15,
    "categoryId": [
      "health-beauty"
    ],
    "imagePath": "https://shop.coles.com.au/wcsstore/Coles-CAS/images/3/4/5/3454580.jpg",
    "cupPrice": "$15.00 per 100ea",
    "unit": "ea",
    "packageSize": "50 pack",
    "barcode": [
      "9314807063061"
    ],
    "isAvailable": true
  },
  {
    "id": "c3660899p-9300830056446",
    "store": "coles",
    "name": "Men Antiperspirant Aerosol Advanced Extra Cool Deodorant",
    "brand": "Rexona",
    "price": 3.75,
    "orgPrice": 7.5,
    "categoryId": [
      "health-beauty"
    ],
    "imagePath": "https://shop.coles.com.au/wcsstore/Coles-CAS/images/3/6/6/3660899.jpg",
    "cupPrice": "$1.70 per 100ml",
    "unit": "ea",
    "packageSize": "220ml",
    "barcode": [
      "9300830056446"
    ],
    "isAvailable": true
  },
  {
    "id": "c7124679p-7702018967582",
    "store": "coles",
    "name": "Venus Comfortglide White Tea Razor",
    "brand": "Gillette",
    "price": 7.7,
    "orgPrice": 15.4,
    "categoryId": [
      "health-beauty"
    ],
    "imagePath": "https://shop.coles.com.au/wcsstore/Coles-CAS/images/7/1/2/7124679.jpg",
    "cupPrice": "$7.70 per 1ea",
    "unit": "ea",
    "packageSize": "1 pack",
    "barcode": [
      "7702018967582"
    ],
    "isAvailable": true
  },
  {
    "id": "c6280475p-93454117",
    "store": "coles",
    "name": "Ultivite Women's Formula 1 Multi Vitamins",
    "brand": "Swisse",
    "price": 14.5,
    "orgPrice": 29,
    "categoryId": [
      "health-beauty"
    ],
    "imagePath": "https://shop.coles.com.au/wcsstore/Coles-CAS/images/6/2/8/6280475.jpg",
    "cupPrice": "$24.17 per 100ea",
    "unit": "ea",
    "packageSize": "60 pack",
    "barcode": [
      "93454117"
    ],
    "isAvailable": true
  },
  {
    "id": "c6089030p-3061375110012",
    "store": "coles",
    "name": "Revitalift Day Cream",
    "brand": "L'Oreal",
    "price": 16.45,
    "orgPrice": 32.9,
    "categoryId": [
      "health-beauty"
    ],
    "imagePath": "https://shop.coles.com.au/wcsstore/Coles-CAS/images/6/0/8/6089030.jpg",
    "cupPrice": "$32.90 per 100ml",
    "unit": "ea",
    "packageSize": "50ml",
    "barcode": [
      "3061375110012",
      "9312825552628",
      "9312825697466",
      "9312825557180",
      "9344329040479"
    ],
    "isAvailable": true
  },
  {
    "id": "c2994108p-9327693006920",
    "store": "coles",
    "name": "Natural Balance Shampoo",
    "brand": "Sukin",
    "price": 9,
    "orgPrice": 18,
    "categoryId": [
      "health-beauty"
    ],
    "imagePath": "https://shop.coles.com.au/wcsstore/Coles-CAS/images/2/9/9/2994108.jpg",
    "cupPrice": "$1.80 per 100ml",
    "unit": "ea",
    "packageSize": "500ml",
    "barcode": [
      "9327693006920"
    ],
    "isAvailable": true
  },
  {
    "id": "c3279505p-9314807062354",
    "store": "coles",
    "name": "Kids Smart Vita Gummies Multi-Vitamin",
    "brand": "Nature's Way",
    "price": 10,
    "orgPrice": 20,
    "categoryId": [
      "health-beauty"
    ],
    "imagePath": "https://shop.coles.com.au/wcsstore/Coles-CAS/images/3/2/7/3279505.jpg",
    "cupPrice": "$13.33 per 100ea",
    "unit": "ea",
    "packageSize": "75 pack",
    "barcode": [
      "9314807062354"
    ],
    "isAvailable": true
  },
  {
    "id": "c3714331p-9327693008382",
    "store": "coles",
    "name": "Botanical Body Wash Pineapple & Coconut",
    "brand": "Sukin",
    "price": 4.97,
    "orgPrice": 9.95,
    "categoryId": [
      "health-beauty"
    ],
    "imagePath": "https://shop.coles.com.au/wcsstore/Coles-CAS/images/3/7/1/3714331.jpg",
    "cupPrice": "$0.99 per 100ml",
    "unit": "ea",
    "packageSize": "500ml",
    "barcode": [
      "9327693008382"
    ],
    "isAvailable": true
  },
  {
    "id": "c8735930p-4902430373333",
    "store": "coles",
    "name": "Daisy Classic Shaving Razors",
    "brand": "Gillette",
    "price": 2.25,
    "orgPrice": 4.5,
    "categoryId": [
      "health-beauty"
    ],
    "imagePath": "https://shop.coles.com.au/wcsstore/Coles-CAS/images/8/7/3/8735930.jpg",
    "cupPrice": "$0.45 per 1ea",
    "unit": "ea",
    "packageSize": "5 pack",
    "barcode": [
      "4902430373333",
      "4902430373296",
      "7702018880010",
      "9300627503610"
    ],
    "isAvailable": true
  },
  {
    "id": "c3470430p-9314807066178",
    "store": "coles",
    "name": "Kid Smart Multivitamin + Probiotic Strawberry Flavour 50 Chewable Tablets",
    "brand": "Nature's Way",
    "price": 9.5,
    "orgPrice": 19,
    "categoryId": [
      "health-beauty"
    ],
    "imagePath": "https://shop.coles.com.au/wcsstore/Coles-CAS/images/3/4/7/3470430.jpg",
    "cupPrice": "$9.50 per 1ea",
    "unit": "ea",
    "packageSize": "1 pack",
    "barcode": [
      "9314807066178"
    ],
    "isAvailable": true
  },
  {
    "id": "c2649278p-5012874248582",
    "store": "coles",
    "name": "Intimately Deodorant Body Spray",
    "brand": "Beckham",
    "price": 4,
    "orgPrice": 8,
    "categoryId": [
      "health-beauty"
    ],
    "imagePath": "https://shop.coles.com.au/wcsstore/Coles-CAS/images/2/6/4/2649278.jpg",
    "cupPrice": "$2.67 per 100ml",
    "unit": "ea",
    "packageSize": "150ml",
    "barcode": [
      "5012874248582",
      "400003166336"
    ],
    "isAvailable": true
  },
  {
    "id": "c2994243p-9327693000355",
    "store": "coles",
    "name": "Hydrating Mist Toner",
    "brand": "Sukin",
    "price": 6.5,
    "orgPrice": 13,
    "categoryId": [
      "health-beauty"
    ],
    "imagePath": "https://shop.coles.com.au/wcsstore/Coles-CAS/images/2/9/9/2994243.jpg",
    "cupPrice": "$5.20 per 100ml",
    "unit": "ea",
    "packageSize": "125ml",
    "barcode": [
      "9327693000355"
    ],
    "isAvailable": true
  },
  {
    "id": "c2994130p-9327693006937",
    "store": "coles",
    "name": "Natural Balance Conditioner",
    "brand": "Sukin",
    "price": 9,
    "orgPrice": 18,
    "categoryId": [
      "health-beauty"
    ],
    "imagePath": "https://shop.coles.com.au/wcsstore/Coles-CAS/images/2/9/9/2994130.jpg",
    "cupPrice": "$1.80 per 100ml",
    "unit": "ea",
    "packageSize": "500ml",
    "barcode": [
      "9327693006937"
    ],
    "isAvailable": true
  },
  {
    "id": "c8735951p-7702018017294",
    "store": "coles",
    "name": "Blue II UltraGrip Pivot Disposable Shaving Razor",
    "brand": "Gillette",
    "price": 4.45,
    "orgPrice": 8.9,
    "categoryId": [
      "health-beauty"
    ],
    "imagePath": "https://shop.coles.com.au/wcsstore/Coles-CAS/images/8/7/3/8735951.jpg",
    "cupPrice": "$0.45 per 1ea",
    "unit": "ea",
    "packageSize": "10 pack",
    "barcode": [
      "7702018017294",
      "3014260221614",
      "7702018969647",
      "9300627506956",
      "4902430842846",
      "7702018017317",
      "9300627512582"
    ],
    "isAvailable": true
  },
  {
    "id": "c8737040p-9300627503320",
    "store": "coles",
    "name": "Blue II UltraGrip Pivot Disposable Shaving Razor",
    "brand": "Gillette",
    "price": 2.75,
    "orgPrice": 5.5,
    "categoryId": [
      "health-beauty"
    ],
    "imagePath": "https://shop.coles.com.au/wcsstore/Coles-CAS/images/8/7/3/8737040.jpg",
    "cupPrice": "$0.55 per 1ea",
    "unit": "ea",
    "packageSize": "5 pack",
    "barcode": [
      "9300627503320"
    ],
    "isAvailable": true
  },
  {
    "id": "c6515218p-7702018936045",
    "store": "coles",
    "name": "Venus Embrace Shaving Blade Refill",
    "brand": "Gillette",
    "price": 9.75,
    "orgPrice": 19.5,
    "categoryId": [
      "health-beauty"
    ],
    "imagePath": "https://shop.coles.com.au/wcsstore/Coles-CAS/images/6/5/1/6515218.jpg",
    "cupPrice": "$2.44 per 1ea",
    "unit": "ea",
    "packageSize": "4 pack",
    "barcode": [
      "7702018936045"
    ],
    "isAvailable": true
  },
  {
    "id": "c2873170p-9300632088386",
    "store": "coles",
    "name": "360 Sensitive Manual Toothbrush",
    "brand": "Colgate",
    "price": 4,
    "orgPrice": 8,
    "categoryId": [
      "health-beauty"
    ],
    "imagePath": "https://shop.coles.com.au/wcsstore/Coles-CAS/images/2/8/7/2873170.jpg",
    "cupPrice": "$2.00 per 1ea",
    "unit": "ea",
    "packageSize": "2 pack",
    "barcode": [
      "9300632088386"
    ],
    "isAvailable": true
  },
  {
    "id": "c3132052p-9300632089239",
    "store": "coles",
    "name": "Slim Soft Advance Gold Manual Toothbrush",
    "brand": "Colgate",
    "price": 3,
    "orgPrice": 6,
    "categoryId": [
      "health-beauty"
    ],
    "imagePath": "https://shop.coles.com.au/wcsstore/Coles-CAS/images/3/1/3/3132052.jpg",
    "cupPrice": "$3.00 per 1ea",
    "unit": "ea",
    "packageSize": "1 pack",
    "barcode": [
      "9300632089239"
    ],
    "isAvailable": true
  },
  {
    "id": "c3128510p-9327693006814",
    "store": "coles",
    "name": "Facial Cleanser For Men",
    "brand": "Sukin",
    "price": 8,
    "orgPrice": 16,
    "categoryId": [
      "health-beauty"
    ],
    "imagePath": "https://shop.coles.com.au/wcsstore/Coles-CAS/images/3/1/2/3128510.jpg",
    "cupPrice": "$3.56 per 100ml",
    "unit": "ea",
    "packageSize": "225ml",
    "barcode": [
      "9327693006814"
    ],
    "isAvailable": true
  },
  {
    "id": "c3714353p-9327693008399",
    "store": "coles",
    "name": "Botanical Body Wash Bergamot & Patchouli",
    "brand": "Sukin",
    "price": 4.97,
    "orgPrice": 9.95,
    "categoryId": [
      "health-beauty"
    ],
    "imagePath": "https://shop.coles.com.au/wcsstore/Coles-CAS/images/3/7/1/3714353.jpg",
    "cupPrice": "$0.99 per 100ml",
    "unit": "ea",
    "packageSize": "500ml",
    "barcode": [
      "9327693008399"
    ],
    "isAvailable": true
  },
  {
    "id": "c3728766p-9327693007736",
    "store": "coles",
    "name": "Hydration Hydrafusion Night Cream 60ml",
    "brand": "Sukin",
    "price": 11.5,
    "orgPrice": 23,
    "categoryId": [
      "health-beauty"
    ],
    "imagePath": "https://shop.coles.com.au/wcsstore/Coles-CAS/images/3/7/2/3728766.jpg",
    "cupPrice": "$19.17 per 100ml",
    "unit": "ea",
    "packageSize": "1 each",
    "barcode": [
      "9327693007736"
    ],
    "isAvailable": true
  },
  {
    "id": "c7660664p-7702018038183",
    "store": "coles",
    "name": "Simply Venus Disposable Shaving Razor",
    "brand": "Gillette",
    "price": 3.5,
    "orgPrice": 7,
    "categoryId": [
      "health-beauty"
    ],
    "imagePath": "https://shop.coles.com.au/wcsstore/Coles-CAS/images/7/6/6/7660664.jpg",
    "cupPrice": "$0.88 per 1ea",
    "unit": "ea",
    "packageSize": "4 pack",
    "barcode": [
      "7702018038183"
    ],
    "isAvailable": true
  },
  {
    "id": "c7186621p-3600521156353",
    "store": "coles",
    "name": "Revitalift Cleansing Wipes",
    "brand": "L'Oreal",
    "price": 4.25,
    "orgPrice": 8.5,
    "categoryId": [
      "health-beauty"
    ],
    "imagePath": "https://shop.coles.com.au/wcsstore/Coles-CAS/images/7/1/8/7186621.jpg",
    "cupPrice": "$0.17 per 1ea",
    "unit": "ea",
    "packageSize": "25 pack",
    "barcode": [
      "3600521156353",
      "3600522783138"
    ],
    "isAvailable": true
  },
  {
    "id": "c6515127p-7702018038619",
    "store": "coles",
    "name": "Venus Embrace Shaving Razor & 2 Blade Refill",
    "brand": "Gillette",
    "price": 7.5,
    "orgPrice": 15,
    "categoryId": [
      "health-beauty"
    ],
    "imagePath": "https://shop.coles.com.au/wcsstore/Coles-CAS/images/6/5/1/6515127.jpg",
    "cupPrice": "$7.50 per 1ea",
    "unit": "ea",
    "packageSize": "1 pack",
    "barcode": [
      "7702018038619",
      "7702018936014"
    ],
    "isAvailable": true
  },
  {
    "id": "c4155745p-8714789183800",
    "store": "coles",
    "name": "360 Degree Medium Toothbrush",
    "brand": "Colgate",
    "price": 2.5,
    "orgPrice": 5,
    "categoryId": [
      "health-beauty"
    ],
    "imagePath": "https://shop.coles.com.au/wcsstore/Coles-CAS/images/4/1/5/4155745.jpg",
    "cupPrice": "$2.50 per 1ea",
    "unit": "ea",
    "packageSize": "1 pack",
    "barcode": [
      "8714789183800"
    ],
    "isAvailable": true
  },
  {
    "id": "c2428541p-3600522892359",
    "store": "coles",
    "name": "Revitalift Filler Day Cream",
    "brand": "L'Oreal",
    "price": 22.5,
    "orgPrice": 45,
    "categoryId": [
      "health-beauty"
    ],
    "imagePath": "https://shop.coles.com.au/wcsstore/Coles-CAS/images/2/4/2/2428541.jpg",
    "cupPrice": "$45.00 per 100ml",
    "unit": "ea",
    "packageSize": "50ml",
    "barcode": [
      "3600522892359"
    ],
    "isAvailable": true
  },
  {
    "id": "c3149565p",
    "store": "coles",
    "name": "Paris Revitalift Laser X3 SPF15 Day Cream",
    "brand": "L'Oreal",
    "price": 23.75,
    "orgPrice": 47.5,
    "categoryId": [
      "health-beauty"
    ],
    "imagePath": "https://shop.coles.com.au/wcsstore/Coles-CAS/images/3/1/4/3149565.jpg",
    "cupPrice": "$47.50 per 100ml",
    "unit": "ea",
    "packageSize": "50ml",
    "barcode": null,
    "isAvailable": true
  },
  {
    "id": "c3140695p",
    "store": "coles",
    "name": "Venus Razor Cartridges",
    "brand": "Gillette",
    "price": 13.25,
    "orgPrice": 26.5,
    "categoryId": [
      "health-beauty"
    ],
    "imagePath": "https://shop.coles.com.au/wcsstore/Coles-CAS/images/3/1/4/3140695.jpg",
    "cupPrice": "$1.66 per 1ea",
    "unit": "ea",
    "packageSize": "8 pack",
    "barcode": null,
    "isAvailable": true
  },
  {
    "id": "c3415830p-9317039000880",
    "store": "coles",
    "name": "Eye Mist",
    "brand": "Murine",
    "price": 8.5,
    "orgPrice": 17,
    "categoryId": [
      "health-beauty"
    ],
    "imagePath": "https://shop.coles.com.au/wcsstore/Coles-CAS/images/3/4/1/3415830.jpg",
    "cupPrice": "$5.67 per 10ml",
    "unit": "ea",
    "packageSize": "15ml",
    "barcode": [
      "9317039000880",
      "400003464074"
    ],
    "isAvailable": true
  },
  {
    "id": "c8571898p-3600521992111",
    "store": "coles",
    "name": "Age Perfect Intense Nutrition Night Cream",
    "brand": "L'Oreal",
    "price": 17.5,
    "orgPrice": 35,
    "categoryId": [
      "health-beauty"
    ],
    "imagePath": "https://shop.coles.com.au/wcsstore/Coles-CAS/images/8/5/7/8571898.jpg",
    "cupPrice": "$35.00 per 100ml",
    "unit": "ea",
    "packageSize": "50ml",
    "barcode": [
      "3600521992111",
      "9344329040455"
    ],
    "isAvailable": true
  },
  {
    "id": "c6843590p-9312825554516",
    "store": "coles",
    "name": "Revitalift Eye Plenitude Cream",
    "brand": "L'Oreal",
    "price": 16.45,
    "orgPrice": 32.9,
    "categoryId": [
      "health-beauty"
    ],
    "imagePath": "https://shop.coles.com.au/wcsstore/Coles-CAS/images/6/8/4/6843590.jpg",
    "cupPrice": "$109.67 per 100ml",
    "unit": "ea",
    "packageSize": "15ml",
    "barcode": [
      "9312825554516",
      "5011408039757",
      "9344329040486",
      "9312825697527",
      "3600521823774"
    ],
    "isAvailable": true
  },
  {
    "id": "c6021240p-7702018934751",
    "store": "coles",
    "name": "Venus Shaving Razor",
    "brand": "Gillette",
    "price": 3.92,
    "orgPrice": 7.85,
    "categoryId": [
      "health-beauty"
    ],
    "imagePath": "https://shop.coles.com.au/wcsstore/Coles-CAS/images/6/0/2/6021240.jpg",
    "cupPrice": "$3.92 per 1ea",
    "unit": "ea",
    "packageSize": "1 pack",
    "barcode": [
      "7702018934751",
      "7702018934744",
      "3014260285425"
    ],
    "isAvailable": true
  },
  {
    "id": "c1162100p-3600522249474",
    "store": "coles",
    "name": "Paris Revitalift Laser X3 Anti- Ageing Serum",
    "brand": "L'Oreal",
    "price": 25,
    "orgPrice": 50,
    "categoryId": [
      "health-beauty"
    ],
    "imagePath": "https://shop.coles.com.au/wcsstore/Coles-CAS/images/1/1/6/1162100.jpg",
    "cupPrice": "$83.34 per 100ml",
    "unit": "ea",
    "packageSize": "30ml",
    "barcode": [
      "3600522249474",
      "9344329059044"
    ],
    "isAvailable": true
  },
  {
    "id": "c8896644p-9312825697220",
    "store": "coles",
    "name": "Age Perfect Day Cream",
    "brand": "L'Oreal",
    "price": 16.45,
    "orgPrice": 32.9,
    "categoryId": [
      "health-beauty"
    ],
    "imagePath": "https://shop.coles.com.au/wcsstore/Coles-CAS/images/8/8/9/8896644.jpg",
    "cupPrice": "$32.90 per 100ml",
    "unit": "ea",
    "packageSize": "50ml",
    "barcode": [
      "9312825697220",
      "9312825647874",
      "9344329040578"
    ],
    "isAvailable": true
  },
  {
    "id": "c3364116p-4800888207906",
    "store": "coles",
    "name": "Men Antiperspirant Clean Scent Roll On",
    "brand": "Rexona",
    "price": 4,
    "orgPrice": 8,
    "categoryId": [
      "health-beauty"
    ],
    "imagePath": "https://shop.coles.com.au/wcsstore/Coles-CAS/images/3/3/6/3364116.jpg",
    "cupPrice": "$8.00 per 100ml",
    "unit": "ea",
    "packageSize": "50ml",
    "barcode": [
      "4800888207906"
    ],
    "isAvailable": true
  },
  {
    "id": "c3470441p-9314807062804",
    "store": "coles",
    "name": "Sugar Kids Smart Free Vita Gummies Probiotics",
    "brand": "Nature's Way",
    "price": 10,
    "orgPrice": 20,
    "categoryId": [
      "health-beauty"
    ],
    "imagePath": "https://shop.coles.com.au/wcsstore/Coles-CAS/images/3/4/7/3470441.jpg",
    "cupPrice": "$0.15 per 1ea",
    "unit": "ea",
    "packageSize": "65 pack",
    "barcode": [
      "9314807062804"
    ],
    "isAvailable": true
  },
  {
    "id": "c3582591p-4902430873406",
    "store": "coles",
    "name": "Sensor 3 Comfort Disposable Razors",
    "brand": "Gillette",
    "price": 3.25,
    "orgPrice": 6.5,
    "categoryId": [
      "health-beauty"
    ],
    "imagePath": "https://shop.coles.com.au/wcsstore/Coles-CAS/images/3/5/8/3582591.jpg",
    "cupPrice": "$0.81 per 1ea",
    "unit": "ea",
    "packageSize": "4 pack",
    "barcode": [
      "4902430873406"
    ],
    "isAvailable": true
  },
  {
    "id": "c1161843p-3600522251835",
    "store": "coles",
    "name": "Paris Revitalift Laser X3 Eye Cream",
    "brand": "L'Oreal",
    "price": 25,
    "orgPrice": 50,
    "categoryId": [
      "health-beauty"
    ],
    "imagePath": "https://shop.coles.com.au/wcsstore/Coles-CAS/images/1/1/6/1161843.jpg",
    "cupPrice": "$166.68 per 100ml",
    "unit": "ea",
    "packageSize": "15ml",
    "barcode": [
      "3600522251835",
      "9344329059037",
      "3600523436071"
    ],
    "isAvailable": true
  },
  {
    "id": "c2869489p-9311770592550",
    "store": "coles",
    "name": "High Strength Organic Spirulina Tablets",
    "brand": "Swisse",
    "price": 24,
    "orgPrice": 48,
    "categoryId": [
      "health-beauty"
    ],
    "imagePath": "https://shop.coles.com.au/wcsstore/Coles-CAS/images/2/8/6/2869489.jpg",
    "cupPrice": "$12.00 per 100ea",
    "unit": "ea",
    "packageSize": "200 pack",
    "barcode": [
      "9311770592550"
    ],
    "isAvailable": true
  },
  {
    "id": "c2940506p-071164302361",
    "store": "coles",
    "name": "Argan 5 In 1 Leave In Conditioner",
    "brand": "Hask",
    "price": 7.5,
    "orgPrice": 15,
    "categoryId": [
      "health-beauty"
    ],
    "imagePath": "https://shop.coles.com.au/wcsstore/Coles-CAS/images/2/9/4/2940506.jpg",
    "cupPrice": "$4.29 per 100ml",
    "unit": "ea",
    "packageSize": "175ml",
    "barcode": [
      "071164302361",
      "071164302262"
    ],
    "isAvailable": true
  },
  {
    "id": "c3365028p-9327693000348",
    "store": "coles",
    "name": "Natural Deodorant",
    "brand": "Sukin",
    "price": 3.5,
    "orgPrice": 7,
    "categoryId": [
      "health-beauty"
    ],
    "imagePath": "https://shop.coles.com.au/wcsstore/Coles-CAS/images/3/3/6/3365028.jpg",
    "cupPrice": "$2.80 per 100ml",
    "unit": "ea",
    "packageSize": "125ml",
    "barcode": [
      "9327693000348"
    ],
    "isAvailable": true
  },
  {
    "id": "c3364105p-4800888207951",
    "store": "coles",
    "name": "Men Sport Clinical Protection Antiperspirant Roll On",
    "brand": "Rexona",
    "price": 4,
    "orgPrice": 8,
    "categoryId": [
      "health-beauty"
    ],
    "imagePath": "https://shop.coles.com.au/wcsstore/Coles-CAS/images/3/3/6/3364105.jpg",
    "cupPrice": "$8.00 per 100ml",
    "unit": "ea",
    "packageSize": "50ml",
    "barcode": [
      "4800888207951"
    ],
    "isAvailable": true
  },
  {
    "id": "c8896655p-9344329040417",
    "store": "coles",
    "name": "Age Perfect Night Cream",
    "brand": "L'Oreal",
    "price": 16.45,
    "orgPrice": 32.9,
    "categoryId": [
      "health-beauty"
    ],
    "imagePath": "https://shop.coles.com.au/wcsstore/Coles-CAS/images/8/8/9/8896655.jpg",
    "cupPrice": "$32.90 per 100ml",
    "unit": "ea",
    "packageSize": "50ml",
    "barcode": [
      "9344329040417",
      "9312825647935",
      "9312825697251"
    ],
    "isAvailable": true
  },
  {
    "id": "c1650238p-7702018300969",
    "store": "coles",
    "name": "Venus & Olay Sugarberry Scent Shaving Blade Refill",
    "brand": "Gillette",
    "price": 10,
    "orgPrice": 20,
    "categoryId": [
      "health-beauty"
    ],
    "imagePath": "https://shop.coles.com.au/wcsstore/Coles-CAS/images/1/6/5/1650238.jpg",
    "cupPrice": "$10.00 per 1ea",
    "unit": "ea",
    "packageSize": "3 pack",
    "barcode": [
      "7702018300969"
    ],
    "isAvailable": true
  },
  {
    "id": "c1982260p-3600522416982",
    "store": "coles",
    "name": "Revitalift Moisturiser SPF 15+",
    "brand": "L'Oreal",
    "price": 16.45,
    "orgPrice": 32.9,
    "categoryId": [
      "health-beauty"
    ],
    "imagePath": "https://shop.coles.com.au/wcsstore/Coles-CAS/images/1/9/8/1982260.jpg",
    "cupPrice": "$32.90 per 100ml",
    "unit": "ea",
    "packageSize": "50ml",
    "barcode": [
      "3600522416982",
      "400002768418",
      "9344329081397"
    ],
    "isAvailable": true
  },
  {
    "id": "c2578872p",
    "store": "coles",
    "name": "Super Tampons",
    "brand": "Coles",
    "price": 1.12,
    "orgPrice": null,
    "categoryId": [
      "health-beauty"
    ],
    "imagePath": "https://shop.coles.com.au/wcsstore/Coles-CAS/images/2/5/7/2578872.jpg",
    "cupPrice": "$0.07 per 1ea",
    "unit": "ea",
    "packageSize": "16 pack",
    "barcode": null,
    "isAvailable": true
  },
  {
    "id": "c2792635p-400003243822",
    "store": "coles",
    "name": "Age Perfect Gold Age Day Cream",
    "brand": "L'Oreal",
    "price": 18.5,
    "orgPrice": 37,
    "categoryId": [
      "health-beauty"
    ],
    "imagePath": "https://shop.coles.com.au/wcsstore/Coles-CAS/images/2/7/9/2792635.jpg",
    "cupPrice": "$37.00 per 100ml",
    "unit": "ea",
    "packageSize": "50ml",
    "barcode": [
      "400003243822",
      "3600523216475"
    ],
    "isAvailable": true
  },
  {
    "id": "c2857720p-3600523306190",
    "store": "coles",
    "name": "Pure Clay Detoxifying Mask",
    "brand": "L'Oreal",
    "price": 10,
    "orgPrice": 20,
    "categoryId": [
      "health-beauty"
    ],
    "imagePath": "https://shop.coles.com.au/wcsstore/Coles-CAS/images/2/8/5/2857720.jpg",
    "cupPrice": "$20.00 per 100ml",
    "unit": "ea",
    "packageSize": "50ml",
    "barcode": [
      "3600523306190"
    ],
    "isAvailable": true
  },
  {
    "id": "c3236105p-4902430806367",
    "store": "coles",
    "name": "Venus Platinum Extra Smooth Razor",
    "brand": "Gillette",
    "price": 9.95,
    "orgPrice": 19.9,
    "categoryId": [
      "health-beauty"
    ],
    "imagePath": "https://shop.coles.com.au/wcsstore/Coles-CAS/images/3/2/3/3236105.jpg",
    "cupPrice": "$9.95 per 1ea",
    "unit": "ea",
    "packageSize": "1 pack",
    "barcode": [
      "4902430806367"
    ],
    "isAvailable": true
  },
  {
    "id": "c3239486p",
    "store": "coles",
    "name": "Paris Revitalift Moisturiser Night Filler",
    "brand": "L'Oreal",
    "price": 22.5,
    "orgPrice": 45,
    "categoryId": [
      "health-beauty"
    ],
    "imagePath": "https://shop.coles.com.au/wcsstore/Coles-CAS/images/3/2/3/3239486.jpg",
    "cupPrice": "$45.00 per 100ml",
    "unit": "ea",
    "packageSize": "50ml",
    "barcode": null,
    "isAvailable": true
  },
  {
    "id": "c3605788p-9330344010061",
    "store": "coles",
    "name": "Sunless Tan Self Tanning Foam",
    "brand": "Hawaiian Tropic",
    "price": 12,
    "orgPrice": 24,
    "categoryId": [
      "health-beauty"
    ],
    "imagePath": "https://shop.coles.com.au/wcsstore/Coles-CAS/images/3/6/0/3605788.jpg",
    "cupPrice": "$6.00 per 100g",
    "unit": "ea",
    "packageSize": "200g",
    "barcode": [
      "9330344010061"
    ],
    "isAvailable": true
  },
  {
    "id": "c3615566p-3600523750153",
    "store": "coles",
    "name": "Paris Excellence 8.1 Ash Blonde Hair Colour",
    "brand": "L'Oreal",
    "price": 10,
    "orgPrice": 20,
    "categoryId": [
      "health-beauty"
    ],
    "imagePath": "https://shop.coles.com.au/wcsstore/Coles-CAS/images/3/6/1/3615566.jpg",
    "cupPrice": "$10.00 per 1ea",
    "unit": "ea",
    "packageSize": "1 pack",
    "barcode": [
      "3600523750153",
      "400003592609"
    ],
    "isAvailable": true
  },
  {
    "id": "c4155756p-8714789183824",
    "store": "coles",
    "name": "360 Degree Soft Toothbrush",
    "brand": "Colgate",
    "price": 2.5,
    "orgPrice": 5,
    "categoryId": [
      "health-beauty"
    ],
    "imagePath": "https://shop.coles.com.au/wcsstore/Coles-CAS/images/4/1/5/4155756.jpg",
    "cupPrice": "$2.50 per 1ea",
    "unit": "ea",
    "packageSize": "1 pack",
    "barcode": [
      "8714789183824"
    ],
    "isAvailable": true
  },
  {
    "id": "c2940299p-400003389179",
    "store": "coles",
    "name": "Argan Oil Conditioner",
    "brand": "Hask",
    "price": 7.5,
    "orgPrice": 15,
    "categoryId": [
      "health-beauty"
    ],
    "imagePath": "https://shop.coles.com.au/wcsstore/Coles-CAS/images/2/9/4/2940299.jpg",
    "cupPrice": "$2.11 per 100ml",
    "unit": "ea",
    "packageSize": "355ml",
    "barcode": [
      "400003389179",
      "071164343265"
    ],
    "isAvailable": true
  },
  {
    "id": "c3293299p-9336798001006",
    "store": "coles",
    "name": "Super Tampons",
    "brand": "Moxie",
    "price": 2.25,
    "orgPrice": 4.5,
    "categoryId": [
      "health-beauty"
    ],
    "imagePath": "https://shop.coles.com.au/wcsstore/Coles-CAS/images/3/2/9/3293299.jpg",
    "cupPrice": "$0.11 per 1ea",
    "unit": "ea",
    "packageSize": "20 pack",
    "barcode": [
      "9336798001006"
    ],
    "isAvailable": true
  },
  {
    "id": "c3466386p-9300830051663",
    "store": "coles",
    "name": "Men Care Sport Fresh Body and Face Wash",
    "brand": "Dove",
    "price": 6.85,
    "orgPrice": 13.7,
    "categoryId": [
      "health-beauty"
    ],
    "imagePath": "https://shop.coles.com.au/wcsstore/Coles-CAS/images/3/4/6/3466386.jpg",
    "cupPrice": "$0.69 per 100ml",
    "unit": "ea",
    "packageSize": "1l",
    "barcode": [
      "9300830051663"
    ],
    "isAvailable": true
  },
  {
    "id": "c3582627p-4902430876698",
    "store": "coles",
    "name": "Venus Smooth Sensitive Blades Refill",
    "brand": "Gillette",
    "price": 8,
    "orgPrice": 16,
    "categoryId": [
      "health-beauty"
    ],
    "imagePath": "https://shop.coles.com.au/wcsstore/Coles-CAS/images/3/5/8/3582627.jpg",
    "cupPrice": "$2.00 per 1ea",
    "unit": "ea",
    "packageSize": "4 pack",
    "barcode": [
      "4902430876698"
    ],
    "isAvailable": true
  },
  {
    "id": "c8571887p-3600522029946",
    "store": "coles",
    "name": "Paris Intense Nutrition Day Cream",
    "brand": "L'Oreal",
    "price": 17.5,
    "orgPrice": 35,
    "categoryId": [
      "health-beauty"
    ],
    "imagePath": "https://shop.coles.com.au/wcsstore/Coles-CAS/images/8/5/7/8571887.jpg",
    "cupPrice": "$35.00 per 100ml",
    "unit": "ea",
    "packageSize": "50ml",
    "barcode": [
      "3600522029946",
      "9344329040448"
    ],
    "isAvailable": true
  },
  {
    "id": "c2940426p-071164343289",
    "store": "coles",
    "name": "Monoi Coconut Conditioner",
    "brand": "Hask",
    "price": 7.5,
    "orgPrice": 15,
    "categoryId": [
      "health-beauty"
    ],
    "imagePath": "https://shop.coles.com.au/wcsstore/Coles-CAS/images/2/9/4/2940426.jpg",
    "cupPrice": "$2.11 per 100ml",
    "unit": "ea",
    "packageSize": "355ml",
    "barcode": [
      "071164343289",
      "400003389148"
    ],
    "isAvailable": true
  },
  {
    "id": "c2940175p-400003389155",
    "store": "coles",
    "name": "Argan Oil Shampoo",
    "brand": "Hask",
    "price": 7.5,
    "orgPrice": 15,
    "categoryId": [
      "health-beauty"
    ],
    "imagePath": "https://shop.coles.com.au/wcsstore/Coles-CAS/images/2/9/4/2940175.jpg",
    "cupPrice": "$2.11 per 100ml",
    "unit": "ea",
    "packageSize": "355ml",
    "barcode": [
      "400003389155",
      "071164343166"
    ],
    "isAvailable": true
  },
  {
    "id": "c3532775p-3600523717408",
    "store": "coles",
    "name": "Paris Age Perfect Golden Age Rosy Eye Cream",
    "brand": "L'Oreal",
    "price": 20,
    "orgPrice": 40,
    "categoryId": [
      "health-beauty"
    ],
    "imagePath": "https://shop.coles.com.au/wcsstore/Coles-CAS/images/3/5/3/3532775.jpg",
    "cupPrice": "$133.34 per 100ml",
    "unit": "ea",
    "packageSize": "15ml",
    "barcode": [
      "3600523717408",
      "3600523718702"
    ],
    "isAvailable": true
  },
  {
    "id": "c3582536p-047400666269",
    "store": "coles",
    "name": "Pure Soothing Shave Gel With Aloe",
    "brand": "Gillette",
    "price": 4.25,
    "orgPrice": 8.5,
    "categoryId": [
      "health-beauty"
    ],
    "imagePath": "https://shop.coles.com.au/wcsstore/Coles-CAS/images/3/5/8/3582536.jpg",
    "cupPrice": "$2.50 per 100g",
    "unit": "ea",
    "packageSize": "170g",
    "barcode": [
      "047400666269"
    ],
    "isAvailable": true
  },
  {
    "id": "c3728744p-3600523873869",
    "store": "coles",
    "name": "Revitalift Filler Serum",
    "brand": "L'Oreal",
    "price": 25,
    "orgPrice": 50,
    "categoryId": [
      "health-beauty"
    ],
    "imagePath": "https://shop.coles.com.au/wcsstore/Coles-CAS/images/3/7/2/3728744.jpg",
    "cupPrice": "$83.34 per 100ml",
    "unit": "ea",
    "packageSize": "30ml",
    "barcode": [
      "3600523873869",
      "400003586110"
    ],
    "isAvailable": true
  },
  {
    "id": "c2959515p-3600523431205",
    "store": "coles",
    "name": "Pure Clay Detoxifying Gel Wash",
    "brand": "L'Oreal",
    "price": 7.5,
    "orgPrice": 15,
    "categoryId": [
      "health-beauty"
    ],
    "imagePath": "https://shop.coles.com.au/wcsstore/Coles-CAS/images/2/9/5/2959515.jpg",
    "cupPrice": "$5.00 per 100ml",
    "unit": "ea",
    "packageSize": "150ml",
    "barcode": [
      "3600523431205"
    ],
    "isAvailable": true
  },
  {
    "id": "c2940222p-071164343180",
    "store": "coles",
    "name": "Monoi Coconut Shampoo",
    "brand": "Hask",
    "price": 7.5,
    "orgPrice": 15,
    "categoryId": [
      "health-beauty"
    ],
    "imagePath": "https://shop.coles.com.au/wcsstore/Coles-CAS/images/2/9/4/2940222.jpg",
    "cupPrice": "$2.11 per 100ml",
    "unit": "ea",
    "packageSize": "355ml",
    "barcode": [
      "071164343180",
      "400003389131"
    ],
    "isAvailable": true
  },
  {
    "id": "c3293277p-9336798000993",
    "store": "coles",
    "name": "Regular Tampons",
    "brand": "Moxie",
    "price": 2.25,
    "orgPrice": 4.5,
    "categoryId": [
      "health-beauty"
    ],
    "imagePath": "https://shop.coles.com.au/wcsstore/Coles-CAS/images/3/2/9/3293277.jpg",
    "cupPrice": "$0.11 per 1ea",
    "unit": "ea",
    "packageSize": "20 pack",
    "barcode": [
      "9336798000993"
    ],
    "isAvailable": true
  },
  {
    "id": "c3566584p-9330344009997",
    "store": "coles",
    "name": "Simply Protect Sunscreen Lotion SPF 50+",
    "brand": "Banana Boat",
    "price": 8.5,
    "orgPrice": 17,
    "categoryId": [
      "health-beauty"
    ],
    "imagePath": "https://shop.coles.com.au/wcsstore/Coles-CAS/images/3/5/6/3566584.jpg",
    "cupPrice": "$17.00 per 100g",
    "unit": "ea",
    "packageSize": "50g",
    "barcode": [
      "9330344009997"
    ],
    "isAvailable": true
  },
  {
    "id": "c3557889p-3600523716470",
    "store": "coles",
    "name": "Revitalift Ginseng Glow Energising Red Day Cream",
    "brand": "L'Oreal",
    "price": 19.5,
    "orgPrice": 39,
    "categoryId": [
      "health-beauty"
    ],
    "imagePath": "https://shop.coles.com.au/wcsstore/Coles-CAS/images/3/5/5/3557889.jpg",
    "cupPrice": "$39.00 per 100ml",
    "unit": "ea",
    "packageSize": "50ml",
    "barcode": [
      "3600523716470",
      "3600523716586"
    ],
    "isAvailable": true
  },
  {
    "id": "c2731030p-9300830037179",
    "store": "coles",
    "name": "Sensitive Top & Front Loader Laundry Liquid Detergent",
    "brand": "OMO",
    "price": 11,
    "orgPrice": 22,
    "categoryId": [
      "household"
    ],
    "imagePath": "https://shop.coles.com.au/wcsstore/Coles-CAS/images/2/7/3/2731030.jpg",
    "cupPrice": "$5.50 per 1l",
    "unit": "ea",
    "packageSize": "2l",
    "barcode": [
      "9300830037179"
    ],
    "isAvailable": true
  },
  {
    "id": "c2731007p-9300830037070",
    "store": "coles",
    "name": "Active Clean Top & Front Loader Laundry Liquid Detergent",
    "brand": "OMO",
    "price": 11,
    "orgPrice": 22,
    "categoryId": [
      "household"
    ],
    "imagePath": "https://shop.coles.com.au/wcsstore/Coles-CAS/images/2/7/3/2731007.jpg",
    "cupPrice": "$5.50 per 1l",
    "unit": "ea",
    "packageSize": "2l",
    "barcode": [
      "9300830037070"
    ],
    "isAvailable": true
  },
  {
    "id": "c3514740p-8001090985460",
    "store": "coles",
    "name": "Platinum Plus Lemon Dishwashing Tablets",
    "brand": "Fairy",
    "price": 17.5,
    "orgPrice": 35,
    "categoryId": [
      "household"
    ],
    "imagePath": "https://shop.coles.com.au/wcsstore/Coles-CAS/images/3/5/1/3514740.jpg",
    "cupPrice": "$0.39 per 1ea",
    "unit": "ea",
    "packageSize": "45 pack",
    "barcode": [
      "8001090985460"
    ],
    "isAvailable": true
  },
  {
    "id": "c3514730p-8001090985439",
    "store": "coles",
    "name": "Platinum Plus Lemon Dishwashing Tablets",
    "brand": "Fairy",
    "price": 15,
    "orgPrice": 30,
    "categoryId": [
      "household"
    ],
    "imagePath": "https://shop.coles.com.au/wcsstore/Coles-CAS/images/3/5/1/3514730.jpg",
    "cupPrice": "$0.50 per 1ea",
    "unit": "ea",
    "packageSize": "30 pack",
    "barcode": [
      "8001090985439"
    ],
    "isAvailable": true
  },
  {
    "id": "c3774923p-9350376004524",
    "store": "coles",
    "name": "Advanced Clean Laundry Powder",
    "brand": "Cold Power",
    "price": 8.75,
    "orgPrice": 17.5,
    "categoryId": [
      "household"
    ],
    "imagePath": "https://shop.coles.com.au/wcsstore/Coles-CAS/images/3/7/7/3774923.jpg",
    "cupPrice": "$4.38 per 1kg",
    "unit": "ea",
    "packageSize": "2kg",
    "barcode": [
      "9350376004524"
    ],
    "isAvailable": true
  },
  {
    "id": "c3774581p-9350376003848",
    "store": "coles",
    "name": "Advanced Clean Laundry Liquid",
    "brand": "Cold Power",
    "price": 8.75,
    "orgPrice": 17.5,
    "categoryId": [
      "household"
    ],
    "imagePath": "https://shop.coles.com.au/wcsstore/Coles-CAS/images/3/7/7/3774581.jpg",
    "cupPrice": "$4.38 per 1l",
    "unit": "ea",
    "packageSize": "2l",
    "barcode": [
      "9350376003848"
    ],
    "isAvailable": true
  },
  {
    "id": "c8106694p-9300632075461",
    "store": "coles",
    "name": "Ultra Dry Skin Dishwashing Liquid",
    "brand": "Palmolive",
    "price": 2.75,
    "orgPrice": 5.5,
    "categoryId": [
      "household"
    ],
    "imagePath": "https://shop.coles.com.au/wcsstore/Coles-CAS/images/8/1/0/8106694.jpg",
    "cupPrice": "$0.37 per 100ml",
    "unit": "ea",
    "packageSize": "750ml",
    "barcode": [
      "9300632075461"
    ],
    "isAvailable": true
  },
  {
    "id": "c8106672p-9300632075508",
    "store": "coles",
    "name": "Ultra Antibacterial Dishwashing Liquid",
    "brand": "Palmolive",
    "price": 2.75,
    "orgPrice": 5.5,
    "categoryId": [
      "household"
    ],
    "imagePath": "https://shop.coles.com.au/wcsstore/Coles-CAS/images/8/1/0/8106672.jpg",
    "cupPrice": "$0.37 per 100ml",
    "unit": "ea",
    "packageSize": "750ml",
    "barcode": [
      "9300632075508"
    ],
    "isAvailable": true
  },
  {
    "id": "c4826068p-9300632065875",
    "store": "coles",
    "name": "Eucalyptus Power Stain Remover",
    "brand": "Sard Wonder",
    "price": 3.5,
    "orgPrice": 7,
    "categoryId": [
      "household"
    ],
    "imagePath": "https://shop.coles.com.au/wcsstore/Coles-CAS/images/4/8/2/4826068.jpg",
    "cupPrice": "$3.50 per 1kg",
    "unit": "ea",
    "packageSize": "1kg",
    "barcode": [
      "9300632065875",
      "9350376000717"
    ],
    "isAvailable": true
  },
  {
    "id": "c1276823p-9350376000731",
    "store": "coles",
    "name": "Ultra Whitening Stain Remover Soaker",
    "brand": "Sard Wonder",
    "price": 3.5,
    "orgPrice": 7,
    "categoryId": [
      "household"
    ],
    "imagePath": "https://shop.coles.com.au/wcsstore/Coles-CAS/images/1/2/7/1276823.jpg",
    "cupPrice": "$3.50 per 1kg",
    "unit": "ea",
    "packageSize": "1kg",
    "barcode": [
      "9350376000731",
      "9300632082513"
    ],
    "isAvailable": true
  },
  {
    "id": "c2731561p-9300830033959",
    "store": "coles",
    "name": "Active Clean Front & Top Loader Laundry Detergent Washing Powder",
    "brand": "OMO",
    "price": 11,
    "orgPrice": 22,
    "categoryId": [
      "household"
    ],
    "imagePath": "https://shop.coles.com.au/wcsstore/Coles-CAS/images/2/7/3/2731561.jpg",
    "cupPrice": "$5.50 per 1kg",
    "unit": "ea",
    "packageSize": "2kg",
    "barcode": [
      "9300830033959"
    ],
    "isAvailable": true
  },
  {
    "id": "c2731776p-9300830034017",
    "store": "coles",
    "name": "Sensitive Top & Front Loader Laundry Detergent Washing Powder",
    "brand": "OMO",
    "price": 11,
    "orgPrice": 22,
    "categoryId": [
      "household"
    ],
    "imagePath": "https://shop.coles.com.au/wcsstore/Coles-CAS/images/2/7/3/2731776.jpg",
    "cupPrice": "$5.50 per 1kg",
    "unit": "ea",
    "packageSize": "2kg",
    "barcode": [
      "9300830034017"
    ],
    "isAvailable": true
  },
  {
    "id": "c3774606p-9350376003923",
    "store": "coles",
    "name": "Advanced Clean Sensitive Pure Clean Laundry Liquid",
    "brand": "Cold Power",
    "price": 8.75,
    "orgPrice": 17.5,
    "categoryId": [
      "household"
    ],
    "imagePath": "https://shop.coles.com.au/wcsstore/Coles-CAS/images/3/7/7/3774606.jpg",
    "cupPrice": "$4.38 per 1l",
    "unit": "ea",
    "packageSize": "2l",
    "barcode": [
      "9350376003923"
    ],
    "isAvailable": true
  },
  {
    "id": "c3774934p-9350376004579",
    "store": "coles",
    "name": "Sensitive Pure Clean Laundry Powder",
    "brand": "Cold Power",
    "price": 8.75,
    "orgPrice": 17.5,
    "categoryId": [
      "household"
    ],
    "imagePath": "https://shop.coles.com.au/wcsstore/Coles-CAS/images/3/7/7/3774934.jpg",
    "cupPrice": "$4.38 per 1kg",
    "unit": "ea",
    "packageSize": "2kg",
    "barcode": [
      "9350376004579"
    ],
    "isAvailable": true
  },
  {
    "id": "c8106719p-9300632075492",
    "store": "coles",
    "name": "Ultra Original Dishwashing Liquid",
    "brand": "Palmolive",
    "price": 2.75,
    "orgPrice": 5.5,
    "categoryId": [
      "household"
    ],
    "imagePath": "https://shop.coles.com.au/wcsstore/Coles-CAS/images/8/1/0/8106719.jpg",
    "cupPrice": "$0.37 per 100ml",
    "unit": "ea",
    "packageSize": "750ml",
    "barcode": [
      "9300632075492"
    ],
    "isAvailable": true
  },
  {
    "id": "c2900534p-9300830041596",
    "store": "coles",
    "name": "Comfort Front & Top Loader Laundry Liquid",
    "brand": "OMO",
    "price": 11,
    "orgPrice": 22,
    "categoryId": [
      "household"
    ],
    "imagePath": "https://shop.coles.com.au/wcsstore/Coles-CAS/images/2/9/0/2900534.jpg",
    "cupPrice": "$5.50 per 1l",
    "unit": "ea",
    "packageSize": "2l",
    "barcode": [
      "9300830041596"
    ],
    "isAvailable": true
  },
  {
    "id": "c2823739p-9350376000359",
    "store": "coles",
    "name": "Liquid Capsules",
    "brand": "Cold Power",
    "price": 6,
    "orgPrice": 12,
    "categoryId": [
      "household"
    ],
    "imagePath": "https://shop.coles.com.au/wcsstore/Coles-CAS/images/2/8/2/2823739.jpg",
    "cupPrice": "$0.33 per 1ea",
    "unit": "ea",
    "packageSize": "18 pack",
    "barcode": [
      "9350376000359"
    ],
    "isAvailable": true
  },
  {
    "id": "c3645013p-3086123566385",
    "store": "coles",
    "name": "Mega Lighters",
    "brand": "Bic",
    "price": 6,
    "orgPrice": 12,
    "categoryId": [
      "household"
    ],
    "imagePath": "https://shop.coles.com.au/wcsstore/Coles-CAS/images/3/6/4/3645013.jpg",
    "cupPrice": "$3.00 per 1ea",
    "unit": "ea",
    "packageSize": "2 pack",
    "barcode": [
      "3086123566385"
    ],
    "isAvailable": true
  },
  {
    "id": "c3774592p-9350376003886",
    "store": "coles",
    "name": "Lemon Advanced Laundry Liquid",
    "brand": "Cold Power",
    "price": 8.75,
    "orgPrice": 17.5,
    "categoryId": [
      "household"
    ],
    "imagePath": "https://shop.coles.com.au/wcsstore/Coles-CAS/images/3/7/7/3774592.jpg",
    "cupPrice": "$4.38 per 1l",
    "unit": "ea",
    "packageSize": "2l",
    "barcode": [
      "9350376003886"
    ],
    "isAvailable": true
  },
  {
    "id": "c3774526p-9350376003947",
    "store": "coles",
    "name": "Clean & Fresh Advanced Laundry Liquid",
    "brand": "Cold Power",
    "price": 8.75,
    "orgPrice": 17.5,
    "categoryId": [
      "household"
    ],
    "imagePath": "https://shop.coles.com.au/wcsstore/Coles-CAS/images/3/7/7/3774526.jpg",
    "cupPrice": "$4.86 per 1l",
    "unit": "ea",
    "packageSize": "1.8l",
    "barcode": [
      "9350376003947"
    ],
    "isAvailable": true
  },
  {
    "id": "c2823740p",
    "store": "coles",
    "name": "Sensitive Capsules",
    "brand": "Cold Power",
    "price": 6,
    "orgPrice": 12,
    "categoryId": [
      "household"
    ],
    "imagePath": "https://shop.coles.com.au/wcsstore/Coles-CAS/images/2/8/2/2823740.jpg",
    "cupPrice": "$0.33 per 1ea",
    "unit": "ea",
    "packageSize": "18 pack",
    "barcode": null,
    "isAvailable": true
  },
  {
    "id": "c3196168p",
    "store": "coles",
    "name": "Professional Capsules",
    "brand": "Dynamo",
    "price": 6.25,
    "orgPrice": 12.5,
    "categoryId": [
      "household"
    ],
    "imagePath": "https://shop.coles.com.au/wcsstore/Coles-CAS/images/3/1/9/3196168.jpg",
    "cupPrice": "$0.39 per 1ea",
    "unit": "ea",
    "packageSize": "16 pack",
    "barcode": null,
    "isAvailable": true
  },
  {
    "id": "c1837669p-9300632082896",
    "store": "coles",
    "name": "Ultra Concentrate Divine Blends Dishwashing Liquid",
    "brand": "Palmolive",
    "price": 2.75,
    "orgPrice": 5.5,
    "categoryId": [
      "household"
    ],
    "imagePath": "https://shop.coles.com.au/wcsstore/Coles-CAS/images/1/8/3/1837669.jpg",
    "cupPrice": "$0.39 per 100ml",
    "unit": "ea",
    "packageSize": "700ml",
    "barcode": [
      "9300632082896"
    ],
    "isAvailable": true
  },
  {
    "id": "c3315890p-9300701708498",
    "store": "coles",
    "name": "Napisan Gold Pro Oxi Action Powder Fabric Stain Remover",
    "brand": "Vanish",
    "price": 6,
    "orgPrice": 12,
    "categoryId": [
      "household"
    ],
    "imagePath": "https://shop.coles.com.au/wcsstore/Coles-CAS/images/3/3/1/3315890.jpg",
    "cupPrice": "$6.67 per 1kg",
    "unit": "ea",
    "packageSize": "900g",
    "barcode": [
      "9300701708498"
    ],
    "isAvailable": true
  },
  {
    "id": "c5954187p-9310706123110",
    "store": "coles",
    "name": "Stainless Steel Toilet Brush Set",
    "brand": "Oates",
    "price": 6.5,
    "orgPrice": 13,
    "categoryId": [
      "household"
    ],
    "imagePath": "https://shop.coles.com.au/wcsstore/Coles-CAS/images/5/9/5/5954187.jpg",
    "cupPrice": "$6.50 per 1ea",
    "unit": "ea",
    "packageSize": "1 each",
    "barcode": [
      "9310706123110",
      "9310124702430",
      "9310124531047",
      "9310124705509"
    ],
    "isAvailable": true
  },
  {
    "id": "c3196667p",
    "store": "coles",
    "name": "Black Wash Laundry Liquid 1L",
    "brand": "Radiant",
    "price": 5,
    "orgPrice": 10,
    "categoryId": [
      "household"
    ],
    "imagePath": "https://shop.coles.com.au/wcsstore/Coles-CAS/images/3/1/9/3196667.jpg",
    "cupPrice": "$5.00 per 1l",
    "unit": "ea",
    "packageSize": "1l",
    "barcode": null,
    "isAvailable": true
  },
  {
    "id": "c3041300p-5011417567111",
    "store": "coles",
    "name": "VI Poo Fruity Pin Up",
    "brand": "Air Wick",
    "price": 5,
    "orgPrice": 10,
    "categoryId": [
      "household"
    ],
    "imagePath": "https://shop.coles.com.au/wcsstore/Coles-CAS/images/3/0/4/3041300.jpg",
    "cupPrice": "$9.09 per 100ml",
    "unit": "ea",
    "packageSize": "55ml",
    "barcode": [
      "5011417567111"
    ],
    "isAvailable": true
  },
  {
    "id": "c3475853p-9350376003404",
    "store": "coles",
    "name": "Floral Apple & Water Lily Scent Switch Toilet Cleaner",
    "brand": "Bref",
    "price": 3,
    "orgPrice": 6,
    "categoryId": [
      "household"
    ],
    "imagePath": "https://shop.coles.com.au/wcsstore/Coles-CAS/images/3/4/7/3475853.jpg",
    "cupPrice": "$6.00 per 100g",
    "unit": "ea",
    "packageSize": "50g",
    "barcode": [
      "9350376003404"
    ],
    "isAvailable": true
  },
  {
    "id": "c7897233p-8888021204445",
    "store": "coles",
    "name": "Advanced Max Plus AA Alkaline Batteries",
    "brand": "Energizer",
    "price": 8.35,
    "orgPrice": 16.8,
    "categoryId": [
      "household"
    ],
    "imagePath": "https://shop.coles.com.au/wcsstore/Coles-CAS/images/7/8/9/7897233.jpg",
    "cupPrice": "$0.84 per 1ea",
    "unit": "ea",
    "packageSize": "10 pack",
    "barcode": [
      "8888021204445"
    ],
    "isAvailable": true
  },
  {
    "id": "c1149280p-9300701005115",
    "store": "coles",
    "name": "Touch of Luxury Reed Diffuser Midnight Blackberry & Vanilla Silk",
    "brand": "Air Wick",
    "price": 5.5,
    "orgPrice": 11,
    "categoryId": [
      "household"
    ],
    "imagePath": "https://shop.coles.com.au/wcsstore/Coles-CAS/images/1/1/4/1149280.jpg",
    "cupPrice": "$11.00 per 100ml",
    "unit": "ea",
    "packageSize": "50ml",
    "barcode": [
      "9300701005115"
    ],
    "isAvailable": true
  },
  {
    "id": "c3476040p-9350376002186",
    "store": "coles",
    "name": "Power Active Juicy Lemon Toilet Cleaner",
    "brand": "Bref",
    "price": 6.5,
    "orgPrice": 13,
    "categoryId": [
      "household"
    ],
    "imagePath": "https://shop.coles.com.au/wcsstore/Coles-CAS/images/3/4/7/3476040.jpg",
    "cupPrice": "$4.33 per 100g",
    "unit": "ea",
    "packageSize": "3 pack",
    "barcode": [
      "9350376002186"
    ],
    "isAvailable": true
  },
  {
    "id": "c3774537p-9350376003978",
    "store": "coles",
    "name": "Advanced Clean & Smooth Laundry Liquid",
    "brand": "Cold Power",
    "price": 8.75,
    "orgPrice": 17.5,
    "categoryId": [
      "household"
    ],
    "imagePath": "https://shop.coles.com.au/wcsstore/Coles-CAS/images/3/7/7/3774537.jpg",
    "cupPrice": "$4.86 per 1l",
    "unit": "ea",
    "packageSize": "1.8l",
    "barcode": [
      "9350376003978"
    ],
    "isAvailable": true
  },
  {
    "id": "c5215343p-9326489675883",
    "store": "coles",
    "name": "Mens Guyfront Trunks Large",
    "brand": "Bonds",
    "price": 11,
    "orgPrice": 22,
    "categoryId": [
      "household"
    ],
    "imagePath": "https://shop.coles.com.au/wcsstore/Coles-CAS/images/5/2/1/5215343.jpg",
    "cupPrice": "",
    "unit": "ea",
    "packageSize": "1 pack",
    "barcode": [
      "9326489675883",
      "9351257277938",
      "9313022343736",
      "9312997027917",
      "9354779872988",
      "9326489556229",
      "9354009767343",
      "9351257518420",
      "9354009329350",
      "9312993757221",
      "9311497460668",
      "9312997339966",
      "9354779877518",
      "9352762216719",
      "9354009433774",
      "9312758955152",
      "9313022343729",
      "9352762000738",
      "9352762253882",
      "9351950664387",
      "9351257431408",
      "9342830294336",
      "9354779556574",
      "9337367016261",
      "9313366909582",
      "9350461836771",
      "9351950072496",
      "9354779873015",
      "9354779556406",
      "9311497965361",
      "9311497460811",
      "9352762767976",
      "9352762787134",
      "9351950017596",
      "9354779877488",
      "9311497460712",
      "9352762554163",
      "9354779556376",
      "9337367229357",
      "9312997342089",
      "9312997581532",
      "9310259861927",
      "9352762780432",
      "9354009814184",
      "9354779510217",
      "9351257800402",
      "9352762780319",
      "9352762780104",
      "9351950494397",
      "9312997020123",
      "9354009034759",
      "9354779530703",
      "9354009814153",
      "9354779556543",
      "9313366988037",
      "9351257056052",
      "9312688848708",
      "9352762787066",
      "9312997186577",
      "9311497965354",
      "9310308801362",
      "9354779510248",
      "9351257800419"
    ],
    "isAvailable": true
  },
  {
    "id": "c3295454p",
    "store": "coles",
    "name": "Max Plus AAA Battery",
    "brand": "Energizer",
    "price": 8.35,
    "orgPrice": 16.7,
    "categoryId": [
      "household"
    ],
    "imagePath": "https://shop.coles.com.au/wcsstore/Coles-CAS/images/3/2/9/3295454.jpg",
    "cupPrice": "$0.84 per 1ea",
    "unit": "ea",
    "packageSize": "10 pack",
    "barcode": null,
    "isAvailable": true
  },
  {
    "id": "c3475875p-9350376003428",
    "store": "coles",
    "name": "Scent Switch Marine Aromatic & Citrus Toilet Cleaner",
    "brand": "Bref",
    "price": 3,
    "orgPrice": 6,
    "categoryId": [
      "household"
    ],
    "imagePath": "https://shop.coles.com.au/wcsstore/Coles-CAS/images/3/4/7/3475875.jpg",
    "cupPrice": "$6.00 per 100g",
    "unit": "ea",
    "packageSize": "50g",
    "barcode": [
      "9350376003428"
    ],
    "isAvailable": true
  },
  {
    "id": "c3629797p-400003549146",
    "store": "coles",
    "name": "1089s Ladies Bikini Briefs Size 12",
    "brand": "Bonds",
    "price": 9,
    "orgPrice": 18,
    "categoryId": [
      "household"
    ],
    "imagePath": "https://shop.coles.com.au/wcsstore/Coles-CAS/images/3/6/2/3629797.jpg",
    "cupPrice": "$4.50 per 1ea",
    "unit": "ea",
    "packageSize": "2 pack",
    "barcode": [
      "400003549146",
      "9354779527949",
      "9352762620172",
      "9312997314758",
      "9312997314703",
      "9312997034052",
      "9354779528274",
      "9352762620226",
      "9354779882147",
      "9312997180100",
      "9312997180155",
      "9354779513607"
    ],
    "isAvailable": true
  },
  {
    "id": "c3041296p-5011417567104",
    "store": "coles",
    "name": "VI Poo Lemon Idol",
    "brand": "Air Wick",
    "price": 5,
    "orgPrice": 10,
    "categoryId": [
      "household"
    ],
    "imagePath": "https://shop.coles.com.au/wcsstore/Coles-CAS/images/3/0/4/3041296.jpg",
    "cupPrice": "$9.09 per 100ml",
    "unit": "ea",
    "packageSize": "55ml",
    "barcode": [
      "5011417567104"
    ],
    "isAvailable": true
  },
  {
    "id": "c3476062p-9350376003565",
    "store": "coles",
    "name": "Purple Active Lavender Toilet Cleaner",
    "brand": "Bref",
    "price": 6.5,
    "orgPrice": 13,
    "categoryId": [
      "household"
    ],
    "imagePath": "https://shop.coles.com.au/wcsstore/Coles-CAS/images/3/4/7/3476062.jpg",
    "cupPrice": "$4.33 per 100g",
    "unit": "ea",
    "packageSize": "3 pack",
    "barcode": [
      "9350376003565"
    ],
    "isAvailable": true
  },
  {
    "id": "c1149327p-9300701005061",
    "store": "coles",
    "name": "Freesia & Jasmine Reed Diffuser",
    "brand": "Air Wick",
    "price": 5.5,
    "orgPrice": 11,
    "categoryId": [
      "household"
    ],
    "imagePath": "https://shop.coles.com.au/wcsstore/Coles-CAS/images/1/1/4/1149327.jpg",
    "cupPrice": "$11.00 per 100ml",
    "unit": "ea",
    "packageSize": "50ml",
    "barcode": [
      "9300701005061"
    ],
    "isAvailable": true
  },
  {
    "id": "c3315904p-9300701708504",
    "store": "coles",
    "name": "Stain Remover Fabric Powder",
    "brand": "Vanish",
    "price": 6,
    "orgPrice": 12,
    "categoryId": [
      "household"
    ],
    "imagePath": "https://shop.coles.com.au/wcsstore/Coles-CAS/images/3/3/1/3315904.jpg",
    "cupPrice": "$6.67 per 1kg",
    "unit": "ea",
    "packageSize": "900g",
    "barcode": [
      "9300701708504"
    ],
    "isAvailable": true
  },
  {
    "id": "c3629786p-9354779882130",
    "store": "coles",
    "name": "1089s Ladies Bikini Briefs Size 10",
    "brand": "Bonds",
    "price": 9,
    "orgPrice": 18,
    "categoryId": [
      "household"
    ],
    "imagePath": "https://shop.coles.com.au/wcsstore/Coles-CAS/images/3/6/2/3629786.jpg",
    "cupPrice": "$4.50 per 1ea",
    "unit": "ea",
    "packageSize": "2 pack",
    "barcode": [
      "9354779882130",
      "9312997314741",
      "9352762620165",
      "9312997180094",
      "9354779513591",
      "9352762620219",
      "9354779527932",
      "9312997180148",
      "9354779528267",
      "9312997034045",
      "400003549139",
      "9312997314697"
    ],
    "isAvailable": true
  },
  {
    "id": "c3376498p-8710447496770",
    "store": "coles",
    "name": "Triple Laundry Liquid Capsules",
    "brand": "OMO",
    "price": 8,
    "orgPrice": 16,
    "categoryId": [
      "household"
    ],
    "imagePath": "https://shop.coles.com.au/wcsstore/Coles-CAS/images/3/3/7/3376498.jpg",
    "cupPrice": "$0.47 per 1ea",
    "unit": "ea",
    "packageSize": "17 pack",
    "barcode": [
      "8710447496770"
    ],
    "isAvailable": true
  },
  {
    "id": "c3476051p-9350376003558",
    "store": "coles",
    "name": "Blue Active Eucalyptus",
    "brand": "Bref",
    "price": 6.5,
    "orgPrice": 13,
    "categoryId": [
      "household"
    ],
    "imagePath": "https://shop.coles.com.au/wcsstore/Coles-CAS/images/3/4/7/3476051.jpg",
    "cupPrice": "$4.33 per 100g",
    "unit": "ea",
    "packageSize": "3 pack",
    "barcode": [
      "9350376003558"
    ],
    "isAvailable": true
  },
  {
    "id": "c3475864p-9350376003411",
    "store": "coles",
    "name": "Scent Switch Peach & Apple Toilet Cleaner",
    "brand": "Bref",
    "price": 3,
    "orgPrice": 6,
    "categoryId": [
      "household"
    ],
    "imagePath": "https://shop.coles.com.au/wcsstore/Coles-CAS/images/3/4/7/3475864.jpg",
    "cupPrice": "$6.00 per 100g",
    "unit": "ea",
    "packageSize": "50g",
    "barcode": [
      "9350376003411"
    ],
    "isAvailable": true
  },
  {
    "id": "c3505932p-810005410953",
    "store": "coles",
    "name": "Sensitive 80 Wipes",
    "brand": "Rascal And Friends",
    "price": 2.5,
    "orgPrice": 5,
    "categoryId": [
      "baby"
    ],
    "imagePath": "https://shop.coles.com.au/wcsstore/Coles-CAS/images/3/5/0/3505932.jpg",
    "cupPrice": "$2.50 per 1ea",
    "unit": "ea",
    "packageSize": "1 pack",
    "barcode": [
      "810005410953"
    ],
    "isAvailable": true
  }
]