[
  {
    "apiUrl": "https://shop.coles.com.au/search/resources/store/20529/productview/bySeoUrlKeyword/mr-kipling-french-fancies-9pk?catalogId=27101",
    "id": "c3217654p-5000221655978",
    "store": "coles",
    "name": "French Fancies Selection Cakes 8 Pack",
    "brand": "Mr Kipling",
    "price": 2.5,
    "orgPrice": 5,
    "categoryIds": ["bakery"],
    "imagePath": "https://shop.coles.com.au/wcsstore/Coles-CAS/images/3/2/1/3217654.jpg",
    "cupPrice": "$1.22 per 100g",
    "unit": "ea",
    "packageSize": "205g",
    "barcode": ["5000221655978", "5000221605973"],
    "isAvailable": true,
    "locations": ["vic", "sa", "qld", "nsw", "wa", "tas", "act", "nt"]
  },
  {
    "apiUrl": "https://shop.coles.com.au/search/resources/store/20529/productview/bySeoUrlKeyword/wonder-wraps-wraps-hi-fibre-plus-6-pack?catalogId=27101",
    "id": "c1704600p-9310023139955",
    "store": "coles",
    "name": "Hi Fibre Soft Wraps 6 pack",
    "brand": "Wonder White",
    "price": 2,
    "orgPrice": 4,
    "categoryIds": ["bakery"],
    "imagePath": "https://shop.coles.com.au/wcsstore/Coles-CAS/images/1/7/0/1704600.jpg",
    "cupPrice": "$0.64 per 100g",
    "unit": "ea",
    "packageSize": "312g",
    "barcode": ["9310023139955"],
    "isAvailable": true,
    "locations": ["vic", "sa", "qld", "nsw", "wa", "tas", "act", "nt"]
  },
  {
    "apiUrl": "https://shop.coles.com.au/search/resources/store/20529/productview/bySeoUrlKeyword/cadbury-chocolate-cake-bar-10pk?catalogId=27101",
    "id": "c3475547p-5000221603191",
    "store": "coles",
    "name": "Milk Chocolate Cake Bars 10 Pack",
    "brand": "Cadbury",
    "price": 2.5,
    "orgPrice": 5.5,
    "categoryIds": ["bakery"],
    "imagePath": "https://shop.coles.com.au/wcsstore/Coles-CAS/images/3/4/7/3475547.jpg",
    "cupPrice": "$1.19 per 100g",
    "unit": "ea",
    "packageSize": "210g",
    "barcode": ["5000221603191"],
    "isAvailable": true,
    "locations": ["vic"]
  },
  {
    "apiUrl": "https://shop.coles.com.au/search/resources/store/20529/productview/bySeoUrlKeyword/vittoria-coffee-mountain-grown-beans?catalogId=27101",
    "id": "c8686572p-9310631622764",
    "store": "coles",
    "name": "Mountain Grown Coffee Beans",
    "brand": "Vittoria",
    "price": 18.25,
    "orgPrice": 36.5,
    "categoryIds": ["pantry", "drinks"],
    "imagePath": "https://shop.coles.com.au/wcsstore/Coles-CAS/images/8/6/8/8686572.jpg",
    "cupPrice": "$1.83 per 100g",
    "unit": "ea",
    "packageSize": "1kg",
    "barcode": ["9310631622764"],
    "isAvailable": true,
    "locations": ["vic", "sa", "qld", "nsw", "wa", "tas", "act", "nt"]
  },
  {
    "apiUrl": "https://shop.coles.com.au/search/resources/store/20529/productview/bySeoUrlKeyword/kelloggs-cereal-coco-pops-8490209p?catalogId=27101",
    "id": "c8490209p-9310055536333",
    "store": "coles",
    "name": "Coco Pops Chocolatey Breakfast Cereal",
    "brand": "Kellogg's",
    "price": 2.7,
    "orgPrice": 5.4,
    "categoryIds": ["pantry"],
    "imagePath": "https://shop.coles.com.au/wcsstore/Coles-CAS/images/8/4/9/8490209.jpg",
    "cupPrice": "$0.72 per 100g",
    "unit": "ea",
    "packageSize": "375g",
    "barcode": ["9310055536333"],
    "isAvailable": true,
    "locations": ["vic", "sa", "qld", "nsw", "wa", "tas", "act", "nt"]
  },
  {
    "apiUrl": "https://shop.coles.com.au/search/resources/store/20529/productview/bySeoUrlKeyword/kelloggs-cereal-sultana-bran-8491212p?catalogId=27101",
    "id": "c8491212p-9310055536364",
    "store": "coles",
    "name": "Sultana Bran High Fibre Breakfast Cereal",
    "brand": "Kellogg's",
    "price": 2.65,
    "orgPrice": 5.3,
    "categoryIds": ["pantry"],
    "imagePath": "https://shop.coles.com.au/wcsstore/Coles-CAS/images/8/4/9/8491212.jpg",
    "cupPrice": "$0.63 per 100g",
    "unit": "ea",
    "packageSize": "420g",
    "barcode": ["9310055536364"],
    "isAvailable": true,
    "locations": ["vic", "sa", "qld", "nsw", "wa", "tas", "act", "nt"]
  },
  {
    "apiUrl": "https://shop.coles.com.au/search/resources/store/20529/productview/bySeoUrlKeyword/kelloggs-cereal-nutri-grain-8491755p?catalogId=27101",
    "id": "c8491755p-9310055536395",
    "store": "coles",
    "name": "Nutri-Grain Protein Breakfast Cereal",
    "brand": "Kellogg's",
    "price": 2.47,
    "orgPrice": 4.95,
    "categoryIds": ["pantry"],
    "imagePath": "https://shop.coles.com.au/wcsstore/Coles-CAS/images/8/4/9/8491755.jpg",
    "cupPrice": "$0.85 per 100g",
    "unit": "ea",
    "packageSize": "290g",
    "barcode": ["9310055536395"],
    "isAvailable": true,
    "locations": ["vic", "sa", "qld", "nsw", "wa", "tas", "act", "nt"]
  },
  {
    "apiUrl": "https://shop.coles.com.au/search/resources/store/20529/productview/bySeoUrlKeyword/thins-potato-chips-light-tangy?catalogId=27101",
    "id": "c6833927p-9310988009294",
    "store": "coles",
    "name": "Light & Tangy Potato Chips",
    "brand": "Thins",
    "price": 1.75,
    "orgPrice": null,
    "categoryIds": ["pantry"],
    "imagePath": "https://shop.coles.com.au/wcsstore/Coles-CAS/images/6/8/3/6833927.jpg",
    "cupPrice": "$1.00 per 100g",
    "unit": "ea",
    "packageSize": "175g",
    "barcode": ["9310988009294"],
    "isAvailable": true,
    "locations": ["vic", "sa", "qld", "nsw", "wa", "tas", "act", "nt"]
  },
  {
    "apiUrl": "https://shop.coles.com.au/search/resources/store/20529/productview/bySeoUrlKeyword/thins-potato-chips-original?catalogId=27101",
    "id": "c6833891p-9310988009287",
    "store": "coles",
    "name": "Original Potato Chips",
    "brand": "Thins",
    "price": 1.75,
    "orgPrice": 3.5,
    "categoryIds": ["pantry"],
    "imagePath": "https://shop.coles.com.au/wcsstore/Coles-CAS/images/6/8/3/6833891.jpg",
    "cupPrice": "$1.00 per 100g",
    "unit": "ea",
    "packageSize": "175g",
    "barcode": ["9310988009287"],
    "isAvailable": true,
    "locations": ["vic", "sa", "qld", "nsw", "wa", "tas", "act", "nt"]
  },
  {
    "apiUrl": "https://shop.coles.com.au/search/resources/store/20529/productview/bySeoUrlKeyword/la-espanola-extra-virgin-olive-oil-5833943p?catalogId=27101",
    "id": "c5833943p-400003457830",
    "store": "coles",
    "name": "Extra Virgin Olive Oil",
    "brand": "La Espanola",
    "price": 4.5,
    "orgPrice": 9,
    "categoryIds": ["pantry"],
    "imagePath": "https://shop.coles.com.au/wcsstore/Coles-CAS/images/5/8/3/5833943.jpg",
    "cupPrice": "$0.90 per 100ml",
    "unit": "ea",
    "packageSize": "500ml",
    "barcode": ["400003457830", "8410660510115"],
    "isAvailable": true,
    "locations": ["vic", "sa", "qld", "nsw", "wa", "tas", "act", "nt"]
  },
  {
    "apiUrl": "https://shop.coles.com.au/search/resources/store/20529/productview/bySeoUrlKeyword/vittoria-coffee-mountain-grwn-grnd?catalogId=27101",
    "id": "c9180375p-9310631616091",
    "store": "coles",
    "name": "Mountain Grown Ground Coffee",
    "brand": "Vittoria",
    "price": 18.25,
    "orgPrice": 36.5,
    "categoryIds": ["pantry", "drinks"],
    "imagePath": "https://shop.coles.com.au/wcsstore/Coles-CAS/images/9/1/8/9180375.jpg",
    "cupPrice": "$1.83 per 100g",
    "unit": "ea",
    "packageSize": "1kg",
    "barcode": ["9310631616091"],
    "isAvailable": true,
    "locations": ["vic", "sa", "qld", "nsw", "wa", "tas", "act", "nt"]
  },
  {
    "apiUrl": "https://shop.coles.com.au/search/resources/store/20529/productview/bySeoUrlKeyword/vittoria-organic-coffee-beans?catalogId=27101",
    "id": "c2002095p-9310631627691",
    "store": "coles",
    "name": "Organic Espresso Coffee Beans",
    "brand": "Vittoria",
    "price": 18.25,
    "orgPrice": 36.5,
    "categoryIds": ["pantry", "drinks"],
    "imagePath": "https://shop.coles.com.au/wcsstore/Coles-CAS/images/2/0/0/2002095.jpg",
    "cupPrice": "$1.83 per 100g",
    "unit": "ea",
    "packageSize": "1kg",
    "barcode": ["9310631627691"],
    "isAvailable": true,
    "locations": ["vic", "sa", "qld", "nsw", "wa", "tas", "act", "nt"]
  },
  {
    "apiUrl": "https://shop.coles.com.au/search/resources/store/20529/productview/bySeoUrlKeyword/cadbury-family-block-chocolate-hazelnut?catalogId=27101",
    "id": "c2351720p-9300617075462",
    "store": "coles",
    "name": "Dairy Milk Hazelnut Chocolate Family Block",
    "brand": "Cadbury",
    "price": 2.5,
    "orgPrice": 5,
    "categoryIds": ["pantry"],
    "imagePath": "https://shop.coles.com.au/wcsstore/Coles-CAS/images/2/3/5/2351720.jpg",
    "cupPrice": "$1.39 per 100g",
    "unit": "ea",
    "packageSize": "180g",
    "barcode": ["9300617075462", "9300617041221", "9300617064923"],
    "isAvailable": true,
    "locations": ["vic", "sa", "qld", "nsw", "wa", "tas", "act", "nt"]
  },
  {
    "apiUrl": "https://shop.coles.com.au/search/resources/store/20529/productview/bySeoUrlKeyword/cadbury-family-block-chocolate-top-deck?catalogId=27101",
    "id": "c2351607p-9300617075486",
    "store": "coles",
    "name": "Dairy Milk Top Deck Chocolate Block",
    "brand": "Cadbury",
    "price": 2.5,
    "orgPrice": 5,
    "categoryIds": ["pantry"],
    "imagePath": "https://shop.coles.com.au/wcsstore/Coles-CAS/images/2/3/5/2351607.jpg",
    "cupPrice": "$1.39 per 100g",
    "unit": "ea",
    "packageSize": "180g",
    "barcode": ["9300617075486", "9300617065074", "9300617041276"],
    "isAvailable": true,
    "locations": ["vic", "sa", "qld", "nsw", "wa", "tas", "act", "nt"]
  },
  {
    "apiUrl": "https://shop.coles.com.au/search/resources/store/20529/productview/bySeoUrlKeyword/cadbury-family-block-chocolate-dairy-milk?catalogId=27101",
    "id": "c2351709p-9300617041092",
    "store": "coles",
    "name": "Dairy Milk Chocolate Block",
    "brand": "Cadbury",
    "price": 2.5,
    "orgPrice": 5,
    "categoryIds": ["pantry"],
    "imagePath": "https://shop.coles.com.au/wcsstore/Coles-CAS/images/2/3/5/2351709.jpg",
    "cupPrice": "$1.39 per 100g",
    "unit": "ea",
    "packageSize": "180g",
    "barcode": ["9300617041092", "9300617064879", "9300617075509"],
    "isAvailable": true,
    "locations": ["vic", "sa", "qld", "nsw", "wa", "tas", "act", "nt"]
  },
  {
    "apiUrl": "https://shop.coles.com.au/search/resources/store/20529/productview/bySeoUrlKeyword/cadbury-favourites-3571992p?catalogId=27101",
    "id": "c3571992p-9300617075295",
    "store": "coles",
    "name": "Favourites",
    "brand": "Cadbury",
    "price": 7,
    "orgPrice": 14,
    "categoryIds": ["pantry"],
    "imagePath": "https://shop.coles.com.au/wcsstore/Coles-CAS/images/3/5/7/3571992.jpg",
    "cupPrice": "$1.88 per 100g",
    "unit": "ea",
    "packageSize": "373g",
    "barcode": ["9300617075295"],
    "isAvailable": true,
    "locations": ["vic", "sa", "qld", "nsw", "wa", "tas", "act", "nt"]
  },
  {
    "apiUrl": "https://shop.coles.com.au/search/resources/store/20529/productview/bySeoUrlKeyword/cadbury-family-block-marble?catalogId=27101",
    "id": "c3761171p-9300617075653",
    "store": "coles",
    "name": "Family Block Chocolate Marble",
    "brand": "Cadbury",
    "price": 2.5,
    "orgPrice": 5,
    "categoryIds": ["pantry"],
    "imagePath": "https://shop.coles.com.au/wcsstore/Coles-CAS/images/3/7/6/3761171.jpg",
    "cupPrice": "$1.45 per 100g",
    "unit": "ea",
    "packageSize": "173g",
    "barcode": ["9300617075653"],
    "isAvailable": true,
    "locations": ["vic", "sa", "qld", "nsw", "wa", "tas", "act", "nt"]
  },
  {
    "apiUrl": "https://shop.coles.com.au/search/resources/store/20529/productview/bySeoUrlKeyword/uncle-tobys-oats-quick-sachets-10-pack?catalogId=27101",
    "id": "c9720268p-9310060403699",
    "store": "coles",
    "name": "Original Oats Quick Sachets 10 pack",
    "brand": "Uncle Tobys",
    "price": 2.4,
    "orgPrice": 4.8,
    "categoryIds": ["pantry"],
    "imagePath": "https://shop.coles.com.au/wcsstore/Coles-CAS/images/9/7/2/9720268.jpg",
    "cupPrice": "$0.71 per 100g",
    "unit": "ea",
    "packageSize": "340g",
    "barcode": ["9310060403699"],
    "isAvailable": true,
    "locations": ["vic", "sa", "qld", "nsw", "wa", "tas", "act", "nt"]
  },
  {
    "apiUrl": "https://shop.coles.com.au/search/resources/store/20529/productview/bySeoUrlKeyword/kelloggs-cereal-crunchy-nut-cornflakes-8492044p?catalogId=27101",
    "id": "c8492044p-9310055536579",
    "store": "coles",
    "name": "Crunchy Nut Corn Flakes Breakfast Cereal",
    "brand": "Kellogg's",
    "price": 2.47,
    "orgPrice": 4.95,
    "categoryIds": ["pantry"],
    "imagePath": "https://shop.coles.com.au/wcsstore/Coles-CAS/images/8/4/9/8492044.jpg",
    "cupPrice": "$0.65 per 100g",
    "unit": "ea",
    "packageSize": "380g",
    "barcode": ["9310055536579"],
    "isAvailable": true,
    "locations": ["vic", "sa", "qld", "nsw", "wa", "tas", "act", "nt"]
  },
  {
    "apiUrl": "https://shop.coles.com.au/search/resources/store/20529/productview/bySeoUrlKeyword/nice-natural-nut-bar-almond-nut-choc-6-pack?catalogId=27101",
    "id": "c8221386p-9400563448676",
    "store": "coles",
    "name": "Chocolate Almond Nut Bars 6 pack",
    "brand": "Nice & Natural",
    "price": 2,
    "orgPrice": 4,
    "categoryIds": ["pantry"],
    "imagePath": "https://shop.coles.com.au/wcsstore/Coles-CAS/images/8/2/2/8221386.jpg",
    "cupPrice": "$1.11 per 100g",
    "unit": "ea",
    "packageSize": "180g",
    "barcode": ["9400563448676", "9400563740565"],
    "isAvailable": true,
    "locations": ["vic", "sa", "qld", "nsw", "wa", "tas", "act", "nt"]
  },
  {
    "apiUrl": "https://shop.coles.com.au/search/resources/store/20529/productview/bySeoUrlKeyword/thins-potato-chips-salt-vinegar?catalogId=27101",
    "id": "c6833949p-9310988009270",
    "store": "coles",
    "name": "Salt & Vinegar Potato Chips",
    "brand": "Thins",
    "price": 1.75,
    "orgPrice": null,
    "categoryIds": ["pantry"],
    "imagePath": "https://shop.coles.com.au/wcsstore/Coles-CAS/images/6/8/3/6833949.jpg",
    "cupPrice": "$1.00 per 100g",
    "unit": "ea",
    "packageSize": "175g",
    "barcode": ["9310988009270"],
    "isAvailable": true,
    "locations": ["vic", "sa", "qld", "nsw", "wa", "tas", "act", "nt"]
  },
  {
    "apiUrl": "https://shop.coles.com.au/search/resources/store/20529/productview/bySeoUrlKeyword/thins-potato-chips-chicken?catalogId=27101",
    "id": "c6833950p-9310988009478",
    "store": "coles",
    "name": "Chicken Potato Chips",
    "brand": "Thins",
    "price": 1.75,
    "orgPrice": null,
    "categoryIds": ["pantry"],
    "imagePath": "https://shop.coles.com.au/wcsstore/Coles-CAS/images/6/8/3/6833950.jpg",
    "cupPrice": "$1.00 per 100g",
    "unit": "ea",
    "packageSize": "175g",
    "barcode": ["9310988009478"],
    "isAvailable": true,
    "locations": ["vic", "sa", "qld", "nsw", "wa", "tas", "act", "nt"]
  },
  {
    "apiUrl": "https://shop.coles.com.au/search/resources/store/20529/productview/bySeoUrlKeyword/robert-timms-coffee-bags-italian-espresso-style-4965756p?catalogId=27101",
    "id": "c4965756p-9325121003282",
    "store": "coles",
    "name": "Italian Espresso Style Coffee Bags 28 Pack",
    "brand": "Robert Timms",
    "price": 4.82,
    "orgPrice": 9.65,
    "categoryIds": ["pantry", "drinks"],
    "imagePath": "https://shop.coles.com.au/wcsstore/Coles-CAS/images/4/9/6/4965756.jpg",
    "cupPrice": "$30.13 per 1kg",
    "unit": "ea",
    "packageSize": "160g",
    "barcode": ["9325121003282"],
    "isAvailable": true,
    "locations": ["vic", "sa", "qld", "nsw", "wa", "tas", "act", "nt"]
  },
  {
    "apiUrl": "https://shop.coles.com.au/search/resources/store/20529/productview/bySeoUrlKeyword/continental-cup-a-soup-lots-a-noodles-cream-of-chicken?catalogId=27101",
    "id": "c255646p-9300667014756",
    "store": "coles",
    "name": "Cup A Soup Creamy Chicken with Lots of Noodles 2 pack",
    "brand": "Continental",
    "price": 1,
    "orgPrice": 2,
    "categoryIds": ["pantry"],
    "imagePath": "https://shop.coles.com.au/wcsstore/Coles-CAS/images/2/5/5/255646.jpg",
    "cupPrice": "$1.67 per 100g",
    "unit": "ea",
    "packageSize": "60g",
    "barcode": ["9300667014756"],
    "isAvailable": true,
    "locations": ["vic", "sa", "qld", "nsw", "wa", "tas", "act", "nt"]
  },
  {
    "apiUrl": "https://shop.coles.com.au/search/resources/store/20529/productview/bySeoUrlKeyword/mars-bar-chocolate-bar?catalogId=27101",
    "id": "c138201p-9300682001298",
    "store": "coles",
    "name": "Chocolate Bar",
    "brand": "Mars",
    "price": 1,
    "orgPrice": 2,
    "categoryIds": ["pantry"],
    "imagePath": "https://shop.coles.com.au/wcsstore/Coles-CAS/images/1/3/8/138201.jpg",
    "cupPrice": "$1.89 per 100g",
    "unit": "ea",
    "packageSize": "53g",
    "barcode": [
      "9300682001298",
      "93682459",
      "93682084",
      "9300682010757",
      "93682015",
      "9300682016063",
      "9300682042321"
    ],
    "isAvailable": true,
    "locations": ["vic", "sa", "qld", "nsw", "wa", "tas", "act", "nt"]
  },
  {
    "apiUrl": "https://shop.coles.com.au/search/resources/store/20529/productview/bySeoUrlKeyword/nestle-kit-kat-chocolate-bar?catalogId=27101",
    "id": "c136512p-5000189342910",
    "store": "coles",
    "name": "KitKat Milk Chocolate Bar",
    "brand": "Nestle",
    "price": 1,
    "orgPrice": 2,
    "categoryIds": ["pantry"],
    "imagePath": "https://shop.coles.com.au/wcsstore/Coles-CAS/images/1/3/6/136512.jpg",
    "cupPrice": "$2.22 per 100g",
    "unit": "ea",
    "packageSize": "45g",
    "barcode": ["5000189342910", "93600057"],
    "isAvailable": true,
    "locations": ["vic", "sa", "qld", "nsw", "wa", "tas", "act", "nt"]
  },
  {
    "apiUrl": "https://shop.coles.com.au/search/resources/store/20529/productview/bySeoUrlKeyword/kelloggs-cereal-just-right-original-8492678p?catalogId=27101",
    "id": "c8492678p-9310055536616",
    "store": "coles",
    "name": "Just Right Breakfast Cereal With Whole Grains Apricot Pieces And Sultanas",
    "brand": "Kellogg's",
    "price": 2.95,
    "orgPrice": 5.9,
    "categoryIds": ["pantry"],
    "imagePath": "https://shop.coles.com.au/wcsstore/Coles-CAS/images/8/4/9/8492678.jpg",
    "cupPrice": "$0.64 per 100g",
    "unit": "ea",
    "packageSize": "460g",
    "barcode": ["9310055536616"],
    "isAvailable": true,
    "locations": ["vic", "sa", "qld", "nsw", "wa", "tas", "act", "nt"]
  },
  {
    "apiUrl": "https://shop.coles.com.au/search/resources/store/20529/productview/bySeoUrlKeyword/kelloggs-cereal-special-k-8491653p?catalogId=27101",
    "id": "c8491653p-9310055536449",
    "store": "coles",
    "name": "Special K Original Breakfast Cereal with Grain Based Protein",
    "brand": "Kellogg's",
    "price": 2.47,
    "orgPrice": 4.95,
    "categoryIds": ["pantry"],
    "imagePath": "https://shop.coles.com.au/wcsstore/Coles-CAS/images/8/4/9/8491653.jpg",
    "cupPrice": "$0.82 per 100g",
    "unit": "ea",
    "packageSize": "300g",
    "barcode": ["9310055536449"],
    "isAvailable": true,
    "locations": ["vic", "sa", "qld", "nsw", "wa", "tas", "act", "nt"]
  },
  {
    "apiUrl": "https://shop.coles.com.au/search/resources/store/20529/productview/bySeoUrlKeyword/kelloggs-cereal-all-bran-original?catalogId=27101",
    "id": "c9269209p-9310055122994",
    "store": "coles",
    "name": "All-Bran Original High Fibre Breakfast Cereal",
    "brand": "Kellogg's",
    "price": 2.2,
    "orgPrice": 4.4,
    "categoryIds": ["pantry"],
    "imagePath": "https://shop.coles.com.au/wcsstore/Coles-CAS/images/9/2/6/9269209.jpg",
    "cupPrice": "$0.63 per 100g",
    "unit": "ea",
    "packageSize": "350g",
    "barcode": ["9310055122994"],
    "isAvailable": true,
    "locations": ["vic", "sa", "qld", "nsw", "wa", "tas", "act", "nt"]
  },
  {
    "apiUrl": "https://shop.coles.com.au/search/resources/store/20529/productview/bySeoUrlKeyword/cadbury-family-block-chocolate-caramello?catalogId=27101",
    "id": "c2351662p-9300617041184",
    "store": "coles",
    "name": "Dairy Milk Caramello Chocolate Block",
    "brand": "Cadbury",
    "price": 2.5,
    "orgPrice": 5,
    "categoryIds": ["pantry"],
    "imagePath": "https://shop.coles.com.au/wcsstore/Coles-CAS/images/2/3/5/2351662.jpg",
    "cupPrice": "$1.39 per 100g",
    "unit": "ea",
    "packageSize": "180g",
    "barcode": ["9300617041184", "9300617064978", "9300617075448"],
    "isAvailable": true,
    "locations": ["vic", "sa", "qld", "nsw", "wa", "tas", "act", "nt"]
  },
  {
    "apiUrl": "https://shop.coles.com.au/search/resources/store/20529/productview/bySeoUrlKeyword/cadbury-family-block-chocolate-snack?catalogId=27101",
    "id": "c2351618p-9300617065128",
    "store": "coles",
    "name": "Dairy Milk Snack Chocolate Block",
    "brand": "Cadbury",
    "price": 2.5,
    "orgPrice": 5,
    "categoryIds": ["pantry"],
    "imagePath": "https://shop.coles.com.au/wcsstore/Coles-CAS/images/2/3/5/2351618.jpg",
    "cupPrice": "$1.39 per 100g",
    "unit": "ea",
    "packageSize": "180g",
    "barcode": ["9300617065128", "9300617041269"],
    "isAvailable": true,
    "locations": ["vic", "sa", "qld", "nsw", "wa", "tas", "act", "nt"]
  },
  {
    "apiUrl": "https://shop.coles.com.au/search/resources/store/20529/productview/bySeoUrlKeyword/continental-cup-a-soup-laksa?catalogId=27101",
    "id": "c8887042p-9300667022850",
    "store": "coles",
    "name": "Cup A Soup Asian Laksa 2 pack",
    "brand": "Continental",
    "price": 1,
    "orgPrice": 2,
    "categoryIds": ["pantry"],
    "imagePath": "https://shop.coles.com.au/wcsstore/Coles-CAS/images/8/8/8/8887042.jpg",
    "cupPrice": "$1.54 per 100g",
    "unit": "ea",
    "packageSize": "65g",
    "barcode": ["9300667022850"],
    "isAvailable": true,
    "locations": ["vic", "sa", "qld", "nsw", "wa", "tas", "act", "nt"]
  },
  {
    "apiUrl": "https://shop.coles.com.au/search/resources/store/20529/productview/bySeoUrlKeyword/french-fries-potato-chips-original-7117775p?catalogId=27101",
    "id": "c7117775p-9310988010320",
    "store": "coles",
    "name": "Original Potato Chips",
    "brand": "French Fries",
    "price": 1.75,
    "orgPrice": 3.5,
    "categoryIds": ["pantry"],
    "imagePath": "https://shop.coles.com.au/wcsstore/Coles-CAS/images/7/1/1/7117775.jpg",
    "cupPrice": "$1.00 per 100g",
    "unit": "ea",
    "packageSize": "175g",
    "barcode": ["9310988010320"],
    "isAvailable": true,
    "locations": ["vic", "sa", "qld", "nsw", "tas", "act", "nt"]
  },
  {
    "apiUrl": "https://shop.coles.com.au/search/resources/store/20529/productview/bySeoUrlKeyword/la-espanola-olive-oil-mild-light?catalogId=27101",
    "id": "c5833477p-400003457847",
    "store": "coles",
    "name": "Olive Oil Light",
    "brand": "La Espanola",
    "price": 4.5,
    "orgPrice": 9,
    "categoryIds": ["pantry"],
    "imagePath": "https://shop.coles.com.au/wcsstore/Coles-CAS/images/5/8/3/5833477.jpg",
    "cupPrice": "$0.90 per 100ml",
    "unit": "ea",
    "packageSize": "500ml",
    "barcode": ["400003457847", "8410660510139"],
    "isAvailable": true,
    "locations": ["vic", "sa", "qld", "nsw", "wa", "tas", "act", "nt"]
  },
  {
    "apiUrl": "https://shop.coles.com.au/search/resources/store/20529/productview/bySeoUrlKeyword/robert-timms-coffee-bags-mocha-kenya-style?catalogId=27101",
    "id": "c5698633p-9325121003466",
    "store": "coles",
    "name": "Mocha Kenya Style Coffee Bags 28 pack",
    "brand": "Robert Timms",
    "price": 4.82,
    "orgPrice": 9.65,
    "categoryIds": ["pantry", "drinks"],
    "imagePath": "https://shop.coles.com.au/wcsstore/Coles-CAS/images/5/6/9/5698633.jpg",
    "cupPrice": "$0.03 per 1g",
    "unit": "ea",
    "packageSize": "160g",
    "barcode": ["9325121003466"],
    "isAvailable": true,
    "locations": ["vic", "sa", "qld", "nsw", "wa", "tas", "act", "nt"]
  },
  {
    "apiUrl": "https://shop.coles.com.au/search/resources/store/20529/productview/bySeoUrlKeyword/snickers-chocolate-bar?catalogId=27101",
    "id": "c245868p-9300682016087",
    "store": "coles",
    "name": "Chocolate Bar",
    "brand": "Snickers",
    "price": 1,
    "orgPrice": 2,
    "categoryIds": ["pantry"],
    "imagePath": "https://shop.coles.com.au/wcsstore/Coles-CAS/images/2/4/5/245868.jpg",
    "cupPrice": "$2.00 per 100g",
    "unit": "ea",
    "packageSize": "50g",
    "barcode": [
      "9300682016087",
      "9300682042338",
      "93682091",
      "9300682043663",
      "9300682052825",
      "9300682010832",
      "9300682001823",
      "93682480"
    ],
    "isAvailable": true,
    "locations": ["vic", "sa", "qld", "nsw", "wa", "tas", "act", "nt"]
  },
  {
    "apiUrl": "https://shop.coles.com.au/search/resources/store/20529/productview/bySeoUrlKeyword/continental-cup-a-soup-lots-a-noodles-chicken?catalogId=27101",
    "id": "c356472p-9300667014732",
    "store": "coles",
    "name": "Cup A Soup Chicken with Lots of Noodles 2 pack",
    "brand": "Continental",
    "price": 1,
    "orgPrice": 2,
    "categoryIds": ["pantry"],
    "imagePath": "https://shop.coles.com.au/wcsstore/Coles-CAS/images/3/5/6/356472.jpg",
    "cupPrice": "$1.67 per 100g",
    "unit": "ea",
    "packageSize": "60g",
    "barcode": ["9300667014732"],
    "isAvailable": true,
    "locations": ["vic", "sa", "qld", "nsw", "wa", "tas", "act", "nt"]
  },
  {
    "apiUrl": "https://shop.coles.com.au/search/resources/store/20529/productview/bySeoUrlKeyword/ferrero-rocher-chocolates-16-pieces?catalogId=27101",
    "id": "c229828p-9300698501027",
    "store": "coles",
    "name": "Rocher Chocolate 16 pack",
    "brand": "Ferrero",
    "price": 6.3,
    "orgPrice": 12.6,
    "categoryIds": ["pantry"],
    "imagePath": "https://shop.coles.com.au/wcsstore/Coles-CAS/images/2/2/9/229828.jpg",
    "cupPrice": "$3.15 per 100g",
    "unit": "ea",
    "packageSize": "200g",
    "barcode": ["9300698501027", "8000500003787"],
    "isAvailable": true,
    "locations": ["vic", "sa", "qld", "nsw", "wa", "tas", "act", "nt"]
  },
  {
    "apiUrl": "https://shop.coles.com.au/search/resources/store/20529/productview/bySeoUrlKeyword/nice-natural-nut-bar-chocolate?catalogId=27101",
    "id": "c9827090p-9400563738944",
    "store": "coles",
    "name": "Real Milk Chocolate Roasted Nut Bars 6 pack",
    "brand": "Nice & Natural",
    "price": 2,
    "orgPrice": 4,
    "categoryIds": ["pantry"],
    "imagePath": "https://shop.coles.com.au/wcsstore/Coles-CAS/images/9/8/2/9827090.jpg",
    "cupPrice": "$1.04 per 100g",
    "unit": "ea",
    "packageSize": "192g",
    "barcode": ["9400563738944", "9400563500572", "9400563448614"],
    "isAvailable": true,
    "locations": ["vic", "sa", "qld", "nsw", "wa", "tas", "act", "nt"]
  },
  {
    "apiUrl": "https://shop.coles.com.au/search/resources/store/20529/productview/bySeoUrlKeyword/continental-cup-a-soup-chicken-corn-with-croutons?catalogId=27101",
    "id": "c9151559p-9300667025059",
    "store": "coles",
    "name": "Cup A Soup Creamy Chicken & Corn with Croutons 2 pack",
    "brand": "Continental",
    "price": 1,
    "orgPrice": 2,
    "categoryIds": ["pantry"],
    "imagePath": "https://shop.coles.com.au/wcsstore/Coles-CAS/images/9/1/5/9151559.jpg",
    "cupPrice": "$1.67 per 100g",
    "unit": "ea",
    "packageSize": "60g",
    "barcode": ["9300667025059"],
    "isAvailable": true,
    "locations": ["vic", "sa", "qld", "nsw", "wa", "tas", "act", "nt"]
  },
  {
    "apiUrl": "https://shop.coles.com.au/search/resources/store/20529/productview/bySeoUrlKeyword/thins-sour-cream-chives-potato-chips?catalogId=27101",
    "id": "c1721846p-9310988010122",
    "store": "coles",
    "name": "Sour Cream & Chives Potato Chips",
    "brand": "Thins",
    "price": 1.75,
    "orgPrice": 3.5,
    "categoryIds": ["pantry"],
    "imagePath": "https://shop.coles.com.au/wcsstore/Coles-CAS/images/1/7/2/1721846.jpg",
    "cupPrice": "$1.00 per 100g",
    "unit": "ea",
    "packageSize": "175g",
    "barcode": ["9310988010122"],
    "isAvailable": true,
    "locations": ["vic", "sa", "qld", "nsw", "tas", "act", "nt"]
  },
  {
    "apiUrl": "https://shop.coles.com.au/search/resources/store/20529/productview/bySeoUrlKeyword/cadbury-family-block-chocolate-fruit-nut?catalogId=27101",
    "id": "c2351651p-9300617041214",
    "store": "coles",
    "name": "Dairy Milk Fruit and Nut Chocolate Block",
    "brand": "Cadbury",
    "price": 2.5,
    "orgPrice": 5,
    "categoryIds": ["pantry"],
    "imagePath": "https://shop.coles.com.au/wcsstore/Coles-CAS/images/2/3/5/2351651.jpg",
    "cupPrice": "$1.39 per 100g",
    "unit": "ea",
    "packageSize": "180g",
    "barcode": ["9300617041214", "9300617065029", "9300617075424"],
    "isAvailable": true,
    "locations": ["vic", "sa", "qld", "nsw", "wa", "tas", "act", "nt"]
  },
  {
    "apiUrl": "https://shop.coles.com.au/search/resources/store/20529/productview/bySeoUrlKeyword/cadbury-family-block-chocolate-black-forest?catalogId=27101",
    "id": "c2351673p-9300617041177",
    "store": "coles",
    "name": "Dairy Milk Black Forest Chocolate Block",
    "brand": "Cadbury",
    "price": 2.5,
    "orgPrice": 5,
    "categoryIds": ["pantry"],
    "imagePath": "https://shop.coles.com.au/wcsstore/Coles-CAS/images/2/3/5/2351673.jpg",
    "cupPrice": "$1.39 per 100g",
    "unit": "ea",
    "packageSize": "180g",
    "barcode": ["9300617041177", "9300617065173"],
    "isAvailable": true,
    "locations": ["vic", "sa", "qld", "nsw", "wa", "tas", "act", "nt"]
  },
  {
    "apiUrl": "https://shop.coles.com.au/search/resources/store/20529/productview/bySeoUrlKeyword/cadbury-family-block-chocolate-peppermint?catalogId=27101",
    "id": "c2351640p-9300617065272",
    "store": "coles",
    "name": "Dairy Milk Peppermint Milk Chocolate Block",
    "brand": "Cadbury",
    "price": 2.5,
    "orgPrice": 5,
    "categoryIds": ["pantry"],
    "imagePath": "https://shop.coles.com.au/wcsstore/Coles-CAS/images/2/3/5/2351640.jpg",
    "cupPrice": "$1.39 per 100g",
    "unit": "ea",
    "packageSize": "180g",
    "barcode": ["9300617065272", "9300617041238"],
    "isAvailable": true,
    "locations": ["vic", "sa", "qld", "nsw", "wa", "tas", "act", "nt"]
  },
  {
    "apiUrl": "https://shop.coles.com.au/search/resources/store/20529/productview/bySeoUrlKeyword/nice-natural--roasted-peanut-cashew-nut-bar?catalogId=27101",
    "id": "c2605873p-9400563448607",
    "store": "coles",
    "name": "Roasted Cashew Milk Chocolate Peanut Bars 6 Pack",
    "brand": "Nice & Natural",
    "price": 2,
    "orgPrice": 4,
    "categoryIds": ["pantry"],
    "imagePath": "https://shop.coles.com.au/wcsstore/Coles-CAS/images/2/6/0/2605873.jpg",
    "cupPrice": "$1.04 per 100g",
    "unit": "ea",
    "packageSize": "192g",
    "barcode": ["9400563448607"],
    "isAvailable": true,
    "locations": ["vic", "sa", "qld", "nsw", "wa", "tas", "act", "nt"]
  },
  {
    "apiUrl": "https://shop.coles.com.au/search/resources/store/20529/productview/bySeoUrlKeyword/cadbury-block-marvellous-creations-jelly-pop-candy?catalogId=27101",
    "id": "c2898997p-9300617058014",
    "store": "coles",
    "name": "Marvellous Creations Jelly Popping Candy Beanies Chocolate Block",
    "brand": "Cadbury",
    "price": 2.5,
    "orgPrice": 5,
    "categoryIds": ["pantry"],
    "imagePath": "https://shop.coles.com.au/wcsstore/Coles-CAS/images/2/8/9/2898997.jpg",
    "cupPrice": "$1.32 per 100g",
    "unit": "ea",
    "packageSize": "190g",
    "barcode": ["9300617058014", "9300617065722"],
    "isAvailable": true,
    "locations": ["vic", "sa", "qld", "nsw", "wa", "tas", "act", "nt"]
  },
  {
    "apiUrl": "https://shop.coles.com.au/search/resources/store/20529/productview/bySeoUrlKeyword/messy-monkeys-quinoa-bites-burger?catalogId=27101",
    "id": "c2897815p-9315090204360",
    "store": "coles",
    "name": "Whole Grain Bites Burger Flavour",
    "brand": "Messy Monkeys",
    "price": 3.5,
    "orgPrice": 7,
    "categoryIds": ["pantry", "health-beauty"],
    "imagePath": "https://shop.coles.com.au/wcsstore/Coles-CAS/images/2/8/9/2897815.jpg",
    "cupPrice": "$2.19 per 100g",
    "unit": "ea",
    "packageSize": "160g",
    "barcode": ["9315090204360"],
    "isAvailable": true,
    "locations": ["vic", "sa", "qld", "nsw", "wa", "tas", "act", "nt"]
  },
  {
    "apiUrl": "https://shop.coles.com.au/search/resources/store/20529/productview/bySeoUrlKeyword/kelloggs-cereal-froot-loops-8492066p?catalogId=27101",
    "id": "c8492066p-9310055103788",
    "store": "coles",
    "name": "Froot Loops Breakfast Cereal",
    "brand": "Kellogg's",
    "price": 2.85,
    "orgPrice": 5.7,
    "categoryIds": ["pantry"],
    "imagePath": "https://shop.coles.com.au/wcsstore/Coles-CAS/images/8/4/9/8492066.jpg",
    "cupPrice": "$1.00 per 100g",
    "unit": "ea",
    "packageSize": "285g",
    "barcode": ["9310055103788", "9310055536586"],
    "isAvailable": true,
    "locations": ["vic", "sa", "qld", "nsw", "wa", "tas", "act", "nt"]
  },
  {
    "apiUrl": "https://shop.coles.com.au/search/resources/store/20529/productview/bySeoUrlKeyword/nice-and-natural-nut-bar-yoghurt-trail-mix?catalogId=27101",
    "id": "c1018260p-9400563738999",
    "store": "coles",
    "name": "Trail Mix Roasted Nut Bars 6 pack",
    "brand": "Nice & Natural",
    "price": 2,
    "orgPrice": 4,
    "categoryIds": ["pantry"],
    "imagePath": "https://shop.coles.com.au/wcsstore/Coles-CAS/images/1/0/1/1018260.jpg",
    "cupPrice": "$1.04 per 100g",
    "unit": "ea",
    "packageSize": "192g",
    "barcode": ["9400563738999", "9400563448652"],
    "isAvailable": true,
    "locations": ["vic", "sa", "qld", "nsw", "wa", "tas", "act", "nt"]
  },
  {
    "apiUrl": "https://shop.coles.com.au/search/resources/store/20529/productview/bySeoUrlKeyword/nestle-smarties-chocolate-bar?catalogId=27101",
    "id": "c142413p-9300600005322",
    "store": "coles",
    "name": "Smarties",
    "brand": "Nestle",
    "price": 1,
    "orgPrice": 2,
    "categoryIds": ["pantry"],
    "imagePath": "https://shop.coles.com.au/wcsstore/Coles-CAS/images/1/4/2/142413.jpg",
    "cupPrice": "$2.00 per 100g",
    "unit": "ea",
    "packageSize": "50g",
    "barcode": ["9300600005322"],
    "isAvailable": true,
    "locations": ["vic", "sa", "qld", "nsw", "wa", "tas", "act", "nt"]
  },
  {
    "apiUrl": "https://shop.coles.com.au/search/resources/store/20529/productview/bySeoUrlKeyword/continental-cup-a-soup-creamy-chicken-with-croutons?catalogId=27101",
    "id": "c9151344p-9300667025035",
    "store": "coles",
    "name": "Cup A Soup Creamy Chicken with Croutons 2 pack",
    "brand": "Continental",
    "price": 1,
    "orgPrice": 2,
    "categoryIds": ["pantry"],
    "imagePath": "https://shop.coles.com.au/wcsstore/Coles-CAS/images/9/1/5/9151344.jpg",
    "cupPrice": "$1.67 per 100g",
    "unit": "ea",
    "packageSize": "60g",
    "barcode": ["9300667025035"],
    "isAvailable": true,
    "locations": ["vic", "sa", "qld", "nsw", "wa", "tas", "act", "nt"]
  },
  {
    "apiUrl": "https://shop.coles.com.au/search/resources/store/20529/productview/bySeoUrlKeyword/cadbury-family-block-chocolate-crunchie?catalogId=27101",
    "id": "c2351710p-9300617065425",
    "store": "coles",
    "name": "Dairy Milk Crunchie Chocolate Block",
    "brand": "Cadbury",
    "price": 2.5,
    "orgPrice": 5,
    "categoryIds": ["pantry"],
    "imagePath": "https://shop.coles.com.au/wcsstore/Coles-CAS/images/2/3/5/2351710.jpg",
    "cupPrice": "$1.39 per 100g",
    "unit": "ea",
    "packageSize": "180g",
    "barcode": ["9300617065425", "9300617041207", "9300617069799"],
    "isAvailable": true,
    "locations": ["vic", "sa", "qld", "nsw", "wa", "tas", "act", "nt"]
  },
  {
    "apiUrl": "https://shop.coles.com.au/search/resources/store/20529/productview/bySeoUrlKeyword/cadbury-family-block-chocolate-dream?catalogId=27101",
    "id": "c2351684p-9300617066361",
    "store": "coles",
    "name": "Dream White Chocolate Block",
    "brand": "Cadbury",
    "price": 2.5,
    "orgPrice": 5,
    "categoryIds": ["pantry"],
    "imagePath": "https://shop.coles.com.au/wcsstore/Coles-CAS/images/2/3/5/2351684.jpg",
    "cupPrice": "$1.39 per 100g",
    "unit": "ea",
    "packageSize": "180g",
    "barcode": ["9300617066361", "9300617041115"],
    "isAvailable": true,
    "locations": ["vic", "sa", "qld", "nsw", "wa", "tas", "act", "nt"]
  },
  {
    "apiUrl": "https://shop.coles.com.au/search/resources/store/20529/productview/bySeoUrlKeyword/majans-bhuja-original-mix?catalogId=27101",
    "id": "c2523327p-9316401201467",
    "store": "coles",
    "name": "Original Mix",
    "brand": "Majans Bhuja",
    "price": 1.92,
    "orgPrice": 3.85,
    "categoryIds": ["pantry"],
    "imagePath": "https://shop.coles.com.au/wcsstore/Coles-CAS/images/2/5/2/2523327.jpg",
    "cupPrice": "$9.60 per 1kg",
    "unit": "ea",
    "packageSize": "200g",
    "barcode": ["9316401201467"],
    "isAvailable": true,
    "locations": ["vic", "sa", "qld", "nsw", "wa", "tas", "act", "nt"]
  },
  {
    "apiUrl": "https://shop.coles.com.au/search/resources/store/20529/productview/bySeoUrlKeyword/cadbury-tropical-pineapple-family-chocolate-block?catalogId=27101",
    "id": "c2770235p-9300617051732",
    "store": "coles",
    "name": "Dairy Milk Tropical Pineapple Chocolate Block",
    "brand": "Cadbury",
    "price": 2.5,
    "orgPrice": 5,
    "categoryIds": ["pantry"],
    "imagePath": "https://shop.coles.com.au/wcsstore/Coles-CAS/images/2/7/7/2770235.jpg",
    "cupPrice": "$1.39 per 100g",
    "unit": "ea",
    "packageSize": "180g",
    "barcode": ["9300617051732", "9300617065326"],
    "isAvailable": true,
    "locations": ["vic", "sa", "qld", "nsw", "wa", "tas", "act", "nt"]
  },
  {
    "apiUrl": "https://shop.coles.com.au/search/resources/store/20529/productview/bySeoUrlKeyword/moccona-coffee-capsules-ristretto-12?catalogId=27101",
    "id": "c3193421p",
    "store": "coles",
    "name": "Ristretto 12 Espresso Coffee Capsules 10 pack",
    "brand": "Moccona",
    "price": 3,
    "orgPrice": 6,
    "categoryIds": ["pantry", "drinks"],
    "imagePath": "https://shop.coles.com.au/wcsstore/Coles-CAS/images/3/1/9/3193421.jpg",
    "cupPrice": "$5.77 per 100g",
    "unit": "ea",
    "packageSize": "52g",
    "barcode": null,
    "isAvailable": true,
    "locations": ["vic", "sa", "qld", "nsw", "wa", "tas", "act", "nt"]
  },
  {
    "apiUrl": "https://shop.coles.com.au/search/resources/store/20529/productview/bySeoUrlKeyword/europe-bars-honey-nougat-log?catalogId=27101",
    "id": "c67850p-9300617408963",
    "store": "coles",
    "name": "Honey Nougat Log",
    "brand": "Europe",
    "price": 1,
    "orgPrice": 2,
    "categoryIds": ["pantry"],
    "imagePath": "https://shop.coles.com.au/wcsstore/Coles-CAS/images/6/7/8/67850.jpg",
    "cupPrice": "$2.50 per 100g",
    "unit": "ea",
    "packageSize": "40g",
    "barcode": [
      "9300617408963",
      "9300685327791",
      "400003526963",
      "9300685401507",
      "9300685401422",
      "9300617000563"
    ],
    "isAvailable": true,
    "locations": ["vic", "sa", "qld", "nsw", "wa", "tas", "act", "nt"]
  },
  {
    "apiUrl": "https://shop.coles.com.au/search/resources/store/20529/productview/bySeoUrlKeyword/nestle-peppermint-aero-chocolate-bar?catalogId=27101",
    "id": "c5823950p-9300605051997",
    "store": "coles",
    "name": "Aero Peppermint Chocolate Bar",
    "brand": "Nestle",
    "price": 1,
    "orgPrice": 2,
    "categoryIds": ["pantry"],
    "imagePath": "https://shop.coles.com.au/wcsstore/Coles-CAS/images/5/8/2/5823950.jpg",
    "cupPrice": "$2.50 per 100g",
    "unit": "ea",
    "packageSize": "40g",
    "barcode": [
      "9300605051997",
      "9300605065024",
      "5000189532113",
      "9300684373072",
      "5000189828933"
    ],
    "isAvailable": true,
    "locations": ["vic", "sa", "qld", "nsw", "wa", "tas", "act", "nt"]
  },
  {
    "apiUrl": "https://shop.coles.com.au/search/resources/store/20529/productview/bySeoUrlKeyword/mars-chocolate-m-ms-minis?catalogId=27101",
    "id": "c4503874p-9300682050685",
    "store": "coles",
    "name": "M&M's Minis Chocolate",
    "brand": "Mars",
    "price": 1,
    "orgPrice": 2,
    "categoryIds": ["pantry"],
    "imagePath": "https://shop.coles.com.au/wcsstore/Coles-CAS/images/4/5/0/4503874.jpg",
    "cupPrice": "$2.86 per 100g",
    "unit": "ea",
    "packageSize": "35g",
    "barcode": ["9300682050685", "93682152"],
    "isAvailable": true,
    "locations": ["vic", "sa", "qld", "nsw", "wa", "tas", "act", "nt"]
  },
  {
    "apiUrl": "https://shop.coles.com.au/search/resources/store/20529/productview/bySeoUrlKeyword/nice-natural-nut-bar-yoghurt-6-pack?catalogId=27101",
    "id": "c4167303p-9400563738951",
    "store": "coles",
    "name": "Yoghurt Roasted Nut Bars 6 pack",
    "brand": "Nice & Natural",
    "price": 2,
    "orgPrice": 4,
    "categoryIds": ["pantry"],
    "imagePath": "https://shop.coles.com.au/wcsstore/Coles-CAS/images/4/1/6/4167303.jpg",
    "cupPrice": "$1.04 per 100g",
    "unit": "ea",
    "packageSize": "192g",
    "barcode": ["9400563738951", "9400563500565", "9400563448669"],
    "isAvailable": true,
    "locations": ["vic", "sa", "qld", "nsw", "wa", "tas", "act", "nt"]
  },
  {
    "apiUrl": "https://shop.coles.com.au/search/resources/store/20529/productview/bySeoUrlKeyword/nestle-chocolate-bar-medium-peppermint-crisp?catalogId=27101",
    "id": "c142424p-93600101",
    "store": "coles",
    "name": "Peppermint Crisp Chocolate Bar",
    "brand": "Nestle",
    "price": 1,
    "orgPrice": 2,
    "categoryIds": ["pantry"],
    "imagePath": "https://shop.coles.com.au/wcsstore/Coles-CAS/images/1/4/2/142424.jpg",
    "cupPrice": "$2.86 per 100g",
    "unit": "ea",
    "packageSize": "35g",
    "barcode": ["93600101"],
    "isAvailable": true,
    "locations": ["vic", "sa", "qld", "nsw", "wa", "tas", "act", "nt"]
  },
  {
    "apiUrl": "https://shop.coles.com.au/search/resources/store/20529/productview/bySeoUrlKeyword/cadbury-bubbly-mint-block?catalogId=27101",
    "id": "c9901058p-9300617001393",
    "store": "coles",
    "name": "Dairy Milk Bubbly Mint Block",
    "brand": "Cadbury",
    "price": 2.5,
    "orgPrice": 5,
    "categoryIds": ["pantry"],
    "imagePath": "https://shop.coles.com.au/wcsstore/Coles-CAS/images/9/9/0/9901058.jpg",
    "cupPrice": "$1.56 per 100g",
    "unit": "ea",
    "packageSize": "160g",
    "barcode": ["9300617001393", "9300617063735", "9300617022008"],
    "isAvailable": true,
    "locations": ["vic", "sa", "qld", "nsw", "wa", "tas", "act", "nt"]
  },
  {
    "apiUrl": "https://shop.coles.com.au/search/resources/store/20529/productview/bySeoUrlKeyword/cadbury-family-block-chocolate-rocky-road?catalogId=27101",
    "id": "c2351629p-9300617041252",
    "store": "coles",
    "name": "Dairy Milk Rocky Road Chocolate Block",
    "brand": "Cadbury",
    "price": 2.5,
    "orgPrice": 5,
    "categoryIds": ["pantry"],
    "imagePath": "https://shop.coles.com.au/wcsstore/Coles-CAS/images/2/3/5/2351629.jpg",
    "cupPrice": "$1.39 per 100g",
    "unit": "ea",
    "packageSize": "180g",
    "barcode": ["9300617041252", "9300617064725"],
    "isAvailable": true,
    "locations": ["vic", "sa", "qld", "nsw", "wa", "tas", "act", "nt"]
  },
  {
    "apiUrl": "https://shop.coles.com.au/search/resources/store/20529/productview/bySeoUrlKeyword/cadbury-family-block-chocolate-turkish-delight?catalogId=27101",
    "id": "c2351593p-9300617064770",
    "store": "coles",
    "name": "Dairy Milk Turkish Delight Chocolate Block",
    "brand": "Cadbury",
    "price": 2.5,
    "orgPrice": 5,
    "categoryIds": ["pantry"],
    "imagePath": "https://shop.coles.com.au/wcsstore/Coles-CAS/images/2/3/5/2351593.jpg",
    "cupPrice": "$1.39 per 100g",
    "unit": "ea",
    "packageSize": "180g",
    "barcode": ["9300617064770", "9300617041283"],
    "isAvailable": true,
    "locations": ["vic", "sa", "qld", "nsw", "wa", "tas", "act", "nt"]
  },
  {
    "apiUrl": "https://shop.coles.com.au/search/resources/store/20529/productview/bySeoUrlKeyword/nestle-chocolate-kit-kat-chunky?catalogId=27101",
    "id": "c2026118p-9300605094697",
    "store": "coles",
    "name": "KitKat Chunky Milk Chocolate",
    "brand": "Nestle",
    "price": 1,
    "orgPrice": 2,
    "categoryIds": ["pantry"],
    "imagePath": "https://shop.coles.com.au/wcsstore/Coles-CAS/images/2/0/2/2026118.jpg",
    "cupPrice": "$2.00 per 100g",
    "unit": "ea",
    "packageSize": "50g",
    "barcode": ["9300605094697"],
    "isAvailable": true,
    "locations": ["vic", "sa", "qld", "nsw", "wa", "tas", "act", "nt"]
  },
  {
    "apiUrl": "https://shop.coles.com.au/search/resources/store/20529/productview/bySeoUrlKeyword/lindt-lindor-assorted-cornet?catalogId=27101",
    "id": "c2715940p-8003340093567",
    "store": "coles",
    "name": "Lindor Assorted Surtido Cornet",
    "brand": "Lindt",
    "price": 10,
    "orgPrice": 20,
    "categoryIds": ["pantry"],
    "imagePath": "https://shop.coles.com.au/wcsstore/Coles-CAS/images/2/7/1/2715940.jpg",
    "cupPrice": "$2.67 per 100g",
    "unit": "ea",
    "packageSize": "375g",
    "barcode": ["8003340093567"],
    "isAvailable": true,
    "locations": ["vic", "sa", "qld", "nsw", "wa", "tas", "act", "nt"]
  },
  {
    "apiUrl": "https://shop.coles.com.au/search/resources/store/20529/productview/bySeoUrlKeyword/kelloggs-breakfast-bis-gf-apple-date?catalogId=27101",
    "id": "c2815118p-9310055102460",
    "store": "coles",
    "name": "Baked Muesli Gluten Free Breakfast Biscuits With Date And Apple",
    "brand": "Kellogg's",
    "price": 2.5,
    "orgPrice": 5,
    "categoryIds": ["pantry"],
    "imagePath": "https://shop.coles.com.au/wcsstore/Coles-CAS/images/2/8/1/2815118.jpg",
    "cupPrice": "$1.25 per 100g",
    "unit": "ea",
    "packageSize": "200g",
    "barcode": ["9310055102460"],
    "isAvailable": true,
    "locations": ["vic", "sa", "qld", "nsw", "wa", "tas", "act", "nt"]
  },
  {
    "apiUrl": "https://shop.coles.com.au/search/resources/store/20529/productview/bySeoUrlKeyword/nestle-milkybar-milk-cookies-bar?catalogId=27101",
    "id": "c3050821p-9300605054486",
    "store": "coles",
    "name": "Chokito Bar",
    "brand": "Nestle",
    "price": 1,
    "orgPrice": 2,
    "categoryIds": ["pantry"],
    "imagePath": "https://shop.coles.com.au/wcsstore/Coles-CAS/images/3/0/5/3050821.jpg",
    "cupPrice": "$1.82 per 100g",
    "unit": "ea",
    "packageSize": "55g",
    "barcode": ["9300605054486", "400003378203", "9300605117549"],
    "isAvailable": true,
    "locations": ["vic", "sa", "qld", "nsw", "wa", "tas", "act", "nt"]
  },
  {
    "apiUrl": "https://shop.coles.com.au/search/resources/store/20529/productview/bySeoUrlKeyword/moccona-coffee-capsules-espresso-10?catalogId=27101",
    "id": "c3193410p",
    "store": "coles",
    "name": "Espresso Coffee Capsules 10 pack",
    "brand": "Moccona",
    "price": 3,
    "orgPrice": 6,
    "categoryIds": ["pantry", "drinks"],
    "imagePath": "https://shop.coles.com.au/wcsstore/Coles-CAS/images/3/1/9/3193410.jpg",
    "cupPrice": "$5.77 per 100g",
    "unit": "ea",
    "packageSize": "52g",
    "barcode": null,
    "isAvailable": true,
    "locations": ["vic", "sa", "qld", "nsw", "wa", "tas", "act", "nt"]
  },
  {
    "apiUrl": "https://shop.coles.com.au/search/resources/store/20529/productview/bySeoUrlKeyword/moccona-coffee-capsules-lungo-8?catalogId=27101",
    "id": "c3512632p-8711000370049",
    "store": "coles",
    "name": "Lungo 8 Coffee Capsules 10 Pack",
    "brand": "Moccona",
    "price": 3,
    "orgPrice": 6,
    "categoryIds": ["pantry", "drinks"],
    "imagePath": "https://shop.coles.com.au/wcsstore/Coles-CAS/images/3/5/1/3512632.jpg",
    "cupPrice": "$5.77 per 100g",
    "unit": "ea",
    "packageSize": "52g",
    "barcode": ["8711000370049"],
    "isAvailable": true,
    "locations": ["vic", "sa", "qld", "nsw", "wa", "tas", "act", "nt"]
  },
  {
    "apiUrl": "https://shop.coles.com.au/search/resources/store/20529/productview/bySeoUrlKeyword/robert-timms-gold-colombia-coffee-bags?catalogId=27101",
    "id": "c3511630p-9325121005217",
    "store": "coles",
    "name": "Gold Colombia Coffee Bags Strong 28 Pack",
    "brand": "Robert Timms",
    "price": 4.82,
    "orgPrice": 9.65,
    "categoryIds": ["pantry", "drinks"],
    "imagePath": "https://shop.coles.com.au/wcsstore/Coles-CAS/images/3/5/1/3511630.jpg",
    "cupPrice": "$3.01 per 100g",
    "unit": "ea",
    "packageSize": "160g",
    "barcode": ["9325121005217"],
    "isAvailable": true,
    "locations": ["vic", "sa", "qld", "nsw", "wa", "tas", "act", "nt"]
  },
  {
    "apiUrl": "https://shop.coles.com.au/search/resources/store/20529/productview/bySeoUrlKeyword/nestle-milkybar-chocolate-bar?catalogId=27101",
    "id": "c7767668p-9300605228764",
    "store": "coles",
    "name": "Milkybar White Chocolate Bar",
    "brand": "Nestle",
    "price": 1,
    "orgPrice": 2,
    "categoryIds": ["pantry"],
    "imagePath": "https://shop.coles.com.au/wcsstore/Coles-CAS/images/7/7/6/7767668.jpg",
    "cupPrice": "$2.00 per 100g",
    "unit": "ea",
    "packageSize": "50g",
    "barcode": ["9300605228764"],
    "isAvailable": true,
    "locations": ["vic", "sa", "qld", "nsw", "wa", "tas", "act", "nt"]
  },
  {
    "apiUrl": "https://shop.coles.com.au/search/resources/store/20529/productview/bySeoUrlKeyword/europe-bars-summer-roll?catalogId=27101",
    "id": "c67861p-400003526932",
    "store": "coles",
    "name": "Summer Roll",
    "brand": "Europe",
    "price": 1,
    "orgPrice": 2,
    "categoryIds": ["pantry"],
    "imagePath": "https://shop.coles.com.au/wcsstore/Coles-CAS/images/6/7/8/67861.jpg",
    "cupPrice": "$2.50 per 100g",
    "unit": "ea",
    "packageSize": "40g",
    "barcode": [
      "400003526932",
      "9300685401460",
      "9300685401552",
      "9300617408802",
      "9300685327807"
    ],
    "isAvailable": true,
    "locations": ["vic", "sa", "qld", "nsw", "wa", "tas", "act", "nt"]
  },
  {
    "apiUrl": "https://shop.coles.com.au/search/resources/store/20529/productview/bySeoUrlKeyword/twix-chocolate-bar?catalogId=27101",
    "id": "c6029901p-9300682016070",
    "store": "coles",
    "name": "Chocolate Bar",
    "brand": "Twix",
    "price": 1,
    "orgPrice": 2,
    "categoryIds": ["pantry"],
    "imagePath": "https://shop.coles.com.au/wcsstore/Coles-CAS/images/6/0/2/6029901.jpg",
    "cupPrice": "$2.00 per 100g",
    "unit": "ea",
    "packageSize": "50g",
    "barcode": [
      "9300682016070",
      "9300682051385",
      "9300682035507",
      "9300682007696",
      "9300682043090"
    ],
    "isAvailable": true,
    "locations": ["vic", "sa", "qld", "nsw", "wa", "tas", "act", "nt"]
  },
  {
    "apiUrl": "https://shop.coles.com.au/search/resources/store/20529/productview/bySeoUrlKeyword/nestle-violet-crumble-chocolate-bar?catalogId=27101",
    "id": "c5192521p-93600491",
    "store": "coles",
    "name": "Gluten Free Chocolate Bar",
    "brand": "Violet Crumble",
    "price": 1,
    "orgPrice": 2,
    "categoryIds": ["pantry"],
    "imagePath": "https://shop.coles.com.au/wcsstore/Coles-CAS/images/5/1/9/5192521.jpg",
    "cupPrice": "$2.00 per 100g",
    "unit": "ea",
    "packageSize": "50g",
    "barcode": ["93600491", "93555517"],
    "isAvailable": true,
    "locations": ["vic", "sa", "qld", "nsw", "wa", "tas", "act", "nt"]
  },
  {
    "apiUrl": "https://shop.coles.com.au/search/resources/store/20529/productview/bySeoUrlKeyword/mars-bounty-chocolate-bar?catalogId=27101",
    "id": "c204168p-9300682052283",
    "store": "coles",
    "name": "Bounty Coconut Chocolate Bar",
    "brand": "Mars",
    "price": 1,
    "orgPrice": 2,
    "categoryIds": ["pantry"],
    "imagePath": "https://shop.coles.com.au/wcsstore/Coles-CAS/images/2/0/4/204168.jpg",
    "cupPrice": "$1.79 per 100g",
    "unit": "ea",
    "packageSize": "56g",
    "barcode": [
      "9300682052283",
      "5000159523073",
      "40111216",
      "93682510",
      "93682022"
    ],
    "isAvailable": true,
    "locations": ["vic", "sa", "qld", "nsw", "wa", "tas", "act", "nt"]
  },
  {
    "apiUrl": "https://shop.coles.com.au/search/resources/store/20529/productview/bySeoUrlKeyword/aunt-bettys-pudding-chocolate-2-pack?catalogId=27101",
    "id": "c9958044p-9417986939001",
    "store": "coles",
    "name": "Chocolate Steamy Puds 2 Pack",
    "brand": "Aunt Betty's",
    "price": 2,
    "orgPrice": 4,
    "categoryIds": ["pantry"],
    "imagePath": "https://shop.coles.com.au/wcsstore/Coles-CAS/images/9/9/5/9958044.jpg",
    "cupPrice": "$1.05 per 100g",
    "unit": "ea",
    "packageSize": "190g",
    "barcode": ["9417986939001"],
    "isAvailable": true,
    "locations": ["vic", "sa", "qld", "nsw", "wa", "tas", "act", "nt"]
  },
  {
    "apiUrl": "https://shop.coles.com.au/search/resources/store/20529/productview/bySeoUrlKeyword/aunty-bettys-cream-whipped-chocolate?catalogId=27101",
    "id": "c3509220p-9417986943626",
    "store": "coles",
    "name": "Whipped Cream Chocolate",
    "brand": "Aunt Betty's",
    "price": 3,
    "orgPrice": 4,
    "categoryIds": ["pantry"],
    "imagePath": "https://shop.coles.com.au/wcsstore/Coles-CAS/images/3/5/0/3509220.jpg",
    "cupPrice": "$1.20 per 100ml",
    "unit": "ea",
    "packageSize": "250ml",
    "barcode": ["9417986943626"],
    "isAvailable": true,
    "locations": ["vic", "sa", "qld", "wa", "tas", "act", "nt"]
  },
  {
    "apiUrl": "https://shop.coles.com.au/search/resources/store/20529/productview/bySeoUrlKeyword/lipton-tea-bags-green-9400846p?catalogId=27101",
    "id": "c9400846p-9310021028633",
    "store": "coles",
    "name": "Pure Green Tea Bags",
    "brand": "Lipton",
    "price": 2.5,
    "orgPrice": 4.9,
    "categoryIds": ["pantry", "drinks"],
    "imagePath": "https://shop.coles.com.au/wcsstore/Coles-CAS/images/9/4/0/9400846.jpg",
    "cupPrice": "$0.05 per 1ea",
    "unit": "ea",
    "packageSize": "50 pack",
    "barcode": ["9310021028633"],
    "isAvailable": true,
    "locations": ["vic", "sa", "qld", "nsw", "wa", "tas", "act", "nt"]
  },
  {
    "apiUrl": "https://shop.coles.com.au/search/resources/store/20529/productview/bySeoUrlKeyword/nice-natural-nutritional-snacks-superfruits---cranberry-blueberry-strawberry-6-pack?catalogId=27101",
    "id": "c1250626p-9400563741784",
    "store": "coles",
    "name": "Cranberry & Blueberry Flavour Superfruits Muesli Bars 6 pack",
    "brand": "Nice & Natural",
    "price": 2,
    "orgPrice": 4,
    "categoryIds": ["pantry"],
    "imagePath": "https://shop.coles.com.au/wcsstore/Coles-CAS/images/1/2/5/1250626.jpg",
    "cupPrice": "$1.11 per 100g",
    "unit": "ea",
    "packageSize": "180g",
    "barcode": ["9400563741784"],
    "isAvailable": true,
    "locations": ["vic", "sa", "qld", "nsw", "wa", "tas", "act", "nt"]
  },
  {
    "apiUrl": "https://shop.coles.com.au/search/resources/store/20529/productview/bySeoUrlKeyword/nice-and-natural-mixed-berry-nut-bar?catalogId=27101",
    "id": "c2129449p-9400563448638",
    "store": "coles",
    "name": "Mixed Berry Roasted Nut Bars 6 pack",
    "brand": "Nice & Natural",
    "price": 2,
    "orgPrice": 4,
    "categoryIds": ["pantry"],
    "imagePath": "https://shop.coles.com.au/wcsstore/Coles-CAS/images/2/1/2/2129449.jpg",
    "cupPrice": "$1.04 per 100g",
    "unit": "ea",
    "packageSize": "192g",
    "barcode": ["9400563448638"],
    "isAvailable": true,
    "locations": ["vic", "sa", "qld", "nsw", "wa", "tas", "act", "nt"]
  },
  {
    "apiUrl": "https://shop.coles.com.au/search/resources/store/20529/productview/bySeoUrlKeyword/nice-natural-strawberry-blackcurrant-superfruits-bars-6-pack?catalogId=27101",
    "id": "c2133821p-9400563741777",
    "store": "coles",
    "name": "Strawberry & Blackcurrant Superfruits Muesli Bars 6 Pack",
    "brand": "Nice & Natural",
    "price": 2,
    "orgPrice": 4,
    "categoryIds": ["pantry"],
    "imagePath": "https://shop.coles.com.au/wcsstore/Coles-CAS/images/2/1/3/2133821.jpg",
    "cupPrice": "$1.11 per 100g",
    "unit": "ea",
    "packageSize": "180g",
    "barcode": ["9400563741777"],
    "isAvailable": true,
    "locations": ["vic", "sa", "qld", "nsw", "wa", "tas", "act", "nt"]
  },
  {
    "apiUrl": "https://shop.coles.com.au/search/resources/store/20529/productview/bySeoUrlKeyword/messy-monkeys-quinoa-cheese-bites?catalogId=27101",
    "id": "c2897826p-9315090204346",
    "store": "coles",
    "name": "Whole Grain Bites Cheese Flavour",
    "brand": "Messy Monkeys",
    "price": 3.5,
    "orgPrice": 7,
    "categoryIds": ["pantry", "health-beauty"],
    "imagePath": "https://shop.coles.com.au/wcsstore/Coles-CAS/images/2/8/9/2897826.jpg",
    "cupPrice": "$2.19 per 100g",
    "unit": "ea",
    "packageSize": "160g",
    "barcode": ["9315090204346"],
    "isAvailable": true,
    "locations": ["vic", "sa", "qld", "nsw", "wa", "tas", "act", "nt"]
  },
  {
    "apiUrl": "https://shop.coles.com.au/search/resources/store/20529/productview/bySeoUrlKeyword/bega-simply-nuts-smooth-peanut-butter?catalogId=27101",
    "id": "c3447600p-9352042002117",
    "store": "coles",
    "name": "Simply Nuts Smooth Peanut Butter",
    "brand": "Bega",
    "price": 2.5,
    "orgPrice": 5,
    "categoryIds": ["pantry"],
    "imagePath": "https://shop.coles.com.au/wcsstore/Coles-CAS/images/3/4/4/3447600.jpg",
    "cupPrice": "$0.77 per 100g",
    "unit": "ea",
    "packageSize": "325g",
    "barcode": ["9352042002117"],
    "isAvailable": true,
    "locations": ["vic", "sa", "qld", "nsw", "wa", "tas", "act", "nt"]
  },
  {
    "apiUrl": "https://shop.coles.com.au/search/resources/store/20529/productview/bySeoUrlKeyword/cadbury-family-block-indulge-w-hazelnut-crunch?catalogId=27101",
    "id": "c3476630p-9300617073987",
    "store": "coles",
    "name": "Dairy Milk Indulge With Creamy Hazelnut Crunch Family Block",
    "brand": "Cadbury",
    "price": 2.5,
    "orgPrice": 5,
    "categoryIds": ["pantry"],
    "imagePath": "https://shop.coles.com.au/wcsstore/Coles-CAS/images/3/4/7/3476630.jpg",
    "cupPrice": "$1.47 per 100g",
    "unit": "ea",
    "packageSize": "170g",
    "barcode": ["9300617073987"],
    "isAvailable": true,
    "locations": ["vic", "sa", "qld", "nsw", "wa", "tas", "act", "nt"]
  },
  {
    "apiUrl": "https://shop.coles.com.au/search/resources/store/20529/productview/bySeoUrlKeyword/kellogg-s-coco-pops-white-chocolate-flavour-350g?catalogId=27101",
    "id": "c3780303p-9310055104587",
    "store": "coles",
    "name": "Coco Pops White Chocolate Flavour 350g",
    "brand": "Kellogg's",
    "price": 2.7,
    "orgPrice": 5.4,
    "categoryIds": ["pantry"],
    "imagePath": "https://shop.coles.com.au/wcsstore/Coles-CAS/images/3/7/8/3780303.jpg",
    "cupPrice": "$0.77 per 100g",
    "unit": "ea",
    "packageSize": "350g",
    "barcode": ["9310055104587"],
    "isAvailable": true,
    "locations": ["vic", "sa", "qld", "wa", "tas", "act", "nt"]
  },
  {
    "apiUrl": "https://shop.coles.com.au/search/resources/store/20529/productview/bySeoUrlKeyword/nice-natural-nut-bar-choc-apricot?catalogId=27101",
    "id": "c1018271p-9400563454103",
    "store": "coles",
    "name": "Sweet & Salty Roasted Nut Bars 6 pack",
    "brand": "Nice & Natural",
    "price": 2,
    "orgPrice": 4,
    "categoryIds": ["pantry"],
    "imagePath": "https://shop.coles.com.au/wcsstore/Coles-CAS/images/1/0/1/1018271.jpg",
    "cupPrice": "$1.04 per 100g",
    "unit": "ea",
    "packageSize": "192g",
    "barcode": ["9400563454103", "9400563448591", "9400563740572"],
    "isAvailable": true,
    "locations": ["vic", "sa", "qld", "nsw", "wa", "tas", "act", "nt"]
  },
  {
    "apiUrl": "https://shop.coles.com.au/search/resources/store/20529/productview/bySeoUrlKeyword/europe-bars-sesame-bar?catalogId=27101",
    "id": "c67883p-9300685411452",
    "store": "coles",
    "name": "Sesame Bar",
    "brand": "Europe",
    "price": 1,
    "orgPrice": 2,
    "categoryIds": ["pantry"],
    "imagePath": "https://shop.coles.com.au/wcsstore/Coles-CAS/images/6/7/8/67883.jpg",
    "cupPrice": "$2.22 per 100g",
    "unit": "ea",
    "packageSize": "45g",
    "barcode": ["9300685411452", "9300685401651", "9300685327760"],
    "isAvailable": true,
    "locations": ["vic", "sa", "qld", "nsw", "wa", "tas", "act", "nt"]
  },
  {
    "apiUrl": "https://shop.coles.com.au/search/resources/store/20529/productview/bySeoUrlKeyword/continental-cup-a-soup-soup-hearty-dutch-curry?catalogId=27101",
    "id": "c5706050p-9300667038073",
    "store": "coles",
    "name": "Cup A Soup Dutch Curry with Rice 2 pack",
    "brand": "Continental",
    "price": 1,
    "orgPrice": 2,
    "categoryIds": ["pantry"],
    "imagePath": "https://shop.coles.com.au/wcsstore/Coles-CAS/images/5/7/0/5706050.jpg",
    "cupPrice": "$1.82 per 100g",
    "unit": "ea",
    "packageSize": "55g",
    "barcode": ["9300667038073"],
    "isAvailable": true,
    "locations": ["vic", "sa", "qld", "nsw", "wa", "tas", "act", "nt"]
  },
  {
    "apiUrl": "https://shop.coles.com.au/search/resources/store/20529/productview/bySeoUrlKeyword/continental-cup-a-soup-hearty-italian-minestrone?catalogId=27101",
    "id": "c5342920p-9300667015029",
    "store": "coles",
    "name": "Cup A Soup Italian Minestrone 2 pack",
    "brand": "Continental",
    "price": 1,
    "orgPrice": 2,
    "categoryIds": ["pantry"],
    "imagePath": "https://shop.coles.com.au/wcsstore/Coles-CAS/images/5/3/4/5342920.jpg",
    "cupPrice": "$1.33 per 100g",
    "unit": "ea",
    "packageSize": "75g",
    "barcode": ["9300667015029"],
    "isAvailable": true,
    "locations": ["vic", "sa", "qld", "nsw", "wa", "tas", "act", "nt"]
  },
  {
    "apiUrl": "https://shop.coles.com.au/search/resources/store/20529/productview/bySeoUrlKeyword/continental-cup-a-soup-hearty-roast-chicken?catalogId=27101",
    "id": "c290465p-9300667015012",
    "store": "coles",
    "name": "Cup A Soup Roast Chicken 2 pack",
    "brand": "Continental",
    "price": 1,
    "orgPrice": 2,
    "categoryIds": ["pantry"],
    "imagePath": "https://shop.coles.com.au/wcsstore/Coles-CAS/images/2/9/0/290465.jpg",
    "cupPrice": "$1.33 per 100g",
    "unit": "ea",
    "packageSize": "75g",
    "barcode": ["9300667015012"],
    "isAvailable": true,
    "locations": ["vic", "sa", "qld", "nsw", "wa", "tas", "act", "nt"]
  },
  {
    "apiUrl": "https://shop.coles.com.au/search/resources/store/20529/productview/bySeoUrlKeyword/aunt-bettys-pudding-golden-syrup-2-x-95g?catalogId=27101",
    "id": "c9958113p-9417986939018",
    "store": "coles",
    "name": "Gooey Golden Syrup Steamy Puds 2 Pack",
    "brand": "Aunt Betty's",
    "price": 2,
    "orgPrice": 4,
    "categoryIds": ["pantry"],
    "imagePath": "https://shop.coles.com.au/wcsstore/Coles-CAS/images/9/9/5/9958113.jpg",
    "cupPrice": "$1.05 per 100g",
    "unit": "ea",
    "packageSize": "190g",
    "barcode": ["9417986939018"],
    "isAvailable": true,
    "locations": ["vic", "sa", "qld", "nsw", "wa", "tas", "act", "nt"]
  },
  {
    "apiUrl": "https://shop.coles.com.au/search/resources/store/20529/productview/bySeoUrlKeyword/natures-way-slim-right-weight-loss-powder-chocolate?catalogId=27101",
    "id": "c9676010p-9314807060770",
    "store": "coles",
    "name": "Slim Right Chocolate Weight Loss Powder",
    "brand": "Nature's Way",
    "price": 7.25,
    "orgPrice": 14.5,
    "categoryIds": ["pantry", "health-beauty"],
    "imagePath": "https://shop.coles.com.au/wcsstore/Coles-CAS/images/9/6/7/9676010.jpg",
    "cupPrice": "$1.93 per 100g",
    "unit": "ea",
    "packageSize": "375g",
    "barcode": ["9314807060770", "9314807008147"],
    "isAvailable": true,
    "locations": ["vic", "sa", "qld", "nsw", "wa", "tas", "act", "nt"]
  },
  {
    "apiUrl": "https://shop.coles.com.au/search/resources/store/20529/productview/bySeoUrlKeyword/aunt-bettys-pudding-sticky-date-2-x-95g?catalogId=27101",
    "id": "c9958237p-9417986939032",
    "store": "coles",
    "name": "Sticky Date Steamy Pud 2 Pack",
    "brand": "Aunt Betty's",
    "price": 2,
    "orgPrice": 4,
    "categoryIds": ["pantry"],
    "imagePath": "https://shop.coles.com.au/wcsstore/Coles-CAS/images/9/9/5/9958237.jpg",
    "cupPrice": "$1.05 per 100g",
    "unit": "ea",
    "packageSize": "190g",
    "barcode": ["9417986939032"],
    "isAvailable": true,
    "locations": ["vic", "sa", "qld", "nsw", "wa", "tas", "act", "nt"]
  },
  {
    "apiUrl": "https://shop.coles.com.au/search/resources/store/20529/productview/bySeoUrlKeyword/cadbury-block-milk-bubbly?catalogId=27101",
    "id": "c9899331p-9300617063780",
    "store": "coles",
    "name": "Dairy Milk Bubbly Milk Chocolate Block",
    "brand": "Cadbury",
    "price": 2.5,
    "orgPrice": 5,
    "categoryIds": ["pantry"],
    "imagePath": "https://shop.coles.com.au/wcsstore/Coles-CAS/images/9/8/9/9899331.jpg",
    "cupPrice": "$1.56 per 100g",
    "unit": "ea",
    "packageSize": "160g",
    "barcode": ["9300617063780", "9300617021902", "9300617001454"],
    "isAvailable": true,
    "locations": ["vic", "sa", "qld", "nsw", "wa", "tas", "act", "nt"]
  },
  {
    "apiUrl": "https://shop.coles.com.au/search/resources/store/20529/productview/bySeoUrlKeyword/continental-homestyle-chicken-noodle-cup-a-soup-2-pack?catalogId=27101",
    "id": "c2667633p-9300830037476",
    "store": "coles",
    "name": "Cup A Soup Homestyle Chicken Noodle 2 pack",
    "brand": "Continental",
    "price": 1,
    "orgPrice": 2,
    "categoryIds": ["pantry"],
    "imagePath": "https://shop.coles.com.au/wcsstore/Coles-CAS/images/2/6/6/2667633.jpg",
    "cupPrice": "$2.50 per 100g",
    "unit": "ea",
    "packageSize": "40g",
    "barcode": ["9300830037476"],
    "isAvailable": true,
    "locations": ["vic", "sa", "qld", "nsw", "wa", "tas", "act", "nt"]
  },
  {
    "apiUrl": "https://shop.coles.com.au/search/resources/store/20529/productview/bySeoUrlKeyword/nice-natural--roasted-choc-apricot-nut-bar?catalogId=27101",
    "id": "c2605931p-9400563448683",
    "store": "coles",
    "name": "Chocolate Peanut Apricot Bars 6 Pack",
    "brand": "Nice & Natural",
    "price": 2,
    "orgPrice": 4,
    "categoryIds": ["pantry"],
    "imagePath": "https://shop.coles.com.au/wcsstore/Coles-CAS/images/2/6/0/2605931.jpg",
    "cupPrice": "$1.11 per 100g",
    "unit": "ea",
    "packageSize": "180g",
    "barcode": ["9400563448683"],
    "isAvailable": true,
    "locations": ["vic", "sa", "qld", "nsw", "wa", "tas", "act", "nt"]
  },
  {
    "apiUrl": "https://shop.coles.com.au/search/resources/store/20529/productview/bySeoUrlKeyword/lindt-lindor-limited-edition-cornet?catalogId=27101",
    "id": "c3314377p-8003340094298",
    "store": "coles",
    "name": "Lindor Limited Edition Chocolate Balls Assorted",
    "brand": "Lindt",
    "price": 10,
    "orgPrice": 20,
    "categoryIds": ["pantry"],
    "imagePath": "https://shop.coles.com.au/wcsstore/Coles-CAS/images/3/3/1/3314377.jpg",
    "cupPrice": "$2.67 per 100g",
    "unit": "ea",
    "packageSize": "375g",
    "barcode": ["8003340094298", "9323966118512", "8003340099798"],
    "isAvailable": true,
    "locations": ["vic", "sa", "qld", "nsw", "wa", "tas", "act", "nt"]
  },
  {
    "apiUrl": "https://shop.coles.com.au/search/resources/store/20529/productview/bySeoUrlKeyword/continental-cup-a-soup-lots-a-noodles-chicken-corn?catalogId=27101",
    "id": "c7978200p-9300667015142",
    "store": "coles",
    "name": "Cup A Soup Chinese Chicken & Corn with Lots of Noodles 2 pack",
    "brand": "Continental",
    "price": 1,
    "orgPrice": 2,
    "categoryIds": ["pantry"],
    "imagePath": "https://shop.coles.com.au/wcsstore/Coles-CAS/images/7/9/7/7978200.jpg",
    "cupPrice": "$1.52 per 100g",
    "unit": "ea",
    "packageSize": "66g",
    "barcode": ["9300667015142"],
    "isAvailable": true,
    "locations": ["vic", "sa", "qld", "nsw", "wa", "tas", "act", "nt"]
  },
  {
    "apiUrl": "https://shop.coles.com.au/search/resources/store/20529/productview/bySeoUrlKeyword/kelloggs-cereal-frosties?catalogId=27101",
    "id": "c1033628p-9310055536593",
    "store": "coles",
    "name": "Frosties Breakfast Cereal",
    "brand": "Kellogg's",
    "price": 2.47,
    "orgPrice": 4.95,
    "categoryIds": ["pantry"],
    "imagePath": "https://shop.coles.com.au/wcsstore/Coles-CAS/images/1/0/3/1033628.jpg",
    "cupPrice": "$0.71 per 100g",
    "unit": "ea",
    "packageSize": "350g",
    "barcode": ["9310055536593"],
    "isAvailable": true,
    "locations": ["vic", "sa", "qld", "nsw", "wa", "tas", "act", "nt"]
  },
  {
    "apiUrl": "https://shop.coles.com.au/search/resources/store/20529/productview/bySeoUrlKeyword/continental-cup-a-soup-asian-red-thai-curry?catalogId=27101",
    "id": "c9194846p-9300667025332",
    "store": "coles",
    "name": "Cup A Soup Thai Red Curry 2 pack",
    "brand": "Continental",
    "price": 1,
    "orgPrice": 2,
    "categoryIds": ["pantry"],
    "imagePath": "https://shop.coles.com.au/wcsstore/Coles-CAS/images/9/1/9/9194846.jpg",
    "cupPrice": "$1.67 per 100g",
    "unit": "ea",
    "packageSize": "60g",
    "barcode": ["9300667025332"],
    "isAvailable": true,
    "locations": ["vic", "sa", "qld", "nsw", "wa", "tas", "act", "nt"]
  },
  {
    "apiUrl": "https://shop.coles.com.au/search/resources/store/20529/productview/bySeoUrlKeyword/continental-cup-a-soup-creamy-potato-bacon-with-croutons?catalogId=27101",
    "id": "c9151606p-9300667024984",
    "store": "coles",
    "name": "Cup A Soup Creamy Potato & Bacon With Croutons 2 Pack",
    "brand": "Continental",
    "price": 1,
    "orgPrice": 2,
    "categoryIds": ["pantry"],
    "imagePath": "https://shop.coles.com.au/wcsstore/Coles-CAS/images/9/1/5/9151606.jpg",
    "cupPrice": "$2.00 per 100g",
    "unit": "ea",
    "packageSize": "50g",
    "barcode": ["9300667024984"],
    "isAvailable": true,
    "locations": ["vic", "sa", "qld", "nsw", "wa", "tas", "act", "nt"]
  },
  {
    "apiUrl": "https://shop.coles.com.au/search/resources/store/20529/productview/bySeoUrlKeyword/cadbury-family-block-chocolate-roast-almond?catalogId=27101",
    "id": "c2351630p-9300617065227",
    "store": "coles",
    "name": "Dairy Milk Roast Almond Chocolate Block",
    "brand": "Cadbury",
    "price": 2.5,
    "orgPrice": 5,
    "categoryIds": ["pantry"],
    "imagePath": "https://shop.coles.com.au/wcsstore/Coles-CAS/images/2/3/5/23516.jpg",
    "cupPrice": "$1.39 per 100g",
    "unit": "ea",
    "packageSize": "180g",
    "barcode": ["9300617065227", "9300617041245", "400003348220"],
    "isAvailable": true,
    "locations": ["vic", "sa", "qld", "nsw", "wa", "tas", "act", "nt"]
  },
  {
    "apiUrl": "https://shop.coles.com.au/search/resources/store/20529/productview/bySeoUrlKeyword/majans-bhuja-ancient-grain-nut-twists?catalogId=27101",
    "id": "c2523371p-9316401201412",
    "store": "coles",
    "name": "Gluten Free Ancient Grain Twists With Chia And Quinoa",
    "brand": "Majans Bhuja",
    "price": 1.92,
    "orgPrice": 3.85,
    "categoryIds": ["pantry"],
    "imagePath": "https://shop.coles.com.au/wcsstore/Coles-CAS/images/2/5/2/2523371.jpg",
    "cupPrice": "$13.71 per 1kg",
    "unit": "ea",
    "packageSize": "140g",
    "barcode": ["9316401201412"],
    "isAvailable": true,
    "locations": ["vic", "sa", "qld", "nsw", "wa", "tas", "act", "nt"]
  },
  {
    "apiUrl": "https://shop.coles.com.au/search/resources/store/20529/productview/bySeoUrlKeyword/nice-natural--roasted-almond-nut-bar-6-pack?catalogId=27101",
    "id": "c2605910p-9400563448584",
    "store": "coles",
    "name": "Roasted Peanut Almond Bars 6 Pack",
    "brand": "Nice & Natural",
    "price": 2,
    "orgPrice": 4,
    "categoryIds": ["pantry"],
    "imagePath": "https://shop.coles.com.au/wcsstore/Coles-CAS/images/2/6/0/2605910.jpg",
    "cupPrice": "$1.04 per 100g",
    "unit": "ea",
    "packageSize": "192g",
    "barcode": ["9400563448584"],
    "isAvailable": true,
    "locations": ["vic", "sa", "qld", "nsw", "wa", "tas", "act", "nt"]
  },
  {
    "apiUrl": "https://shop.coles.com.au/search/resources/store/20529/productview/bySeoUrlKeyword/kelloggs-gluten-free-fig-raisin-breakfast-biscuits?catalogId=27101",
    "id": "c2815129p-9310055102446",
    "store": "coles",
    "name": "Gluten Free Baked Muesli Breakfast Biscuits With Apricot Fig And Raisin",
    "brand": "Kellogg's",
    "price": 2.5,
    "orgPrice": 5,
    "categoryIds": ["pantry"],
    "imagePath": "https://shop.coles.com.au/wcsstore/Coles-CAS/images/2/8/1/2815129.jpg",
    "cupPrice": "$1.25 per 100g",
    "unit": "ea",
    "packageSize": "200g",
    "barcode": ["9310055102446"],
    "isAvailable": true,
    "locations": ["vic", "sa", "qld", "nsw", "wa", "tas", "act", "nt"]
  },
  {
    "apiUrl": "https://shop.coles.com.au/search/resources/store/20529/productview/bySeoUrlKeyword/cadbury-block-marvellous-creations-jelly-crunchie?catalogId=27101",
    "id": "c2898975p-9300617058106",
    "store": "coles",
    "name": "Dairy Milk Picnic Chocolate Block",
    "brand": "Cadbury",
    "price": 2.5,
    "orgPrice": 5,
    "categoryIds": ["pantry"],
    "imagePath": "https://shop.coles.com.au/wcsstore/Coles-CAS/images/2/8/9/2898975.jpg",
    "cupPrice": "$1.47 per 100g",
    "unit": "ea",
    "packageSize": "170g",
    "barcode": ["9300617058106", "9300617067443", "9300617065371"],
    "isAvailable": true,
    "locations": ["vic", "sa", "qld", "nsw", "wa", "tas", "act", "nt"]
  },
  {
    "apiUrl": "https://shop.coles.com.au/search/resources/store/20529/productview/bySeoUrlKeyword/lindt-lindor-milk-cornet?catalogId=27101",
    "id": "c3191437p",
    "store": "coles",
    "name": "Lindor Milk Cornet",
    "brand": "Lindt",
    "price": 10,
    "orgPrice": 20,
    "categoryIds": ["pantry"],
    "imagePath": "https://shop.coles.com.au/wcsstore/Coles-CAS/images/3/1/9/3191437.jpg",
    "cupPrice": "$2.67 per 100g",
    "unit": "ea",
    "packageSize": "375g",
    "barcode": null,
    "isAvailable": true,
    "locations": ["vic", "sa", "qld", "nsw", "wa", "tas", "act", "nt"]
  },
  {
    "apiUrl": "https://shop.coles.com.au/search/resources/store/20529/productview/bySeoUrlKeyword/mcvities-jaffa-cakes-biscuits-choc?catalogId=27101",
    "id": "c3163646p-5000168002071",
    "store": "coles",
    "name": "Jaffa Cakes Biscuits Choc",
    "brand": "Mcvitie's",
    "price": 1.5,
    "orgPrice": 3,
    "categoryIds": ["pantry"],
    "imagePath": "https://shop.coles.com.au/wcsstore/Coles-CAS/images/3/1/6/3163646.jpg",
    "cupPrice": "$1.36 per 100g",
    "unit": "ea",
    "packageSize": "110g",
    "barcode": ["5000168002071", "5000396047035"],
    "isAvailable": true,
    "locations": ["vic", "sa", "qld", "nsw", "wa", "tas", "act", "nt"]
  },
  {
    "apiUrl": "https://shop.coles.com.au/search/resources/store/20529/productview/bySeoUrlKeyword/bega-simply-nuts-crunchy-peanut-butter?catalogId=27101",
    "id": "c3447596p-9352042002100",
    "store": "coles",
    "name": "Simply Nuts Crunchy Peanut Butter",
    "brand": "Bega",
    "price": 2.5,
    "orgPrice": 5,
    "categoryIds": ["pantry"],
    "imagePath": "https://shop.coles.com.au/wcsstore/Coles-CAS/images/3/4/4/3447596.jpg",
    "cupPrice": "$0.77 per 100g",
    "unit": "ea",
    "packageSize": "325g",
    "barcode": ["9352042002100"],
    "isAvailable": true,
    "locations": ["vic", "sa", "qld", "nsw", "wa", "tas", "act", "nt"]
  },
  {
    "apiUrl": "https://shop.coles.com.au/search/resources/store/20529/productview/bySeoUrlKeyword/cadbury-family-block-indulge-with-mint-creme?catalogId=27101",
    "id": "c3476619p-9300617074007",
    "store": "coles",
    "name": "Dairy Milk Indulge With Crispy Mint Creme Family Block",
    "brand": "Cadbury",
    "price": 2.5,
    "orgPrice": 5,
    "categoryIds": ["pantry"],
    "imagePath": "https://shop.coles.com.au/wcsstore/Coles-CAS/images/3/4/7/3476619.jpg",
    "cupPrice": "$1.43 per 100g",
    "unit": "ea",
    "packageSize": "175g",
    "barcode": ["9300617074007"],
    "isAvailable": true,
    "locations": ["vic", "sa", "qld", "nsw", "wa", "tas", "act", "nt"]
  },
  {
    "apiUrl": "https://shop.coles.com.au/search/resources/store/20529/productview/bySeoUrlKeyword/natural-chip-co-corn-chips-sea-salt?catalogId=27101",
    "id": "c3574108p-9310988017237",
    "store": "coles",
    "name": "Sea Salt Tortilla Strips",
    "brand": "Natural Chip Co.",
    "price": 1.75,
    "orgPrice": 3.5,
    "categoryIds": ["pantry"],
    "imagePath": "https://shop.coles.com.au/wcsstore/Coles-CAS/images/3/5/7/3574108.jpg",
    "cupPrice": "$1.00 per 100g",
    "unit": "ea",
    "packageSize": "175g",
    "barcode": ["9310988017237"],
    "isAvailable": true,
    "locations": ["vic", "sa", "qld", "nsw", "tas", "act", "nt"]
  },
  {
    "apiUrl": "https://shop.coles.com.au/search/resources/store/20529/productview/bySeoUrlKeyword/bega-simply-nuts-ultimate-crunch-peanut-butter?catalogId=27101",
    "id": "c3605391p-9352042002575",
    "store": "coles",
    "name": "Simply Nuts The Crunchiest Peanut Butter",
    "brand": "Bega",
    "price": 2.5,
    "orgPrice": 5,
    "categoryIds": ["pantry"],
    "imagePath": "https://shop.coles.com.au/wcsstore/Coles-CAS/images/3/6/0/3605391.jpg",
    "cupPrice": "$0.77 per 100g",
    "unit": "ea",
    "packageSize": "325g",
    "barcode": ["9352042002575"],
    "isAvailable": true,
    "locations": ["vic", "sa", "qld", "nsw", "wa", "tas", "act", "nt"]
  },
  {
    "apiUrl": "https://shop.coles.com.au/search/resources/store/20529/productview/bySeoUrlKeyword/robert-timms-coffee-bags-decaf?catalogId=27101",
    "id": "c6415064p-9325121003459",
    "store": "coles",
    "name": "Decaffeinated Coffee Bags 18 pack",
    "brand": "Robert Timms",
    "price": 5.9,
    "orgPrice": 7.4,
    "categoryIds": ["pantry", "drinks"],
    "imagePath": "https://shop.coles.com.au/wcsstore/Coles-CAS/images/6/4/1/6415064.jpg",
    "cupPrice": "$5.62 per 100g",
    "unit": "ea",
    "packageSize": "105g",
    "barcode": ["9325121003459", "400000995397"],
    "isAvailable": true,
    "locations": ["vic", "sa", "qld", "nsw", "wa", "tas", "act", "nt"]
  },
  {
    "apiUrl": "https://shop.coles.com.au/search/resources/store/20529/productview/bySeoUrlKeyword/nice-natural-nut-bar-original-6-pack?catalogId=27101",
    "id": "c9827148p-9400563448645",
    "store": "coles",
    "name": "Roasted Peanut Nut Bars 6 Pack",
    "brand": "Nice & Natural",
    "price": 2,
    "orgPrice": 4,
    "categoryIds": ["pantry"],
    "imagePath": "https://shop.coles.com.au/wcsstore/Coles-CAS/images/9/8/2/9827148.jpg",
    "cupPrice": "$1.04 per 100g",
    "unit": "ea",
    "packageSize": "192g",
    "barcode": ["9400563448645", "9400563500558", "9400563740466"],
    "isAvailable": true,
    "locations": ["vic", "sa", "nsw", "wa", "tas", "act", "nt"]
  },
  {
    "apiUrl": "https://shop.coles.com.au/search/resources/store/20529/productview/bySeoUrlKeyword/continental-cup-a-soup-creamy-pumpkin-with-croutons?catalogId=27101",
    "id": "c9151537p-9300667025042",
    "store": "coles",
    "name": "Cup A Soup Creamy Pumpkin with Croutons 2 pack",
    "brand": "Continental",
    "price": 1,
    "orgPrice": 2,
    "categoryIds": ["pantry"],
    "imagePath": "https://shop.coles.com.au/wcsstore/Coles-CAS/images/9/1/5/9151537.jpg",
    "cupPrice": "$1.82 per 100g",
    "unit": "ea",
    "packageSize": "55g",
    "barcode": ["9300667025042"],
    "isAvailable": true,
    "locations": ["vic", "sa", "qld", "nsw", "wa", "tas", "act", "nt"]
  },
  {
    "apiUrl": "https://shop.coles.com.au/search/resources/store/20529/productview/bySeoUrlKeyword/continental-homestyle-pumpkin-cup-a-soup-2-pack?catalogId=27101",
    "id": "c2667655p-9300830037452",
    "store": "coles",
    "name": "Cup A Soup Homestyle Pumpkin 2 Pack",
    "brand": "Continental",
    "price": 1,
    "orgPrice": 2,
    "categoryIds": ["pantry"],
    "imagePath": "https://shop.coles.com.au/wcsstore/Coles-CAS/images/2/6/6/2667655.jpg",
    "cupPrice": "$1.64 per 100g",
    "unit": "ea",
    "packageSize": "61g",
    "barcode": ["9300830037452"],
    "isAvailable": true,
    "locations": ["vic", "sa", "qld", "nsw", "wa", "tas", "act", "nt"]
  },
  {
    "apiUrl": "https://shop.coles.com.au/search/resources/store/20529/productview/bySeoUrlKeyword/heritage-mill-porridge-vanilla-honey-chia?catalogId=27101",
    "id": "c3274272p-9315090207934",
    "store": "coles",
    "name": "Honey & Vanilla Heritage Mill Porridge Sachets 8 Pack",
    "brand": "Freedom Foods",
    "price": 2.5,
    "orgPrice": 5,
    "categoryIds": ["pantry"],
    "imagePath": "https://shop.coles.com.au/wcsstore/Coles-CAS/images/3/2/7/3274272.jpg",
    "cupPrice": "$0.78 per 100g",
    "unit": "ea",
    "packageSize": "320g",
    "barcode": ["9315090207934"],
    "isAvailable": true,
    "locations": ["vic", "sa", "qld", "nsw", "wa", "tas", "act", "nt"]
  },
  {
    "apiUrl": "https://shop.coles.com.au/search/resources/store/20529/productview/bySeoUrlKeyword/nestle-kit-kat-gold?catalogId=27101",
    "id": "c3569888p-400003525102",
    "store": "coles",
    "name": "KitKat Gold White Chocolate With Caramelised Break",
    "brand": "Nestle",
    "price": 1,
    "orgPrice": 2,
    "categoryIds": ["pantry"],
    "imagePath": "https://shop.coles.com.au/wcsstore/Coles-CAS/images/3/5/6/3569888.jpg",
    "cupPrice": "$2.22 per 100g",
    "unit": "ea",
    "packageSize": "45g",
    "barcode": ["400003525102", "9300605122994"],
    "isAvailable": true,
    "locations": ["vic", "sa", "qld", "nsw", "wa", "tas", "act", "nt"]
  },
  {
    "apiUrl": "https://shop.coles.com.au/search/resources/store/20529/productview/bySeoUrlKeyword/cadbury-giant-freddo-dairy-milk?catalogId=27101",
    "id": "c5248149p-9300617000501",
    "store": "coles",
    "name": "Dairy Milk Chocolate  Freddo",
    "brand": "Cadbury",
    "price": 0.5,
    "orgPrice": 1,
    "categoryIds": ["pantry"],
    "imagePath": "https://shop.coles.com.au/wcsstore/Coles-CAS/images/5/2/4/5248149.jpg",
    "cupPrice": "$1.43 per 100g",
    "unit": "ea",
    "packageSize": "35g",
    "barcode": ["9300617000501", "9300617333371", "9300617411031"],
    "isAvailable": true,
    "locations": ["vic", "sa", "qld", "nsw", "wa", "tas", "act", "nt"]
  },
  {
    "apiUrl": "https://shop.coles.com.au/search/resources/store/20529/productview/bySeoUrlKeyword/natures-way-slim-right-weight-loss-powder-vanilla?catalogId=27101",
    "id": "c4173135p-9314807009427",
    "store": "coles",
    "name": "Slim Right Vanilla Weight Loss Powder",
    "brand": "Nature's Way",
    "price": 7.25,
    "orgPrice": 14.5,
    "categoryIds": ["pantry", "health-beauty"],
    "imagePath": "https://shop.coles.com.au/wcsstore/Coles-CAS/images/4/1/7/4173135.jpg",
    "cupPrice": "$1.93 per 100g",
    "unit": "ea",
    "packageSize": "375g",
    "barcode": ["9314807009427", "400003456598", "9314807060763"],
    "isAvailable": true,
    "locations": ["vic", "sa", "qld", "nsw", "wa", "tas", "act", "nt"]
  },
  {
    "apiUrl": "https://shop.coles.com.au/search/resources/store/20529/productview/bySeoUrlKeyword/cadbury-caramello-koala-2395362p?catalogId=27101",
    "id": "c2395362p-9300617044901",
    "store": "coles",
    "name": "Caramello Koala\u00a0Chocolate",
    "brand": "Cadbury",
    "price": 0.5,
    "orgPrice": 1,
    "categoryIds": ["pantry"],
    "imagePath": "https://shop.coles.com.au/wcsstore/Coles-CAS/images/2/3/9/2395362.jpg",
    "cupPrice": "$1.43 per 100g",
    "unit": "ea",
    "packageSize": "35g",
    "barcode": ["9300617044901"],
    "isAvailable": true,
    "locations": ["vic", "sa", "qld", "nsw", "wa", "tas", "act", "nt"]
  },
  {
    "apiUrl": "https://shop.coles.com.au/search/resources/store/20529/productview/bySeoUrlKeyword/majans-bhuja-cracker-mix?catalogId=27101",
    "id": "c2523338p-9316401201474",
    "store": "coles",
    "name": "Cracker Mix",
    "brand": "Majans Bhuja",
    "price": 1.92,
    "orgPrice": 3.85,
    "categoryIds": ["pantry"],
    "imagePath": "https://shop.coles.com.au/wcsstore/Coles-CAS/images/2/5/2/2523338.jpg",
    "cupPrice": "$9.60 per 1kg",
    "unit": "ea",
    "packageSize": "200g",
    "barcode": ["9316401201474"],
    "isAvailable": true,
    "locations": ["vic", "sa", "qld", "nsw", "wa", "tas", "act", "nt"]
  },
  {
    "apiUrl": "https://shop.coles.com.au/search/resources/store/20529/productview/bySeoUrlKeyword/toblerone-milk-chocolate-5172284p?catalogId=27101",
    "id": "c5172284p-76145513",
    "store": "coles",
    "name": "Milk Chocolate Bar",
    "brand": "Toblerone",
    "price": 1,
    "orgPrice": 2,
    "categoryIds": ["pantry"],
    "imagePath": "https://shop.coles.com.au/wcsstore/Coles-CAS/images/5/1/7/5172284.jpg",
    "cupPrice": "$2.00 per 100g",
    "unit": "ea",
    "packageSize": "50g",
    "barcode": ["76145513", "400003309092"],
    "isAvailable": true,
    "locations": ["vic", "sa", "qld", "nsw", "wa", "tas", "act", "nt"]
  },
  {
    "apiUrl": "https://shop.coles.com.au/search/resources/store/20529/productview/bySeoUrlKeyword/cadbury-marv-creations-spiders-block-lemonade?catalogId=27101",
    "id": "c2898793p-9300617059646",
    "store": "coles",
    "name": "Dairy Milk Boost",
    "brand": "Cadbury",
    "price": 2.5,
    "orgPrice": 5,
    "categoryIds": ["pantry"],
    "imagePath": "https://shop.coles.com.au/wcsstore/Coles-CAS/images/2/8/9/2898793.jpg",
    "cupPrice": "$1.54 per 100g",
    "unit": "ea",
    "packageSize": "162g",
    "barcode": [
      "9300617059646",
      "9300617067269",
      "9300617067474",
      "9300617070085"
    ],
    "isAvailable": true,
    "locations": ["vic", "sa", "qld", "nsw", "wa", "tas", "act", "nt"]
  },
  {
    "apiUrl": "https://shop.coles.com.au/search/resources/store/20529/productview/bySeoUrlKeyword/moccona-coffee-capsules-espresso-7?catalogId=27101",
    "id": "c3525634p-8711000370001",
    "store": "coles",
    "name": "Espresso 7 Coffee Capsules 10 pack",
    "brand": "Moccona",
    "price": 3,
    "orgPrice": 6,
    "categoryIds": ["pantry", "drinks"],
    "imagePath": "https://shop.coles.com.au/wcsstore/Coles-CAS/images/3/5/2/3525634.jpg",
    "cupPrice": "$5.77 per 100g",
    "unit": "ea",
    "packageSize": "52g",
    "barcode": ["8711000370001", "8711000377390"],
    "isAvailable": true,
    "locations": ["vic", "sa", "qld", "nsw", "wa", "tas", "act", "nt"]
  },
  {
    "apiUrl": "https://shop.coles.com.au/search/resources/store/20529/productview/bySeoUrlKeyword/natural-chip-co-corn-chips-sour-cream-chives?catalogId=27101",
    "id": "c3574119p-9310988017244",
    "store": "coles",
    "name": "Sour Cream & Chives Tortilla Strips",
    "brand": "The Natural Chip Co.",
    "price": 1.75,
    "orgPrice": 3.5,
    "categoryIds": ["pantry"],
    "imagePath": "https://shop.coles.com.au/wcsstore/Coles-CAS/images/3/5/7/3574119.jpg",
    "cupPrice": "$1.00 per 100g",
    "unit": "ea",
    "packageSize": "175g",
    "barcode": ["9310988017244"],
    "isAvailable": true,
    "locations": ["vic", "sa", "qld", "nsw", "tas", "act", "nt"]
  },
  {
    "apiUrl": "https://shop.coles.com.au/search/resources/store/20529/productview/bySeoUrlKeyword/nestle-chunky-caramel-chocolate-kit-kat?catalogId=27101",
    "id": "c2026140p-9300605094666",
    "store": "coles",
    "name": "KitKat Chunky Caramel",
    "brand": "Nestle",
    "price": 1,
    "orgPrice": 2,
    "categoryIds": ["pantry"],
    "imagePath": "https://shop.coles.com.au/wcsstore/Coles-CAS/images/2/0/2/2026140.jpg",
    "cupPrice": "$1.82 per 100g",
    "unit": "ea",
    "packageSize": "55g",
    "barcode": ["9300605094666"],
    "isAvailable": true,
    "locations": ["vic", "sa", "qld", "nsw", "wa", "tas", "act", "nt"]
  },
  {
    "apiUrl": "https://shop.coles.com.au/search/resources/store/20529/productview/bySeoUrlKeyword/mars-maltesers-teasers?catalogId=27101",
    "id": "c2458509p-9300682045421",
    "store": "coles",
    "name": "Teasers Milk Chocolate Bar",
    "brand": "Maltesers",
    "price": 1,
    "orgPrice": 2,
    "categoryIds": ["pantry"],
    "imagePath": "https://shop.coles.com.au/wcsstore/Coles-CAS/images/2/4/5/2458509.jpg",
    "cupPrice": "$2.86 per 100g",
    "unit": "ea",
    "packageSize": "35g",
    "barcode": ["9300682045421", "9300682054751"],
    "isAvailable": true,
    "locations": ["vic", "sa", "qld", "nsw", "wa", "tas", "act", "nt"]
  },
  {
    "apiUrl": "https://shop.coles.com.au/search/resources/store/20529/productview/bySeoUrlKeyword/mars-chocolate-milky-way?catalogId=27101",
    "id": "c3293663p-9300682046480",
    "store": "coles",
    "name": "Chocolate Bar",
    "brand": "Milky Way",
    "price": 1,
    "orgPrice": 2,
    "categoryIds": ["pantry"],
    "imagePath": "https://shop.coles.com.au/wcsstore/Coles-CAS/images/3/2/9/3293663.jpg",
    "cupPrice": "$1.89 per 100g",
    "unit": "ea",
    "packageSize": "53g",
    "barcode": ["9300682046480"],
    "isAvailable": true,
    "locations": ["vic", "sa", "qld", "nsw", "wa", "tas", "act", "nt"]
  },
  {
    "apiUrl": "https://shop.coles.com.au/search/resources/store/20529/productview/bySeoUrlKeyword/uncle-tobys-oats-super-blends-almond-cinnamon?catalogId=27101",
    "id": "c3433128p-9300605126558",
    "store": "coles",
    "name": "Super Blends Protein Oats Rye & Spelt With Almond & Cinnamon",
    "brand": "Uncle Tobys",
    "price": 3.47,
    "orgPrice": 6.95,
    "categoryIds": ["pantry"],
    "imagePath": "https://shop.coles.com.au/wcsstore/Coles-CAS/images/3/4/3/3433128.jpg",
    "cupPrice": "$0.94 per 100g",
    "unit": "ea",
    "packageSize": "368g",
    "barcode": ["9300605126558"],
    "isAvailable": true,
    "locations": ["vic", "sa", "qld", "nsw", "wa", "tas", "act", "nt"]
  },
  {
    "apiUrl": "https://shop.coles.com.au/search/resources/store/20529/productview/bySeoUrlKeyword/plumrose-leg-ham-283754p?catalogId=27101",
    "id": "c283754p-93645188",
    "store": "coles",
    "name": "Leg Ham",
    "brand": "Plumrose",
    "price": 3.95,
    "orgPrice": 7.9,
    "categoryIds": ["pantry"],
    "imagePath": "https://shop.coles.com.au/wcsstore/Coles-CAS/images/2/8/3/283754.jpg",
    "cupPrice": "$11.62 per 1kg",
    "unit": "ea",
    "packageSize": "340g",
    "barcode": ["93645188", "9341370002050"],
    "isAvailable": true,
    "locations": ["vic", "sa", "qld", "nsw", "wa", "tas", "act", "nt"]
  },
  {
    "apiUrl": "https://shop.coles.com.au/search/resources/store/20529/productview/bySeoUrlKeyword/aunt-betty-plum-pudding-2-pack?catalogId=27101",
    "id": "c2424212p-9417986942353",
    "store": "coles",
    "name": "Plum Pudding Caramel Steamy Puds 2 Pack",
    "brand": "Aunt Betty's",
    "price": 2,
    "orgPrice": 4,
    "categoryIds": ["pantry"],
    "imagePath": "https://shop.coles.com.au/wcsstore/Coles-CAS/images/2/4/2/2424212.jpg",
    "cupPrice": "$0.91 per 100g",
    "unit": "ea",
    "packageSize": "220g",
    "barcode": ["9417986942353"],
    "isAvailable": true,
    "locations": ["vic", "sa", "qld", "nsw", "wa", "tas", "act", "nt"]
  },
  {
    "apiUrl": "https://shop.coles.com.au/search/resources/store/20529/productview/bySeoUrlKeyword/continental-homestyle-chicken-cup-a-soup-2-pack?catalogId=27101",
    "id": "c2667622p-9300830037483",
    "store": "coles",
    "name": "Cup A Soup Homestyle Chicken 2 pack",
    "brand": "Continental",
    "price": 1,
    "orgPrice": 2,
    "categoryIds": ["pantry"],
    "imagePath": "https://shop.coles.com.au/wcsstore/Coles-CAS/images/2/6/6/2667622.jpg",
    "cupPrice": "$2.17 per 100g",
    "unit": "ea",
    "packageSize": "46g",
    "barcode": ["9300830037483"],
    "isAvailable": true,
    "locations": ["vic", "sa", "qld", "nsw", "wa", "tas", "act", "nt"]
  },
  {
    "apiUrl": "https://shop.coles.com.au/search/resources/store/20529/productview/bySeoUrlKeyword/aunt-bettys-gooey-caramel-pudding-2-pack?catalogId=27101",
    "id": "c9958146p-9417986939025",
    "store": "coles",
    "name": "Gooey Caramel Steamy Puds 2 Pack",
    "brand": "Aunt Betty's",
    "price": 2,
    "orgPrice": 4,
    "categoryIds": ["pantry"],
    "imagePath": "https://shop.coles.com.au/wcsstore/Coles-CAS/images/9/9/5/9958146.jpg",
    "cupPrice": "$1.05 per 100g",
    "unit": "ea",
    "packageSize": "190g",
    "barcode": ["9417986939025"],
    "isAvailable": true,
    "locations": ["vic", "sa", "qld", "nsw", "wa", "tas", "act", "nt"]
  },
  {
    "apiUrl": "https://shop.coles.com.au/search/resources/store/20529/productview/bySeoUrlKeyword/heritage-mill-porridge-maple-date-pecan?catalogId=27101",
    "id": "c3274240p-9315090207903",
    "store": "coles",
    "name": "Heritage Mill Maple Date & Pecan Porridge Sachets 8 pack",
    "brand": "Freedom Foods",
    "price": 2.5,
    "orgPrice": 5,
    "categoryIds": ["pantry"],
    "imagePath": "https://shop.coles.com.au/wcsstore/Coles-CAS/images/3/2/7/3274240.jpg",
    "cupPrice": "$0.78 per 100g",
    "unit": "ea",
    "packageSize": "320g",
    "barcode": ["9315090207903"],
    "isAvailable": true,
    "locations": ["vic", "sa", "qld", "nsw", "wa", "tas", "act", "nt"]
  },
  {
    "apiUrl": "https://shop.coles.com.au/search/resources/store/20529/productview/bySeoUrlKeyword/mars-m-ms-milk-chocolate?catalogId=27101",
    "id": "c7251224p-93682664",
    "store": "coles",
    "name": "Milk Chocolate Small Bag",
    "brand": "M&M's",
    "price": 1,
    "orgPrice": 2,
    "categoryIds": ["pantry"],
    "imagePath": "https://shop.coles.com.au/wcsstore/Coles-CAS/images/7/2/5/7251224.jpg",
    "cupPrice": "$2.04 per 100g",
    "unit": "ea",
    "packageSize": "49g",
    "barcode": ["93682664"],
    "isAvailable": true,
    "locations": ["vic", "sa", "qld", "nsw", "wa", "tas", "act", "nt"]
  },
  {
    "apiUrl": "https://shop.coles.com.au/search/resources/store/20529/productview/bySeoUrlKeyword/natures-way-slim-right-weight-loss-drink-powder-strawberry?catalogId=27101",
    "id": "c9676031p-9314807060787",
    "store": "coles",
    "name": "Slim Right Strawberry Weight Loss Drink Powder",
    "brand": "Nature's Way",
    "price": 7.25,
    "orgPrice": 14.5,
    "categoryIds": ["pantry", "health-beauty"],
    "imagePath": "https://shop.coles.com.au/wcsstore/Coles-CAS/images/9/6/7/9676031.jpg",
    "cupPrice": "$1.93 per 100g",
    "unit": "ea",
    "packageSize": "375g",
    "barcode": ["9314807060787", "400003456604", "9314807008154"],
    "isAvailable": true,
    "locations": ["vic", "sa", "qld", "nsw", "wa", "tas", "act", "nt"]
  },
  {
    "apiUrl": "https://shop.coles.com.au/search/resources/store/20529/productview/bySeoUrlKeyword/continental-pepper-steak-mushroom-cup-a-soup-2-pack?catalogId=27101",
    "id": "c2286516p-9300830024049",
    "store": "coles",
    "name": "Cup A Soup Pepper Steak & Mushroom with Croutons 2 pack",
    "brand": "Continental",
    "price": 1,
    "orgPrice": 2,
    "categoryIds": ["pantry"],
    "imagePath": "https://shop.coles.com.au/wcsstore/Coles-CAS/images/2/2/8/2286516.jpg",
    "cupPrice": "$1.92 per 100g",
    "unit": "ea",
    "packageSize": "52g",
    "barcode": ["9300830024049"],
    "isAvailable": true,
    "locations": ["vic", "sa", "qld", "nsw", "wa", "tas", "act", "nt"]
  },
  {
    "apiUrl": "https://shop.coles.com.au/search/resources/store/20529/productview/bySeoUrlKeyword/oreo-chocolate-coated-biscuit?catalogId=27101",
    "id": "c2994061p-9300650027176",
    "store": "coles",
    "name": "Chocolate Coated Biscuit",
    "brand": "Oreo",
    "price": 1.9,
    "orgPrice": 3.8,
    "categoryIds": ["pantry"],
    "imagePath": "https://shop.coles.com.au/wcsstore/Coles-CAS/images/2/9/9/2994061.jpg",
    "cupPrice": "$0.93 per 100g",
    "unit": "ea",
    "packageSize": "204g",
    "barcode": ["9300650027176"],
    "isAvailable": true,
    "locations": ["vic", "sa"]
  },
  {
    "apiUrl": "https://shop.coles.com.au/search/resources/store/20529/productview/bySeoUrlKeyword/lipton-brilliant-mint-green-tea?catalogId=27101",
    "id": "c2613736p-400003104543",
    "store": "coles",
    "name": "Mint Green Tea Bags",
    "brand": "Lipton",
    "price": 2.5,
    "orgPrice": 5,
    "categoryIds": ["pantry", "drinks"],
    "imagePath": "https://shop.coles.com.au/wcsstore/Coles-CAS/images/2/6/1/2613736.jpg",
    "cupPrice": "$0.06 per 1ea",
    "unit": "ea",
    "packageSize": "40 pack",
    "barcode": ["400003104543", "9300830026951"],
    "isAvailable": true,
    "locations": ["vic", "sa", "qld", "nsw", "wa", "tas", "act", "nt"]
  },
  {
    "apiUrl": "https://shop.coles.com.au/search/resources/store/20529/productview/bySeoUrlKeyword/nestle-chunky-kit-kat-cookie-dough?catalogId=27101",
    "id": "c3501986p-9300605126244",
    "store": "coles",
    "name": "KitKat Chunky Cookie Dough",
    "brand": "Nestle",
    "price": 1,
    "orgPrice": 2,
    "categoryIds": ["pantry"],
    "imagePath": "https://shop.coles.com.au/wcsstore/Coles-CAS/images/3/5/0/3501986.jpg",
    "cupPrice": "$1.92 per 100g",
    "unit": "ea",
    "packageSize": "52g",
    "barcode": ["9300605126244"],
    "isAvailable": true,
    "locations": ["vic", "wa"]
  },
  {
    "apiUrl": "https://shop.coles.com.au/search/resources/store/20529/productview/bySeoUrlKeyword/nestle-kit-kat-goey-caramel?catalogId=27101",
    "id": "c3761240p-9300605129702",
    "store": "coles",
    "name": "Kit Kat Gooey Caramel",
    "brand": "Nestle",
    "price": 1,
    "orgPrice": 2,
    "categoryIds": ["pantry"],
    "imagePath": "https://shop.coles.com.au/wcsstore/Coles-CAS/images/3/7/6/3761240.jpg",
    "cupPrice": "$2.22 per 100g",
    "unit": "ea",
    "packageSize": "45g",
    "barcode": ["9300605129702"],
    "isAvailable": true,
    "locations": ["vic", "sa", "qld", "nsw", "wa", "tas", "act", "nt"]
  },
  {
    "apiUrl": "https://shop.coles.com.au/search/resources/store/20529/productview/bySeoUrlKeyword/cadbury-oreo-vanilla-family-chocolate-block?catalogId=27101",
    "id": "c2655907p-9300617051220",
    "store": "coles",
    "name": "Family Block Chocolate Oreo Vanilla",
    "brand": "Cadbury",
    "price": 2.5,
    "orgPrice": 5,
    "categoryIds": ["pantry"],
    "imagePath": "https://shop.coles.com.au/wcsstore/Coles-CAS/images/2/6/5/2655907.jpg",
    "cupPrice": "$1.54 per 100g",
    "unit": "ea",
    "packageSize": "162g",
    "barcode": ["9300617051220", "9300617064527"],
    "isAvailable": true,
    "locations": ["vic", "sa", "qld", "nsw", "wa", "tas", "act", "nt"]
  },
  {
    "apiUrl": "https://shop.coles.com.au/search/resources/store/20529/productview/bySeoUrlKeyword/kelloggs-breakfast-biscuits-cran-almond?catalogId=27101",
    "id": "c2815082p-9310055102408",
    "store": "coles",
    "name": "Baked Muesli Breakfast Biscuits With Cranberries Almonds And A Hint Of Honey",
    "brand": "Kellogg's",
    "price": 2.25,
    "orgPrice": 4.5,
    "categoryIds": ["pantry"],
    "imagePath": "https://shop.coles.com.au/wcsstore/Coles-CAS/images/2/8/1/2815082.jpg",
    "cupPrice": "$1.13 per 100g",
    "unit": "ea",
    "packageSize": "200g",
    "barcode": ["9310055102408"],
    "isAvailable": true,
    "locations": ["vic", "sa", "qld", "nsw", "wa", "tas", "act", "nt"]
  },
  {
    "apiUrl": "https://shop.coles.com.au/search/resources/store/20529/productview/bySeoUrlKeyword/lipton-jasmine-green-tea?catalogId=27101",
    "id": "c2613725p-9300830026883",
    "store": "coles",
    "name": "Jasmine Green Tea Bags",
    "brand": "Lipton",
    "price": 2.5,
    "orgPrice": 5,
    "categoryIds": ["pantry", "drinks"],
    "imagePath": "https://shop.coles.com.au/wcsstore/Coles-CAS/images/2/6/1/2613725.jpg",
    "cupPrice": "$0.06 per 1ea",
    "unit": "ea",
    "packageSize": "40 pack",
    "barcode": ["9300830026883", "400003104536"],
    "isAvailable": true,
    "locations": ["vic", "sa", "qld", "nsw", "wa", "tas", "act", "nt"]
  },
  {
    "apiUrl": "https://shop.coles.com.au/search/resources/store/20529/productview/bySeoUrlKeyword/natural-chip-co-corn-chips-lime-chilli?catalogId=27101",
    "id": "c3574120p-9310988017251",
    "store": "coles",
    "name": "Lime & Chilli Tortilla Strips",
    "brand": "Natural Chip Co.",
    "price": 2.5,
    "orgPrice": 3.5,
    "categoryIds": ["pantry"],
    "imagePath": "https://shop.coles.com.au/wcsstore/Coles-CAS/images/3/5/7/3574120.jpg",
    "cupPrice": "$1.43 per 100g",
    "unit": "ea",
    "packageSize": "175g",
    "barcode": ["9310988017251"],
    "isAvailable": true,
    "locations": ["vic", "sa", "qld", "nsw", "wa", "tas", "act", "nt"]
  },
  {
    "apiUrl": "https://shop.coles.com.au/search/resources/store/20529/productview/bySeoUrlKeyword/lavazza-a-modo-mio-tiny-coffee-machine-black?catalogId=27101",
    "id": "c3208620p",
    "store": "coles",
    "name": "A Modo Mio Tiny Black Coffee Machine",
    "brand": "Lavazza",
    "price": 39.5,
    "orgPrice": 79,
    "categoryIds": ["pantry", "drinks"],
    "imagePath": "https://shop.coles.com.au/wcsstore/Coles-CAS/images/3/2/0/3208620.jpg",
    "cupPrice": "$39.50 per 1ea",
    "unit": "ea",
    "packageSize": "1 each",
    "barcode": null,
    "isAvailable": true,
    "locations": ["vic", "sa", "qld", "nsw", "wa", "tas", "act", "nt"]
  },
  {
    "apiUrl": "https://shop.coles.com.au/search/resources/store/20529/productview/bySeoUrlKeyword/kelloggs-breakfast-biscuts-gold-oat-honey?catalogId=27101",
    "id": "c3212162p",
    "store": "coles",
    "name": "Baked Muesli Breakfast Biscuits With Golden Oats and Honey 5 pack",
    "brand": "Kellogg's",
    "price": 2.25,
    "orgPrice": 4.5,
    "categoryIds": ["pantry"],
    "imagePath": "https://shop.coles.com.au/wcsstore/Coles-CAS/images/3/2/1/3212162.jpg",
    "cupPrice": "$1.13 per 100g",
    "unit": "ea",
    "packageSize": "200g",
    "barcode": null,
    "isAvailable": true,
    "locations": ["vic", "sa", "qld", "nsw", "wa", "tas", "act", "nt"]
  },
  {
    "apiUrl": "https://shop.coles.com.au/search/resources/store/20529/productview/bySeoUrlKeyword/chefs-kitchen-chocolate-flavoured-mousse?catalogId=27101",
    "id": "c3187611p",
    "store": "coles",
    "name": "Chef's Kitchen Chocolate Flavoured Mousse",
    "brand": "Hansells",
    "price": 1,
    "orgPrice": 2,
    "categoryIds": ["pantry"],
    "imagePath": "https://shop.coles.com.au/wcsstore/Coles-CAS/images/3/1/8/3187611.jpg",
    "cupPrice": "$1.43 per 100g",
    "unit": "ea",
    "packageSize": "70g",
    "barcode": null,
    "isAvailable": true,
    "locations": ["vic", "sa", "qld", "nsw", "wa", "tas", "act", "nt"]
  },
  {
    "apiUrl": "https://shop.coles.com.au/search/resources/store/20529/productview/bySeoUrlKeyword/chefs-kitchen-french-style-crepe-mix?catalogId=27101",
    "id": "c3187702p",
    "store": "coles",
    "name": "Chef's Kitchen French Style Crepe Mix",
    "brand": "Hansells",
    "price": 2,
    "orgPrice": 4,
    "categoryIds": ["pantry"],
    "imagePath": "https://shop.coles.com.au/wcsstore/Coles-CAS/images/3/1/8/3187702.jpg",
    "cupPrice": "$1.00 per 100g",
    "unit": "ea",
    "packageSize": "200g",
    "barcode": null,
    "isAvailable": true,
    "locations": ["vic", "sa", "qld", "nsw", "wa", "tas", "act", "nt"]
  },
  {
    "apiUrl": "https://shop.coles.com.au/search/resources/store/20529/productview/bySeoUrlKeyword/heritage-mill-porridge-berry-licious?catalogId=27101",
    "id": "c3274250p-9315090207910",
    "store": "coles",
    "name": "Heritage Mill Berry-Licious Porridge Sachets 8 pack",
    "brand": "Freedom Foods",
    "price": 2.5,
    "orgPrice": 5,
    "categoryIds": ["pantry"],
    "imagePath": "https://shop.coles.com.au/wcsstore/Coles-CAS/images/3/2/7/3274250.jpg",
    "cupPrice": "$0.78 per 100g",
    "unit": "ea",
    "packageSize": "320g",
    "barcode": ["9315090207910"],
    "isAvailable": true,
    "locations": ["vic", "sa", "nsw", "wa", "tas", "act"]
  },
  {
    "apiUrl": "https://shop.coles.com.au/search/resources/store/20529/productview/bySeoUrlKeyword/sakata-rice-puffs-crackers-swet-salty?catalogId=27101",
    "id": "c3629130p-9319636001383",
    "store": "coles",
    "name": "Sweet & Salty Rice Puffs Crackers",
    "brand": "Sakata",
    "price": 1.5,
    "orgPrice": 3,
    "categoryIds": ["pantry"],
    "imagePath": "https://shop.coles.com.au/wcsstore/Coles-CAS/images/3/6/2/3629130.jpg",
    "cupPrice": "$2.08 per 100g",
    "unit": "ea",
    "packageSize": "72g",
    "barcode": ["9319636001383"],
    "isAvailable": true,
    "locations": ["vic", "sa", "qld", "nsw", "wa", "tas", "act", "nt"]
  },
  {
    "apiUrl": "https://shop.coles.com.au/search/resources/store/20529/productview/bySeoUrlKeyword/aunt-betty-s-gluten-fre-chocolate-pudding-2-pieces?catalogId=27101",
    "id": "c3187746p-9417986943367",
    "store": "coles",
    "name": "Gluten Free Chocolate Pudding 2 Pieces",
    "brand": "Aunt Betty's",
    "price": 2,
    "orgPrice": 4,
    "categoryIds": ["pantry"],
    "imagePath": "https://shop.coles.com.au/wcsstore/Coles-CAS/images/3/1/8/3187746.jpg",
    "cupPrice": "$1.05 per 100g",
    "unit": "ea",
    "packageSize": "190g",
    "barcode": ["9417986943367"],
    "isAvailable": true,
    "locations": ["vic", "sa", "qld", "nsw", "wa", "tas", "act", "nt"]
  },
  {
    "apiUrl": "https://shop.coles.com.au/search/resources/store/20529/productview/bySeoUrlKeyword/nestle-kit-kat-double-cokies-cream?catalogId=27101",
    "id": "c3710192p-9300605129269",
    "store": "coles",
    "name": "Kit Kat Double Cookies & Cream",
    "brand": "Nestle",
    "price": 1,
    "orgPrice": 2,
    "categoryIds": ["pantry"],
    "imagePath": "https://shop.coles.com.au/wcsstore/Coles-CAS/images/3/7/1/3710192.jpg",
    "cupPrice": "$2.22 per 100g",
    "unit": "ea",
    "packageSize": "45g",
    "barcode": ["9300605129269"],
    "isAvailable": true,
    "locations": ["vic", "sa", "qld", "nsw", "wa", "tas", "act", "nt"]
  },
  {
    "apiUrl": "https://shop.coles.com.au/search/resources/store/20529/productview/bySeoUrlKeyword/nestle-kit-kat-mint-cokie-fudge?catalogId=27101",
    "id": "c3761229p-9300605129696",
    "store": "coles",
    "name": "Kit Kat Mint Cookie Fudge",
    "brand": "Nestle",
    "price": 1,
    "orgPrice": 2,
    "categoryIds": ["pantry"],
    "imagePath": "https://shop.coles.com.au/wcsstore/Coles-CAS/images/3/7/6/3761229.jpg",
    "cupPrice": "$2.22 per 100g",
    "unit": "ea",
    "packageSize": "45g",
    "barcode": ["9300605129696"],
    "isAvailable": true,
    "locations": ["vic", "sa", "qld", "nsw", "wa", "tas", "act", "nt"]
  },
  {
    "apiUrl": "https://shop.coles.com.au/search/resources/store/20529/productview/bySeoUrlKeyword/majans-bhuja-nut-mix?catalogId=27101",
    "id": "c9272940p-9316401200491",
    "store": "coles",
    "name": "Nut Mix",
    "brand": "Majans Bhuja",
    "price": 1.92,
    "orgPrice": 3.85,
    "categoryIds": ["pantry"],
    "imagePath": "https://shop.coles.com.au/wcsstore/Coles-CAS/images/9/2/7/9272940.jpg",
    "cupPrice": "$12.80 per 1kg",
    "unit": "ea",
    "packageSize": "150g",
    "barcode": ["9316401200491"],
    "isAvailable": true,
    "locations": ["vic", "nsw"]
  },
  {
    "apiUrl": "https://shop.coles.com.au/search/resources/store/20529/productview/bySeoUrlKeyword/chefs-kitchen-french-style-creme-brulee?catalogId=27101",
    "id": "c3187666p",
    "store": "coles",
    "name": "Chef's Kitchen French Style Creme Brulee",
    "brand": "Hansells",
    "price": 1,
    "orgPrice": 2,
    "categoryIds": ["pantry"],
    "imagePath": "https://shop.coles.com.au/wcsstore/Coles-CAS/images/3/1/8/3187666.jpg",
    "cupPrice": "$1.43 per 100g",
    "unit": "ea",
    "packageSize": "70g",
    "barcode": null,
    "isAvailable": true,
    "locations": ["vic", "sa", "qld", "nsw", "wa", "tas", "act", "nt"]
  },
  {
    "apiUrl": "https://shop.coles.com.au/search/resources/store/20529/productview/bySeoUrlKeyword/chefs-kitchen-belgian-style-waffle-mix?catalogId=27101",
    "id": "c3187688p",
    "store": "coles",
    "name": "Chef's Kitchen Belgian Style Waffle Mix",
    "brand": "Hansells",
    "price": 2,
    "orgPrice": 4,
    "categoryIds": ["pantry"],
    "imagePath": "https://shop.coles.com.au/wcsstore/Coles-CAS/images/3/1/8/3187688.jpg",
    "cupPrice": "$1.00 per 100g",
    "unit": "ea",
    "packageSize": "200g",
    "barcode": null,
    "isAvailable": true,
    "locations": ["vic", "sa", "qld", "nsw", "wa", "tas", "act", "nt"]
  },
  {
    "apiUrl": "https://shop.coles.com.au/search/resources/store/20529/productview/bySeoUrlKeyword/starburst-fruit-chews-original?catalogId=27101",
    "id": "c3502016p-93555296",
    "store": "coles",
    "name": "Original Fruit Chews Lollies Stick",
    "brand": "Starburst",
    "price": 1,
    "orgPrice": 2,
    "categoryIds": ["pantry"],
    "imagePath": "https://shop.coles.com.au/wcsstore/Coles-CAS/images/3/5/0/3502016.jpg",
    "cupPrice": "$2.22 per 100g",
    "unit": "ea",
    "packageSize": "45g",
    "barcode": ["93555296"],
    "isAvailable": true,
    "locations": ["vic", "sa", "qld", "nsw", "wa", "tas", "act", "nt"]
  },
  {
    "apiUrl": "https://shop.coles.com.au/search/resources/store/20529/productview/bySeoUrlKeyword/messy-monkeys-salt-vinegar-bites?catalogId=27101",
    "id": "c3568943p-9315090208757",
    "store": "coles",
    "name": "Salt & Vinegar Whole Grain Bites 8 Pack",
    "brand": "Messy Monkeys",
    "price": 3.5,
    "orgPrice": 7,
    "categoryIds": ["pantry", "health-beauty"],
    "imagePath": "https://shop.coles.com.au/wcsstore/Coles-CAS/images/3/5/6/3568943.jpg",
    "cupPrice": "$2.19 per 100g",
    "unit": "ea",
    "packageSize": "160g",
    "barcode": ["9315090208757"],
    "isAvailable": true,
    "locations": ["vic", "sa", "qld", "nsw", "tas", "act", "nt"]
  },
  {
    "apiUrl": "https://shop.coles.com.au/search/resources/store/20529/productview/bySeoUrlKeyword/lipton-green-tea-lemon?catalogId=27101",
    "id": "c3081235p-9300830039678",
    "store": "coles",
    "name": "Lemon Flavoured Green Tea Bag",
    "brand": "Lipton",
    "price": 2.5,
    "orgPrice": 5,
    "categoryIds": ["pantry", "drinks"],
    "imagePath": "https://shop.coles.com.au/wcsstore/Coles-CAS/images/3/0/8/3081235.jpg",
    "cupPrice": "$0.06 per 1ea",
    "unit": "ea",
    "packageSize": "40 pack",
    "barcode": ["9300830039678"],
    "isAvailable": true,
    "locations": ["vic", "sa", "qld", "nsw", "wa", "tas", "act", "nt"]
  },
  {
    "apiUrl": "https://shop.coles.com.au/search/resources/store/20529/productview/bySeoUrlKeyword/messy-monkeys-chicken-bites?catalogId=27101",
    "id": "c3568965p-9315090204391",
    "store": "coles",
    "name": "Messy Monkeys Chicken Flavour Whole Grain Bites",
    "brand": "Freedom Foods",
    "price": 3.5,
    "orgPrice": 7,
    "categoryIds": ["pantry", "health-beauty"],
    "imagePath": "https://shop.coles.com.au/wcsstore/Coles-CAS/images/3/5/6/3568965.jpg",
    "cupPrice": "$2.19 per 100g",
    "unit": "ea",
    "packageSize": "160g",
    "barcode": ["9315090204391", "9315090208146"],
    "isAvailable": true,
    "locations": ["vic", "sa", "qld", "nsw", "tas", "act", "nt"]
  },
  {
    "apiUrl": "https://shop.coles.com.au/search/resources/store/20529/productview/bySeoUrlKeyword/bega-simply-nuts-rustic-grind-peanut-butter?catalogId=27101",
    "id": "c3447610p-9352042002124",
    "store": "coles",
    "name": "Simply Nuts Rustic Grind Peanut Butter",
    "brand": "Bega",
    "price": 2.5,
    "orgPrice": 5,
    "categoryIds": ["pantry"],
    "imagePath": "https://shop.coles.com.au/wcsstore/Coles-CAS/images/3/4/4/3447610.jpg",
    "cupPrice": "$0.77 per 100g",
    "unit": "ea",
    "packageSize": "325g",
    "barcode": ["9352042002124"],
    "isAvailable": true,
    "locations": ["vic", "sa", "qld", "nsw", "wa", "tas", "act", "nt"]
  },
  {
    "apiUrl": "https://shop.coles.com.au/search/resources/store/20529/productview/bySeoUrlKeyword/sakata-rice-puffs-crackers-teriyaki?catalogId=27101",
    "id": "c3629141p-9319636001390",
    "store": "coles",
    "name": "Teriyaki Rice Puffs Crackers",
    "brand": "Sakata",
    "price": 1.5,
    "orgPrice": 3,
    "categoryIds": ["pantry"],
    "imagePath": "https://shop.coles.com.au/wcsstore/Coles-CAS/images/3/6/2/3629141.jpg",
    "cupPrice": "$2.08 per 100g",
    "unit": "ea",
    "packageSize": "72g",
    "barcode": ["9319636001390"],
    "isAvailable": true,
    "locations": ["vic", "sa", "qld", "nsw", "wa", "tas", "act", "nt"]
  },
  {
    "apiUrl": "https://shop.coles.com.au/search/resources/store/20529/productview/bySeoUrlKeyword/natures-way-pro-figure-powder-vanilla?catalogId=27101",
    "id": "c7588159p-9314807022778",
    "store": "coles",
    "name": "Protein Figure Vanilla Powder",
    "brand": "Nature's Way",
    "price": 13,
    "orgPrice": 26,
    "categoryIds": ["pantry", "health-beauty"],
    "imagePath": "https://shop.coles.com.au/wcsstore/Coles-CAS/images/7/5/8/7588159.jpg",
    "cupPrice": "$3.25 per 100g",
    "unit": "ea",
    "packageSize": "400g",
    "barcode": ["9314807022778"],
    "isAvailable": true,
    "locations": ["vic", "sa", "qld", "nsw", "wa", "tas", "act", "nt"]
  },
  {
    "apiUrl": "https://shop.coles.com.au/search/resources/store/20529/productview/bySeoUrlKeyword/kelloggs-nutri-grain-to-go-banana-honey?catalogId=27101",
    "id": "c3229835p",
    "store": "coles",
    "name": "Nutri-Grain To Go Protein Squeezer Banana & Honey Smash Breakfast Pouch",
    "brand": "Kellogg's",
    "price": 1.5,
    "orgPrice": 3,
    "categoryIds": ["pantry"],
    "imagePath": "https://shop.coles.com.au/wcsstore/Coles-CAS/images/3/2/2/3229835.jpg",
    "cupPrice": "$1.07 per 100g",
    "unit": "ea",
    "packageSize": "140g",
    "barcode": null,
    "isAvailable": true,
    "locations": ["vic", "nsw"]
  },
  {
    "apiUrl": "https://shop.coles.com.au/search/resources/store/20529/productview/bySeoUrlKeyword/kelloggs-nutri-grain-to-go-choc-malt-3212129p?catalogId=27101",
    "id": "c3212129p",
    "store": "coles",
    "name": "Nutri-Grain To Go Protein Squeezer Choc Malt Slam Breakfast Pouch",
    "brand": "Kellogg's",
    "price": 1.5,
    "orgPrice": 3,
    "categoryIds": ["pantry"],
    "imagePath": "https://shop.coles.com.au/wcsstore/Coles-CAS/images/3/2/1/3212129.jpg",
    "cupPrice": "$1.07 per 100g",
    "unit": "ea",
    "packageSize": "140g",
    "barcode": null,
    "isAvailable": true,
    "locations": ["vic", "nsw", "act"]
  },
  {
    "apiUrl": "https://shop.coles.com.au/search/resources/store/20529/productview/bySeoUrlKeyword/chefs-kitchen-italian-style-panna-cotta?catalogId=27101",
    "id": "c3187655p-9417986940441",
    "store": "coles",
    "name": "Chef's Kitchen Italian Style Panna Cotta",
    "brand": "Hansells",
    "price": 1,
    "orgPrice": 2,
    "categoryIds": ["pantry"],
    "imagePath": "https://shop.coles.com.au/wcsstore/Coles-CAS/images/3/1/8/3187655.jpg",
    "cupPrice": "$1.54 per 100g",
    "unit": "ea",
    "packageSize": "65g",
    "barcode": ["9417986940441"],
    "isAvailable": true,
    "locations": ["vic", "sa", "qld", "nsw", "wa", "tas", "act", "nt"]
  },
  {
    "apiUrl": "https://shop.coles.com.au/search/resources/store/20529/productview/bySeoUrlKeyword/uncle-tobys-oats-super-blends-cranberry-chia?catalogId=27101",
    "id": "c3433117p-9300605126534",
    "store": "coles",
    "name": "Super Blends Protein Oats Rye & Barley With Cranberry & Chia",
    "brand": "Uncle Tobys",
    "price": 3.47,
    "orgPrice": 6.95,
    "categoryIds": ["pantry"],
    "imagePath": "https://shop.coles.com.au/wcsstore/Coles-CAS/images/3/4/3/3433117.jpg",
    "cupPrice": "$0.94 per 100g",
    "unit": "ea",
    "packageSize": "368g",
    "barcode": ["9300605126534"],
    "isAvailable": true,
    "locations": ["vic", "sa", "nsw", "wa", "tas", "act"]
  },
  {
    "apiUrl": "https://shop.coles.com.au/search/resources/store/20529/productview/bySeoUrlKeyword/kelloggs-special-k-smoothie-forest-berries?catalogId=27101",
    "id": "c3515823p-9310055103566",
    "store": "coles",
    "name": "Special K Forest Berries Smoothie",
    "brand": "Kellogg's",
    "price": 1.5,
    "orgPrice": 3,
    "categoryIds": ["pantry"],
    "imagePath": "https://shop.coles.com.au/wcsstore/Coles-CAS/images/3/5/1/3515823.jpg",
    "cupPrice": "$1.07 per 100g",
    "unit": "ea",
    "packageSize": "140g",
    "barcode": ["9310055103566"],
    "isAvailable": true,
    "locations": ["vic", "sa", "qld", "nsw", "wa", "tas", "act", "nt"]
  },
  {
    "apiUrl": "https://shop.coles.com.au/search/resources/store/20529/productview/bySeoUrlKeyword/messy-monkeys-tomato-sauce-bites?catalogId=27101",
    "id": "c3568910p-9315090208733",
    "store": "coles",
    "name": "Messy Monkeys Tomato Sauce Bites",
    "brand": "Freedom Foods",
    "price": 3.5,
    "orgPrice": 7,
    "categoryIds": ["pantry", "health-beauty"],
    "imagePath": "https://shop.coles.com.au/wcsstore/Coles-CAS/images/3/5/6/3568910.jpg",
    "cupPrice": "$2.19 per 100g",
    "unit": "ea",
    "packageSize": "160g",
    "barcode": ["9315090208733"],
    "isAvailable": true,
    "locations": ["vic", "sa", "qld", "nsw", "tas", "act", "nt"]
  },
  {
    "apiUrl": "https://shop.coles.com.au/search/resources/store/20529/productview/bySeoUrlKeyword/podravka-beef-goulash?catalogId=27101",
    "id": "c6331496p-9322715020069",
    "store": "coles",
    "name": "Beef Goulash",
    "brand": "Podravka",
    "price": 2,
    "orgPrice": 4,
    "categoryIds": ["pantry"],
    "imagePath": "https://shop.coles.com.au/wcsstore/Coles-CAS/images/6/3/3/6331496.jpg",
    "cupPrice": "$0.67 per 100g",
    "unit": "ea",
    "packageSize": "300g",
    "barcode": ["9322715020069"],
    "isAvailable": true,
    "locations": ["vic", "sa", "qld", "nsw", "wa", "tas", "act", "nt"]
  },
  {
    "apiUrl": "https://shop.coles.com.au/search/resources/store/20529/productview/bySeoUrlKeyword/majans-bhuja-beernut-mix?catalogId=27101",
    "id": "c2523291p-9316401201450",
    "store": "coles",
    "name": "Gluten Free Beer Mix",
    "brand": "Majans Bhuja",
    "price": 1.92,
    "orgPrice": 3.85,
    "categoryIds": ["pantry"],
    "imagePath": "https://shop.coles.com.au/wcsstore/Coles-CAS/images/2/5/2/2523291.jpg",
    "cupPrice": "$12.00 per 1kg",
    "unit": "ea",
    "packageSize": "160g",
    "barcode": ["9316401201450"],
    "isAvailable": true,
    "locations": ["vic", "nsw"]
  },
  {
    "apiUrl": "https://shop.coles.com.au/search/resources/store/20529/productview/bySeoUrlKeyword/bhuja-chips-mix-butter-chicken?catalogId=27101",
    "id": "c3433616p-400003469093",
    "store": "coles",
    "name": "Butter Chicken",
    "brand": "Bhuja Chip Mix",
    "price": 1.75,
    "orgPrice": 3.5,
    "categoryIds": ["pantry"],
    "imagePath": "https://shop.coles.com.au/wcsstore/Coles-CAS/images/3/4/3/3433616.jpg",
    "cupPrice": "$1.75 per 100g",
    "unit": "ea",
    "packageSize": "100g",
    "barcode": ["400003469093", "9316401202112", "9316401201924"],
    "isAvailable": true,
    "locations": ["vic", "sa", "qld", "nsw", "wa", "tas", "act", "nt"]
  },
  {
    "apiUrl": "https://shop.coles.com.au/search/resources/store/20529/productview/bySeoUrlKeyword/kelloggs-special-k-smoothie-mango?catalogId=27101",
    "id": "c3515812p-9310055103573",
    "store": "coles",
    "name": "Special K Mango Smoothie Blend Protein Drink With Real Fruit",
    "brand": "Kellogg's",
    "price": 1.5,
    "orgPrice": 3,
    "categoryIds": ["pantry"],
    "imagePath": "https://shop.coles.com.au/wcsstore/Coles-CAS/images/3/5/1/3515812.jpg",
    "cupPrice": "$1.07 per 100g",
    "unit": "ea",
    "packageSize": "140g",
    "barcode": ["9310055103573"],
    "isAvailable": true,
    "locations": ["vic", "sa", "qld", "nsw", "wa", "tas", "act", "nt"]
  },
  {
    "apiUrl": "https://shop.coles.com.au/search/resources/store/20529/productview/bySeoUrlKeyword/sakata-rice-puffs-crackers-lime-chilli?catalogId=27101",
    "id": "c3629152p-9319636001406",
    "store": "coles",
    "name": "Lime & Chilli Rice Puffs Crackers",
    "brand": "Sakata",
    "price": 1.5,
    "orgPrice": 3,
    "categoryIds": ["pantry"],
    "imagePath": "https://shop.coles.com.au/wcsstore/Coles-CAS/images/3/6/2/3629152.jpg",
    "cupPrice": "$2.08 per 100g",
    "unit": "ea",
    "packageSize": "72g",
    "barcode": ["9319636001406"],
    "isAvailable": true,
    "locations": ["vic", "sa", "qld", "nsw", "wa", "tas", "act", "nt"]
  },
  {
    "apiUrl": "https://shop.coles.com.au/search/resources/store/20529/productview/bySeoUrlKeyword/kelloggs-nutri-grain-to-go-original-malt-3212140p?catalogId=27101",
    "id": "c3212140p",
    "store": "coles",
    "name": "Nutri-Grain To Go Protein Squeezer Original Flavour Breakfast Pouch",
    "brand": "Kellogg's",
    "price": 1.5,
    "orgPrice": 3,
    "categoryIds": ["pantry"],
    "imagePath": "https://shop.coles.com.au/wcsstore/Coles-CAS/images/3/2/1/3212140.jpg",
    "cupPrice": "$1.07 per 100g",
    "unit": "ea",
    "packageSize": "140g",
    "barcode": null,
    "isAvailable": true,
    "locations": ["vic", "nsw"]
  },
  {
    "apiUrl": "https://shop.coles.com.au/search/resources/store/20529/productview/bySeoUrlKeyword/kelloggs-nutri-grain-to-go-vanilla-malt?catalogId=27101",
    "id": "c3212151p",
    "store": "coles",
    "name": "Nutri-Grain To Go Protein Squeezer Vanilla Flavour Punch Breakfast Pouch",
    "brand": "Kellogg's",
    "price": 1.5,
    "orgPrice": 3,
    "categoryIds": ["pantry"],
    "imagePath": "https://shop.coles.com.au/wcsstore/Coles-CAS/images/3/2/1/3212151.jpg",
    "cupPrice": "$1.07 per 100g",
    "unit": "ea",
    "packageSize": "140g",
    "barcode": null,
    "isAvailable": true,
    "locations": ["vic", "nsw"]
  },
  {
    "apiUrl": "https://shop.coles.com.au/search/resources/store/20529/productview/bySeoUrlKeyword/mars-chocolate-snickers-crispers?catalogId=27101",
    "id": "c3773159p-4607065738624",
    "store": "coles",
    "name": "Chocolate Snickers Crispers",
    "brand": "Mars",
    "price": 1,
    "orgPrice": 2,
    "categoryIds": ["pantry"],
    "imagePath": "https://shop.coles.com.au/wcsstore/Coles-CAS/images/3/7/7/3773159.jpg",
    "cupPrice": "$2.50 per 100g",
    "unit": "ea",
    "packageSize": "40g",
    "barcode": ["4607065738624", "400003613298"],
    "isAvailable": true,
    "locations": ["vic", "sa", "qld", "nsw", "wa", "tas", "act", "nt"]
  },
  {
    "apiUrl": "https://shop.coles.com.au/search/resources/store/20529/productview/bySeoUrlKeyword/natures-way-metabolift-fat-burn-tablets?catalogId=27101",
    "id": "c9676097p-9314807008352",
    "store": "coles",
    "name": "Metabolift Fat Burn Tablets",
    "brand": "Nature's Way",
    "price": 21,
    "orgPrice": 42,
    "categoryIds": ["pantry", "health-beauty"],
    "imagePath": "https://shop.coles.com.au/wcsstore/Coles-CAS/images/9/6/7/9676097.jpg",
    "cupPrice": "$23.33 per 100ea",
    "unit": "ea",
    "packageSize": "90 pack",
    "barcode": ["9314807008352", "9314807060794"],
    "isAvailable": true,
    "locations": ["vic", "sa", "qld", "nsw", "wa", "tas", "act", "nt"]
  },
  {
    "apiUrl": "https://shop.coles.com.au/search/resources/store/20529/productview/bySeoUrlKeyword/bhuja-chip-mox-triple-chilli?catalogId=27101",
    "id": "c3433707p-400003469130",
    "store": "coles",
    "name": "Salt & Vinegar/Turmeric & Chilli",
    "brand": "Bhuja Chip Mix Spicy",
    "price": 1.75,
    "orgPrice": 3.5,
    "categoryIds": ["pantry"],
    "imagePath": "https://shop.coles.com.au/wcsstore/Coles-CAS/images/3/4/3/3433707.jpg",
    "cupPrice": "$1.75 per 100g",
    "unit": "ea",
    "packageSize": "100g",
    "barcode": ["400003469130", "9316401202129", "9316401201900"],
    "isAvailable": true,
    "locations": ["vic", "sa", "qld", "nsw", "tas", "act", "nt"]
  },
  {
    "apiUrl": "https://shop.coles.com.au/search/resources/store/20529/productview/bySeoUrlKeyword/vegeta-beef-stew-w-mshrom-potato?catalogId=27101",
    "id": "c3532640p-3856020215576",
    "store": "coles",
    "name": "Beef Stew With Mushrooms & Potatoes",
    "brand": "Vegeta",
    "price": 2,
    "orgPrice": 4,
    "categoryIds": ["pantry"],
    "imagePath": "https://shop.coles.com.au/wcsstore/Coles-CAS/images/3/5/3/3532640.jpg",
    "cupPrice": "$0.50 per 100g",
    "unit": "ea",
    "packageSize": "400g",
    "barcode": ["3856020215576"],
    "isAvailable": true,
    "locations": ["vic", "sa", "qld", "nsw", "wa", "tas", "act", "nt"]
  },
  {
    "apiUrl": "https://shop.coles.com.au/search/resources/store/20529/productview/bySeoUrlKeyword/bhuja-mix-tandoori-delight?catalogId=27101",
    "id": "c3433660p-400003469116",
    "store": "coles",
    "name": "Tandoori Delight",
    "brand": "Bhuja Chip Mix",
    "price": 1.75,
    "orgPrice": 3.5,
    "categoryIds": ["pantry"],
    "imagePath": "https://shop.coles.com.au/wcsstore/Coles-CAS/images/3/4/3/3433660.jpg",
    "cupPrice": "$1.75 per 100g",
    "unit": "ea",
    "packageSize": "100g",
    "barcode": ["400003469116", "9316401201894", "9316401202136"],
    "isAvailable": true,
    "locations": ["vic", "sa", "qld", "nsw", "tas", "act", "nt"]
  },
  {
    "apiUrl": "https://shop.coles.com.au/search/resources/store/20529/productview/bySeoUrlKeyword/vegeta-chicken-cass-w-spring-veg?catalogId=27101",
    "id": "c3532550p-3856020215545",
    "store": "coles",
    "name": "Chicken Casserole With Spring Vegetables",
    "brand": "Vegeta",
    "price": 2,
    "orgPrice": 4,
    "categoryIds": ["pantry"],
    "imagePath": "https://shop.coles.com.au/wcsstore/Coles-CAS/images/3/5/3/3532550.jpg",
    "cupPrice": "$0.50 per 100g",
    "unit": "ea",
    "packageSize": "400g",
    "barcode": ["3856020215545"],
    "isAvailable": true,
    "locations": ["vic", "sa", "qld", "nsw", "wa", "tas", "act", "nt"]
  },
  {
    "apiUrl": "https://shop.coles.com.au/search/resources/store/20529/productview/bySeoUrlKeyword/vegeta-pork-cass-w-pot-carrot?catalogId=27101",
    "id": "c3532673p-3856020215637",
    "store": "coles",
    "name": "Pork Casserole With Potatoes & Carrots",
    "brand": "Vegeta",
    "price": 2,
    "orgPrice": 4,
    "categoryIds": ["pantry"],
    "imagePath": "https://shop.coles.com.au/wcsstore/Coles-CAS/images/3/5/3/3532673.jpg",
    "cupPrice": "$0.50 per 100g",
    "unit": "ea",
    "packageSize": "400g",
    "barcode": ["3856020215637"],
    "isAvailable": true,
    "locations": ["vic", "sa", "qld", "nsw", "wa", "tas", "act", "nt"]
  },
  {
    "apiUrl": "https://shop.coles.com.au/search/resources/store/20529/productview/bySeoUrlKeyword/kelloggs-special-k-smoothie-blueberry?catalogId=27101",
    "id": "c3515801p-9310055103580",
    "store": "coles",
    "name": "Special K Forest Berries Smoothie Blend Protein Drink With Real Fruit",
    "brand": "Kellogg's",
    "price": 1.5,
    "orgPrice": 3,
    "categoryIds": ["pantry"],
    "imagePath": "https://shop.coles.com.au/wcsstore/Coles-CAS/images/3/5/1/3515801.jpg",
    "cupPrice": "$1.07 per 100g",
    "unit": "ea",
    "packageSize": "140g",
    "barcode": ["9310055103580"],
    "isAvailable": true,
    "locations": ["vic", "sa", "qld", "nsw", "wa", "tas", "act", "nt"]
  },
  {
    "apiUrl": "https://shop.coles.com.au/search/resources/store/20529/productview/bySeoUrlKeyword/pacific-west-spring-rolls-cocktail-mega-value-pack-frozen?catalogId=27101",
    "id": "c4675530p-9323015006685",
    "store": "coles",
    "name": "Frozen Cocktail Spring Rolls 68 pack",
    "brand": "Pacific West",
    "price": 5.75,
    "orgPrice": 11.5,
    "categoryIds": ["freezer"],
    "imagePath": "https://shop.coles.com.au/wcsstore/Coles-CAS/images/4/6/7/4675530.jpg",
    "cupPrice": "$5.75 per 1kg",
    "unit": "ea",
    "packageSize": "1kg",
    "barcode": ["9323015006685"],
    "isAvailable": true,
    "locations": ["vic", "sa", "qld", "nsw", "wa", "tas", "act", "nt"]
  },
  {
    "apiUrl": "https://shop.coles.com.au/search/resources/store/20529/productview/bySeoUrlKeyword/hong-kong-dim-sim-kitchen-pork-chive-dumpling?catalogId=27101",
    "id": "c2356724p-9318122381008",
    "store": "coles",
    "name": "Frozen Pork & Chive Dumplings 10 Pieces",
    "brand": "Hong Kong Dim Sim Kitchen",
    "price": 2.5,
    "orgPrice": 5,
    "categoryIds": ["freezer"],
    "imagePath": "https://shop.coles.com.au/wcsstore/Coles-CAS/images/2/3/5/2356724.jpg",
    "cupPrice": "$1.25 per 100g",
    "unit": "ea",
    "packageSize": "200g",
    "barcode": ["9318122381008"],
    "isAvailable": true,
    "locations": ["vic", "sa", "qld", "nsw", "wa", "tas", "act", "nt"]
  },
  {
    "apiUrl": "https://shop.coles.com.au/search/resources/store/20529/productview/bySeoUrlKeyword/pacific-west-banquet-asian-mega-value-pack-frozen?catalogId=27101",
    "id": "c4675520p-9323015006548",
    "store": "coles",
    "name": "Frozen Asian Banquet 64 pack",
    "brand": "Pacific West",
    "price": 5.75,
    "orgPrice": 11.5,
    "categoryIds": ["freezer"],
    "imagePath": "https://shop.coles.com.au/wcsstore/Coles-CAS/images/4/6/7/4675520.jpg",
    "cupPrice": "$5.75 per 1kg",
    "unit": "ea",
    "packageSize": "1kg",
    "barcode": ["9323015006548"],
    "isAvailable": true,
    "locations": ["vic", "sa", "qld", "nsw", "wa", "tas", "act", "nt"]
  },
  {
    "apiUrl": "https://shop.coles.com.au/search/resources/store/20529/productview/bySeoUrlKeyword/hong-kong-dim-sim-kitchen-bbq-pork-buns?catalogId=27101",
    "id": "c2356688p-9318122383828",
    "store": "coles",
    "name": "Frozen BBQ Pork Buns 6 Pieces",
    "brand": "Hong Kong Dim Sim Kitchen",
    "price": 2.5,
    "orgPrice": 5,
    "categoryIds": ["freezer"],
    "imagePath": "https://shop.coles.com.au/wcsstore/Coles-CAS/images/2/3/5/2356688.jpg",
    "cupPrice": "$1.25 per 100g",
    "unit": "ea",
    "packageSize": "200g",
    "barcode": ["9318122383828"],
    "isAvailable": true,
    "locations": ["vic", "sa", "qld", "nsw", "wa", "tas", "act", "nt"]
  },
  {
    "apiUrl": "https://shop.coles.com.au/search/resources/store/20529/productview/bySeoUrlKeyword/hong-kong-dim-sim-kitchen-siu-my-bites?catalogId=27101",
    "id": "c2356702p-9318122386300",
    "store": "coles",
    "name": "Frozen Siu Mai 10 Pieces",
    "brand": "Hong Kong Dim Sim Kitchen",
    "price": 2.5,
    "orgPrice": 5,
    "categoryIds": ["freezer"],
    "imagePath": "https://shop.coles.com.au/wcsstore/Coles-CAS/images/2/3/5/2356702.jpg",
    "cupPrice": "$1.25 per 100g",
    "unit": "ea",
    "packageSize": "200g",
    "barcode": ["9318122386300"],
    "isAvailable": true,
    "locations": ["vic", "sa", "qld", "nsw", "wa", "tas", "act", "nt"]
  },
  {
    "apiUrl": "https://shop.coles.com.au/search/resources/store/20529/productview/bySeoUrlKeyword/kailis-bros-salt-pepper-squid?catalogId=27101",
    "id": "c3615635p-9315822016407",
    "store": "coles",
    "name": "Salt & Pepper Squid",
    "brand": "KB",
    "price": 4.25,
    "orgPrice": 8.5,
    "categoryIds": ["freezer"],
    "imagePath": "https://shop.coles.com.au/wcsstore/Coles-CAS/images/3/6/1/3615635.jpg",
    "cupPrice": "$11.81 per 1kg",
    "unit": "ea",
    "packageSize": "360g",
    "barcode": ["9315822016407"],
    "isAvailable": true,
    "locations": ["vic", "sa", "qld", "nsw", "wa", "act", "nt"]
  },
  {
    "apiUrl": "https://shop.coles.com.au/search/resources/store/20529/productview/bySeoUrlKeyword/connoisseur-australian-pint-flav-bush-honey?catalogId=27101",
    "id": "c3544446p-9347042002793",
    "store": "coles",
    "name": "Bush Honey & Nougat Gourmet Ice Cream Tub",
    "brand": "Connoisseur",
    "price": 5,
    "orgPrice": 10,
    "categoryIds": ["freezer"],
    "imagePath": "https://shop.coles.com.au/wcsstore/Coles-CAS/images/3/5/4/3544446.jpg",
    "cupPrice": "$1.06 per 100ml",
    "unit": "ea",
    "packageSize": "470ml",
    "barcode": ["9347042002793"],
    "isAvailable": true,
    "locations": ["vic", "sa", "qld", "nsw", "wa", "tas", "act", "nt"]
  },
  {
    "apiUrl": "https://shop.coles.com.au/search/resources/store/20529/productview/bySeoUrlKeyword/kailis-bros-salt-pepper-prawns?catalogId=27101",
    "id": "c3616467p-9315822016445",
    "store": "coles",
    "name": "Salt & Pepper Prawns",
    "brand": "KB",
    "price": 4.25,
    "orgPrice": 8.5,
    "categoryIds": ["freezer"],
    "imagePath": "https://shop.coles.com.au/wcsstore/Coles-CAS/images/3/6/1/3616467.jpg",
    "cupPrice": "$14.17 per 1kg",
    "unit": "ea",
    "packageSize": "300g",
    "barcode": ["9315822016445"],
    "isAvailable": true,
    "locations": ["vic", "sa", "qld", "nsw", "wa", "tas", "act", "nt"]
  },
  {
    "apiUrl": "https://shop.coles.com.au/search/resources/store/20529/productview/bySeoUrlKeyword/coca-cola-soft-drink-coke-chilled?catalogId=27101",
    "id": "c123011p-9300675001113",
    "store": "coles",
    "name": "Classic Coke",
    "brand": "Coca-Cola",
    "price": 1.5,
    "orgPrice": 3,
    "categoryIds": ["drinks"],
    "imagePath": "https://shop.coles.com.au/wcsstore/Coles-CAS/images/1/2/3/123011.jpg",
    "cupPrice": "$1.20 per 1l",
    "unit": "ea",
    "packageSize": "1.25l",
    "barcode": ["9300675001113", "9300675001021"],
    "isAvailable": true,
    "locations": ["vic", "sa", "qld", "nsw", "wa", "tas", "act", "nt"]
  },
  {
    "apiUrl": "https://shop.coles.com.au/search/resources/store/20529/productview/bySeoUrlKeyword/cca-coca-cola-soft-drink-coke-no-sugar-2993706p?catalogId=27101",
    "id": "c2993706p-9300675079488",
    "store": "coles",
    "name": "No Sugar Soft Drink Coke",
    "brand": "Coca Cola",
    "price": 1.5,
    "orgPrice": 3,
    "categoryIds": ["drinks"],
    "imagePath": "https://shop.coles.com.au/wcsstore/Coles-CAS/images/2/9/9/2993706.jpg",
    "cupPrice": "$1.20 per 1l",
    "unit": "ea",
    "packageSize": "1.25l",
    "barcode": ["9300675079488"],
    "isAvailable": true,
    "locations": ["vic", "sa", "qld", "nsw", "wa", "tas", "act", "nt"]
  },
  {
    "apiUrl": "https://shop.coles.com.au/search/resources/store/20529/productview/bySeoUrlKeyword/coca-cola-soft-drink-coke-vanilla-chilled?catalogId=27101",
    "id": "c9391600p-93916004",
    "store": "coles",
    "name": "Vanilla Flavour Coke",
    "brand": "Coca-Cola",
    "price": 1.5,
    "orgPrice": 3,
    "categoryIds": ["drinks"],
    "imagePath": "https://shop.coles.com.au/wcsstore/Coles-CAS/images/9/3/9/9391600.jpg",
    "cupPrice": "$1.20 per 1l",
    "unit": "ea",
    "packageSize": "1.25l",
    "barcode": ["93916004", "9300675020961"],
    "isAvailable": true,
    "locations": ["vic", "sa", "qld", "nsw", "wa", "tas", "act", "nt"]
  },
  {
    "apiUrl": "https://shop.coles.com.au/search/resources/store/20529/productview/bySeoUrlKeyword/cca-coca-cola-diet-125l-soft-drink-diet-coke?catalogId=27101",
    "id": "c419211p-9300675011037",
    "store": "coles",
    "name": "Diet Coke Soft Drink",
    "brand": "Coca-Cola",
    "price": 1.5,
    "orgPrice": 3,
    "categoryIds": ["drinks"],
    "imagePath": "https://shop.coles.com.au/wcsstore/Coles-CAS/images/4/1/9/419211.jpg",
    "cupPrice": "$1.20 per 1l",
    "unit": "ea",
    "packageSize": "1.25l",
    "barcode": ["9300675011037", "9300675011020"],
    "isAvailable": true,
    "locations": ["vic", "sa", "qld", "nsw", "wa", "tas", "act", "nt"]
  },
  {
    "apiUrl": "https://shop.coles.com.au/search/resources/store/20529/productview/bySeoUrlKeyword/coca-cola-soft-drink-diet-coke-caffeine-free-chilled?catalogId=27101",
    "id": "c5117333p-9300675018128",
    "store": "coles",
    "name": "Caffeine Free Diet Coke",
    "brand": "Coca-Cola",
    "price": 1.5,
    "orgPrice": 3,
    "categoryIds": ["drinks"],
    "imagePath": "https://shop.coles.com.au/wcsstore/Coles-CAS/images/5/1/1/5117333.jpg",
    "cupPrice": "$1.20 per 1l",
    "unit": "ea",
    "packageSize": "1.25l",
    "barcode": ["9300675018128", "9300675018012"],
    "isAvailable": true,
    "locations": ["vic", "sa", "qld", "nsw", "wa", "tas", "act", "nt"]
  },
  {
    "apiUrl": "https://shop.coles.com.au/search/resources/store/20529/productview/bySeoUrlKeyword/coca-cola-soft-drink-coke-no-sugar-vanilla?catalogId=27101",
    "id": "c3271060p-9300675085519",
    "store": "coles",
    "name": "Vanilla Flavour No Sugar Coke",
    "brand": "Coca-Cola",
    "price": 1.5,
    "orgPrice": 3,
    "categoryIds": ["drinks"],
    "imagePath": "https://shop.coles.com.au/wcsstore/Coles-CAS/images/3/2/7/3271060.jpg",
    "cupPrice": "$1.20 per 1l",
    "unit": "ea",
    "packageSize": "1.25l",
    "barcode": ["9300675085519"],
    "isAvailable": true,
    "locations": ["vic", "sa", "qld", "nsw", "wa", "tas", "act", "nt"]
  },
  {
    "apiUrl": "https://shop.coles.com.au/search/resources/store/20529/productview/bySeoUrlKeyword/swisse--ultiboost-odorless-wild-fish-oil-capsules?catalogId=27101",
    "id": "c2869478p-9311770592475",
    "store": "coles",
    "name": "Odourless High Strength Wild Fish Oil Capsules",
    "brand": "Swisse",
    "price": 17.5,
    "orgPrice": 35,
    "categoryIds": ["health-beauty"],
    "imagePath": "https://shop.coles.com.au/wcsstore/Coles-CAS/images/2/8/6/2869478.jpg",
    "cupPrice": "$0.04 per 1ea",
    "unit": "ea",
    "packageSize": "400 pack",
    "barcode": ["9311770592475"],
    "isAvailable": true,
    "locations": ["vic", "sa", "qld", "nsw", "wa", "tas", "act", "nt"]
  },
  {
    "apiUrl": "https://shop.coles.com.au/search/resources/store/20529/productview/bySeoUrlKeyword/swisse-vitamins-ultiboost-vitamin-d?catalogId=27101",
    "id": "c8098927p-9311770589246",
    "store": "coles",
    "name": "Ultiboost Vitamin D Capsules",
    "brand": "Swisse",
    "price": 13,
    "orgPrice": 26,
    "categoryIds": ["health-beauty"],
    "imagePath": "https://shop.coles.com.au/wcsstore/Coles-CAS/images/8/0/9/8098927.jpg",
    "cupPrice": "$5.20 per 100ea",
    "unit": "ea",
    "packageSize": "250 pack",
    "barcode": ["9311770589246"],
    "isAvailable": true,
    "locations": ["vic", "sa", "qld", "nsw", "wa", "tas", "act", "nt"]
  },
  {
    "apiUrl": "https://shop.coles.com.au/search/resources/store/20529/productview/bySeoUrlKeyword/swisse-vitamins-ultiboost-tablets-hair-skin-nails?catalogId=27101",
    "id": "c7109303p-9311770588041",
    "store": "coles",
    "name": "Ultiboost Hair Skin & Nails Tablets",
    "brand": "Swisse",
    "price": 11.5,
    "orgPrice": 23,
    "categoryIds": ["health-beauty"],
    "imagePath": "https://shop.coles.com.au/wcsstore/Coles-CAS/images/7/1/0/7109303.jpg",
    "cupPrice": "$19.17 per 100ea",
    "unit": "ea",
    "packageSize": "60 pack",
    "barcode": ["9311770588041"],
    "isAvailable": true,
    "locations": ["vic", "sa", "qld", "nsw", "wa", "tas", "act", "nt"]
  },
  {
    "apiUrl": "https://shop.coles.com.au/search/resources/store/20529/productview/bySeoUrlKeyword/swisse-ultiboost-high-strength-c-tablets?catalogId=27101",
    "id": "c2869456p",
    "store": "coles",
    "name": "High Strength C",
    "brand": "Swisse",
    "price": 20,
    "orgPrice": 40,
    "categoryIds": ["health-beauty"],
    "imagePath": "https://shop.coles.com.au/wcsstore/Coles-CAS/images/2/8/6/2869456.jpg",
    "cupPrice": "$0.13 per 1ea",
    "unit": "ea",
    "packageSize": "150 pack",
    "barcode": null,
    "isAvailable": true,
    "locations": ["vic", "sa", "qld", "nsw", "wa", "tas", "act", "nt"]
  },
  {
    "apiUrl": "https://shop.coles.com.au/search/resources/store/20529/productview/bySeoUrlKeyword/swisse-vitamins-ultiboost-tablets-magnesium?catalogId=27101",
    "id": "c9131391p-9311770590006",
    "store": "coles",
    "name": "Ultiboost Magnesium Tablets",
    "brand": "Swisse",
    "price": 17.5,
    "orgPrice": 35,
    "categoryIds": ["health-beauty"],
    "imagePath": "https://shop.coles.com.au/wcsstore/Coles-CAS/images/9/1/3/9131391.jpg",
    "cupPrice": "$14.58 per 100ea",
    "unit": "ea",
    "packageSize": "120 pack",
    "barcode": ["9311770590006"],
    "isAvailable": true,
    "locations": ["vic", "sa", "qld", "nsw", "wa", "tas", "act", "nt"]
  },
  {
    "apiUrl": "https://shop.coles.com.au/search/resources/store/20529/productview/bySeoUrlKeyword/swisse--ultiboost-glucosamine-sulfate-tablets?catalogId=27101",
    "id": "c2868817p-9311770597500",
    "store": "coles",
    "name": "Ultiboost Glucosamine Sulfate Tablets",
    "brand": "Swisse",
    "price": 21,
    "orgPrice": 42,
    "categoryIds": ["health-beauty"],
    "imagePath": "https://shop.coles.com.au/wcsstore/Coles-CAS/images/2/8/6/2868817.jpg",
    "cupPrice": "$0.12 per 1ea",
    "unit": "ea",
    "packageSize": "180 pack",
    "barcode": ["9311770597500"],
    "isAvailable": true,
    "locations": ["vic", "sa", "qld", "nsw", "wa", "tas", "act", "nt"]
  },
  {
    "apiUrl": "https://shop.coles.com.au/search/resources/store/20529/productview/bySeoUrlKeyword/swisse-ultiboost-odless-wld-fshoil-1000mg-400-pck?catalogId=27101",
    "id": "c8099067p-9311770588843",
    "store": "coles",
    "name": "Ultiboost Odourless Wild Fish Oil 1000mg Capsules",
    "brand": "Swisse",
    "price": 14,
    "orgPrice": 28,
    "categoryIds": ["health-beauty"],
    "imagePath": "https://shop.coles.com.au/wcsstore/Coles-CAS/images/8/0/9/8099067.jpg",
    "cupPrice": "$3.50 per 100ea",
    "unit": "ea",
    "packageSize": "400 pack",
    "barcode": ["9311770588843"],
    "isAvailable": true,
    "locations": ["vic", "sa", "qld", "nsw", "wa", "tas", "act", "nt"]
  },
  {
    "apiUrl": "https://shop.coles.com.au/search/resources/store/20529/productview/bySeoUrlKeyword/swisse-vitamins-ultiboost-zinc-capsules?catalogId=27101",
    "id": "c9120329p-9311770589666",
    "store": "coles",
    "name": "Ultiboost Zinc+ Tablets",
    "brand": "Swisse",
    "price": 8.1,
    "orgPrice": 16.2,
    "categoryIds": ["health-beauty"],
    "imagePath": "https://shop.coles.com.au/wcsstore/Coles-CAS/images/9/1/2/9120329.jpg",
    "cupPrice": "$13.50 per 100ea",
    "unit": "ea",
    "packageSize": "60 pack",
    "barcode": ["9311770589666"],
    "isAvailable": true,
    "locations": ["vic", "sa", "qld", "nsw", "wa", "tas", "act", "nt"]
  },
  {
    "apiUrl": "https://shop.coles.com.au/search/resources/store/20529/productview/bySeoUrlKeyword/natures-way-restore-pro-biotic-choc-balls?catalogId=27101",
    "id": "c9936573p-9314807025540",
    "store": "coles",
    "name": "Restore Probiotic Choc Balls",
    "brand": "Nature's Way",
    "price": 10,
    "orgPrice": 20,
    "categoryIds": ["health-beauty"],
    "imagePath": "https://shop.coles.com.au/wcsstore/Coles-CAS/images/9/9/3/9936573.jpg",
    "cupPrice": "$16.67 per 100ea",
    "unit": "ea",
    "packageSize": "60 pack",
    "barcode": ["9314807025540"],
    "isAvailable": true,
    "locations": ["vic", "sa", "qld", "nsw", "wa", "tas", "act", "nt"]
  },
  {
    "apiUrl": "https://shop.coles.com.au/search/resources/store/20529/productview/bySeoUrlKeyword/natures-way-adlt-vitagummie-immune-sf?catalogId=27101",
    "id": "c3453260p-9314807066239",
    "store": "coles",
    "name": "Adult Vita Gummie Immune Support Tablets",
    "brand": "Nature's Way",
    "price": 10,
    "orgPrice": 20,
    "categoryIds": ["health-beauty"],
    "imagePath": "https://shop.coles.com.au/wcsstore/Coles-CAS/images/3/4/5/3453260.jpg",
    "cupPrice": "$0.15 per 1ea",
    "unit": "ea",
    "packageSize": "65 pack",
    "barcode": ["9314807066239"],
    "isAvailable": true,
    "locations": ["vic", "sa", "qld", "nsw", "wa", "tas", "act", "nt"]
  },
  {
    "apiUrl": "https://shop.coles.com.au/search/resources/store/20529/productview/bySeoUrlKeyword/natures-way-vita-gummies-sugar-free-multi-trio?catalogId=27101",
    "id": "c3279505p-9314807062354",
    "store": "coles",
    "name": "Kids Smart Vita Gummies Multi-Vitamin",
    "brand": "Nature's Way",
    "price": 10,
    "orgPrice": 20,
    "categoryIds": ["health-beauty"],
    "imagePath": "https://shop.coles.com.au/wcsstore/Coles-CAS/images/3/2/7/3279505.jpg",
    "cupPrice": "$13.33 per 100ea",
    "unit": "ea",
    "packageSize": "75 pack",
    "barcode": ["9314807062354"],
    "isAvailable": true,
    "locations": ["vic", "sa", "qld", "nsw", "wa", "tas", "act", "nt"]
  },
  {
    "apiUrl": "https://shop.coles.com.au/search/resources/store/20529/productview/bySeoUrlKeyword/swisse-ultiboost-magnesium-calcium-vit-d?catalogId=27101",
    "id": "c1783694p-9311770595834",
    "store": "coles",
    "name": "Ultiboost Magnesium Calcium + D3 120 Tablets",
    "brand": "Swisse",
    "price": 12.5,
    "orgPrice": 25,
    "categoryIds": ["health-beauty"],
    "imagePath": "https://shop.coles.com.au/wcsstore/Coles-CAS/images/1/7/8/1783694.jpg",
    "cupPrice": "$12.50 per 1ea",
    "unit": "ea",
    "packageSize": "1 pack",
    "barcode": ["9311770595834"],
    "isAvailable": true,
    "locations": ["vic", "sa", "qld", "nsw", "wa", "tas", "act", "nt"]
  },
  {
    "apiUrl": "https://shop.coles.com.au/search/resources/store/20529/productview/bySeoUrlKeyword/natures-way-kid-smart-multiprobiotic?catalogId=27101",
    "id": "c3470430p-9314807066178",
    "store": "coles",
    "name": "Kid Smart Multivitamin + Probiotic Strawberry Flavour 50 Chewable Tablets",
    "brand": "Nature's Way",
    "price": 9.5,
    "orgPrice": 19,
    "categoryIds": ["health-beauty"],
    "imagePath": "https://shop.coles.com.au/wcsstore/Coles-CAS/images/3/4/7/3470430.jpg",
    "cupPrice": "$9.50 per 1ea",
    "unit": "ea",
    "packageSize": "1 pack",
    "barcode": ["9314807066178"],
    "isAvailable": true,
    "locations": ["vic", "sa", "qld", "nsw", "wa", "tas", "act", "nt"]
  },
  {
    "apiUrl": "https://shop.coles.com.au/search/resources/store/20529/productview/bySeoUrlKeyword/swisse-ultiboost-mega-b--tablets?catalogId=27101",
    "id": "c2911745p-9311770591676",
    "store": "coles",
    "name": "Ultiboost Mega B + Tablets",
    "brand": "Swisse",
    "price": 21,
    "orgPrice": 42,
    "categoryIds": ["health-beauty"],
    "imagePath": "https://shop.coles.com.au/wcsstore/Coles-CAS/images/2/9/1/2911745.jpg",
    "cupPrice": "$35.00 per 100ea",
    "unit": "ea",
    "packageSize": "60 pack",
    "barcode": ["9311770591676"],
    "isAvailable": true,
    "locations": ["vic", "sa", "qld", "nsw", "wa", "tas", "act", "nt"]
  },
  {
    "apiUrl": "https://shop.coles.com.au/search/resources/store/20529/productview/bySeoUrlKeyword/swisse-high-strength-organic-spirulina-tablets?catalogId=27101",
    "id": "c2869489p-9311770592550",
    "store": "coles",
    "name": "High Strength Organic Spirulina Tablets",
    "brand": "Swisse",
    "price": 24,
    "orgPrice": 48,
    "categoryIds": ["health-beauty"],
    "imagePath": "https://shop.coles.com.au/wcsstore/Coles-CAS/images/2/8/6/2869489.jpg",
    "cupPrice": "$12.00 per 100ea",
    "unit": "ea",
    "packageSize": "200 pack",
    "barcode": ["9311770592550"],
    "isAvailable": true,
    "locations": ["vic", "sa", "qld", "nsw", "wa", "tas", "act", "nt"]
  },
  {
    "apiUrl": "https://shop.coles.com.au/search/resources/store/20529/productview/bySeoUrlKeyword/natures-way-adlt-vitagummies-calcm-sf?catalogId=27101",
    "id": "c3453250p-9314807066222",
    "store": "coles",
    "name": "Adult Vita Gummies Calcium + Vitamin D Tablets",
    "brand": "Nature's Way",
    "price": 10,
    "orgPrice": 20,
    "categoryIds": ["health-beauty"],
    "imagePath": "https://shop.coles.com.au/wcsstore/Coles-CAS/images/3/4/5/3453250.jpg",
    "cupPrice": "$0.15 per 1ea",
    "unit": "ea",
    "packageSize": "65 pack",
    "barcode": ["9314807066222"],
    "isAvailable": true,
    "locations": ["vic", "sa", "qld", "nsw", "wa", "tas", "act", "nt"]
  },
  {
    "apiUrl": "https://shop.coles.com.au/search/resources/store/20529/productview/bySeoUrlKeyword/natures-way-restore-30-billion-high-strength-probiotic?catalogId=27101",
    "id": "c1758755p-9314807043049",
    "store": "coles",
    "name": "Restore 30 Billion Daily Probiotic",
    "brand": "Nature's Way",
    "price": 14,
    "orgPrice": 28,
    "categoryIds": ["health-beauty"],
    "imagePath": "https://shop.coles.com.au/wcsstore/Coles-CAS/images/1/7/5/1758755.jpg",
    "cupPrice": "$46.67 per 100ea",
    "unit": "ea",
    "packageSize": "30 pack",
    "barcode": ["9314807043049"],
    "isAvailable": true,
    "locations": ["vic", "sa", "qld", "nsw", "wa", "tas", "act", "nt"]
  },
  {
    "apiUrl": "https://shop.coles.com.au/search/resources/store/20529/productview/bySeoUrlKeyword/natures-way-restore?catalogId=27101",
    "id": "c2897190p-9314807041793",
    "store": "coles",
    "name": "Restore Probiotic Capsules",
    "brand": "Nature's Way",
    "price": 23.5,
    "orgPrice": 47,
    "categoryIds": ["health-beauty"],
    "imagePath": "https://shop.coles.com.au/wcsstore/Coles-CAS/images/2/8/9/2897190.jpg",
    "cupPrice": "$26.11 per 100ea",
    "unit": "ea",
    "packageSize": "90 pack",
    "barcode": ["9314807041793"],
    "isAvailable": true,
    "locations": ["vic", "sa", "qld", "nsw", "wa", "tas", "act", "nt"]
  },
  {
    "apiUrl": "https://shop.coles.com.au/search/resources/store/20529/productview/bySeoUrlKeyword/natures-way-beauty-collagen?catalogId=27101",
    "id": "c2564357p-9314807052249",
    "store": "coles",
    "name": "Beauty Collagen Booster Tablets",
    "brand": "Nature's Way",
    "price": 15,
    "orgPrice": 30,
    "categoryIds": ["health-beauty"],
    "imagePath": "https://shop.coles.com.au/wcsstore/Coles-CAS/images/2/5/6/2564357.jpg",
    "cupPrice": "$25.00 per 100ea",
    "unit": "ea",
    "packageSize": "60 pack",
    "barcode": ["9314807052249"],
    "isAvailable": true,
    "locations": ["vic", "sa", "qld", "nsw", "wa", "tas", "act", "nt"]
  },
  {
    "apiUrl": "https://shop.coles.com.au/search/resources/store/20529/productview/bySeoUrlKeyword/wellgrove-immunity-olive-leaf-extract-naturl-3470340p?catalogId=27101",
    "id": "c3470340p-9328370001535",
    "store": "coles",
    "name": "Immune Support Olive Leaf Extract Natural Flavour Oral Liquid",
    "brand": "Wellgrove",
    "price": 15,
    "orgPrice": 30,
    "categoryIds": ["health-beauty"],
    "imagePath": "https://shop.coles.com.au/wcsstore/Coles-CAS/images/3/4/7/3470340.jpg",
    "cupPrice": "$3.00 per 100ml",
    "unit": "ea",
    "packageSize": "500ml",
    "barcode": ["9328370001535"],
    "isAvailable": true,
    "locations": ["vic", "qld", "nsw", "nt"]
  },
  {
    "apiUrl": "https://shop.coles.com.au/search/resources/store/20529/productview/bySeoUrlKeyword/natures-way-vitagummie-s-f-probiotic?catalogId=27101",
    "id": "c3470441p-9314807062804",
    "store": "coles",
    "name": "Sugar Kids Smart Free Vita Gummies Probiotics",
    "brand": "Nature's Way",
    "price": 10,
    "orgPrice": 20,
    "categoryIds": ["health-beauty"],
    "imagePath": "https://shop.coles.com.au/wcsstore/Coles-CAS/images/3/4/7/3470441.jpg",
    "cupPrice": "$0.15 per 1ea",
    "unit": "ea",
    "packageSize": "65 pack",
    "barcode": ["9314807062804"],
    "isAvailable": true,
    "locations": ["vic", "sa", "qld", "nsw", "wa", "tas", "act", "nt"]
  },
  {
    "apiUrl": "https://shop.coles.com.au/search/resources/store/20529/productview/bySeoUrlKeyword/loma-linda-thai-green-curry-meal?catalogId=27101",
    "id": "c3411329p-845561001499",
    "store": "coles",
    "name": "Gluten Free Thai Green Curry With Chik'N And Rice",
    "brand": "Loma Linda",
    "price": 2.5,
    "orgPrice": 5,
    "categoryIds": ["health-beauty"],
    "imagePath": "https://shop.coles.com.au/wcsstore/Coles-CAS/images/3/4/1/3411329.jpg",
    "cupPrice": "$0.88 per 100g",
    "unit": "ea",
    "packageSize": "285g",
    "barcode": ["845561001499"],
    "isAvailable": true,
    "locations": ["vic", "sa", "qld", "nsw", "wa", "tas", "act", "nt"]
  },
  {
    "apiUrl": "https://shop.coles.com.au/search/resources/store/20529/productview/bySeoUrlKeyword/loma-linda-chipotle-bowl-meal?catalogId=27101",
    "id": "c3411318p-845561001345",
    "store": "coles",
    "name": "Gluten Free Chipotle Bowl With Black Beans Meal",
    "brand": "Loma Linda",
    "price": 2.5,
    "orgPrice": 5,
    "categoryIds": ["health-beauty"],
    "imagePath": "https://shop.coles.com.au/wcsstore/Coles-CAS/images/3/4/1/3411318.jpg",
    "cupPrice": "$0.88 per 100g",
    "unit": "ea",
    "packageSize": "285g",
    "barcode": ["845561001345"],
    "isAvailable": true,
    "locations": ["vic", "sa", "qld", "nsw", "wa", "tas", "act", "nt"]
  },
  {
    "apiUrl": "https://shop.coles.com.au/search/resources/store/20529/productview/bySeoUrlKeyword/swisse-ultibost-vitamin-c-chewable-3758315p?catalogId=27101",
    "id": "c3758315p-9311770604253",
    "store": "coles",
    "name": "Ultiboost Vitamin C Chewable",
    "brand": "Swisse",
    "price": 5.5,
    "orgPrice": 11,
    "categoryIds": ["health-beauty"],
    "imagePath": "https://shop.coles.com.au/wcsstore/Coles-CAS/images/3/7/5/3758315.jpg",
    "cupPrice": "$5.00 per 100ea",
    "unit": "ea",
    "packageSize": "110 pack",
    "barcode": ["9311770604253"],
    "isAvailable": true,
    "locations": ["vic", "sa", "qld", "nsw", "wa", "tas", "act", "nt"]
  },
  {
    "apiUrl": "https://shop.coles.com.au/search/resources/store/20529/productview/bySeoUrlKeyword/sukin-signature-cleansing-hand-wash-refill?catalogId=27101",
    "id": "c3516848p-9327693000485",
    "store": "coles",
    "name": "Signature Cleansing Hand Wash",
    "brand": "Sukin",
    "price": 8.97,
    "orgPrice": 17.95,
    "categoryIds": ["health-beauty"],
    "imagePath": "https://shop.coles.com.au/wcsstore/Coles-CAS/images/3/5/1/3516848.jpg",
    "cupPrice": "$8.97 per 1l",
    "unit": "ea",
    "packageSize": "1l",
    "barcode": ["9327693000485"],
    "isAvailable": true,
    "locations": ["vic", "sa", "qld", "nsw", "wa", "tas", "act", "nt"]
  },
  {
    "apiUrl": "https://shop.coles.com.au/search/resources/store/20529/productview/bySeoUrlKeyword/sukin-signature-cleansing-hand-wash-pump?catalogId=27101",
    "id": "c3516724p-9327693000140",
    "store": "coles",
    "name": "Signature Cleansing Hand Wash",
    "brand": "Sukin",
    "price": 4.95,
    "orgPrice": 9.95,
    "categoryIds": ["health-beauty"],
    "imagePath": "https://shop.coles.com.au/wcsstore/Coles-CAS/images/3/5/1/3516724.jpg",
    "cupPrice": "$0.99 per 100ml",
    "unit": "ea",
    "packageSize": "500ml",
    "barcode": ["9327693000140", "9327693007170"],
    "isAvailable": true,
    "locations": ["vic", "sa", "qld", "nsw", "wa", "tas", "act", "nt"]
  },
  {
    "apiUrl": "https://shop.coles.com.au/search/resources/store/20529/productview/bySeoUrlKeyword/sukin-hand-wash-lime-coconut?catalogId=27101",
    "id": "c3552149p-9327693008436",
    "store": "coles",
    "name": "Lime & Coconut Cleansing Hand Wash",
    "brand": "Sukin",
    "price": 4.95,
    "orgPrice": 9.95,
    "categoryIds": ["health-beauty"],
    "imagePath": "https://shop.coles.com.au/wcsstore/Coles-CAS/images/3/5/5/3552149.jpg",
    "cupPrice": "$0.99 per 100ml",
    "unit": "ea",
    "packageSize": "500ml",
    "barcode": ["9327693008436", "9327693008412"],
    "isAvailable": true,
    "locations": ["vic", "sa", "qld", "nsw", "wa", "tas", "act", "nt"]
  },
  {
    "apiUrl": "https://shop.coles.com.au/search/resources/store/20529/productview/bySeoUrlKeyword/listerine-medium-mouthwash-freshburst?catalogId=27101",
    "id": "c7945303p-9310059050217",
    "store": "coles",
    "name": "Freshburst Medium Mouthwash",
    "brand": "Listerine",
    "price": 3.75,
    "orgPrice": 7.5,
    "categoryIds": ["health-beauty"],
    "imagePath": "https://shop.coles.com.au/wcsstore/Coles-CAS/images/7/9/4/7945303.jpg",
    "cupPrice": "$0.75 per 100ml",
    "unit": "ea",
    "packageSize": "500ml",
    "barcode": ["9310059050217"],
    "isAvailable": true,
    "locations": ["vic", "sa", "qld", "nsw", "wa", "tas", "act", "nt"]
  },
  {
    "apiUrl": "https://shop.coles.com.au/search/resources/store/20529/productview/bySeoUrlKeyword/colgate-plax-fresh-mouthwash-fresh-mint?catalogId=27101",
    "id": "c7305006p-9400541425002",
    "store": "coles",
    "name": "Plax Fresh Mint Mouthwash",
    "brand": "Colgate",
    "price": 3,
    "orgPrice": 6,
    "categoryIds": ["health-beauty"],
    "imagePath": "https://shop.coles.com.au/wcsstore/Coles-CAS/images/7/3/0/7305006.jpg",
    "cupPrice": "$0.60 per 100ml",
    "unit": "ea",
    "packageSize": "500ml",
    "barcode": ["9400541425002", "9400541426641"],
    "isAvailable": true,
    "locations": ["vic", "sa", "qld", "nsw", "wa", "tas", "act", "nt"]
  },
  {
    "apiUrl": "https://shop.coles.com.au/search/resources/store/20529/productview/bySeoUrlKeyword/olay-regenerist-face-cream-micro-sculptng?catalogId=27101",
    "id": "c6913742p-4902430734936",
    "store": "coles",
    "name": "Regenerist Advanced Anti-Ageing Micro-Sculpting Face Cream",
    "brand": "Olay",
    "price": 24.5,
    "orgPrice": 49,
    "categoryIds": ["health-beauty"],
    "imagePath": "https://shop.coles.com.au/wcsstore/Coles-CAS/images/6/9/1/6913742.jpg",
    "cupPrice": "$49.00 per 100g",
    "unit": "ea",
    "packageSize": "50g",
    "barcode": [
      "4902430734936",
      "75609019326",
      "075609019326",
      "4902430367042"
    ],
    "isAvailable": true,
    "locations": ["vic", "sa", "qld", "nsw", "wa", "tas", "act", "nt"]
  },
  {
    "apiUrl": "https://shop.coles.com.au/search/resources/store/20529/productview/bySeoUrlKeyword/colgate-360-degree-toothbrush-adult-medium?catalogId=27101",
    "id": "c5398582p-9300632067091",
    "store": "coles",
    "name": "360 Degree Value Pack Medium Toothbrush",
    "brand": "Colgate",
    "price": 4,
    "orgPrice": 8,
    "categoryIds": ["health-beauty"],
    "imagePath": "https://shop.coles.com.au/wcsstore/Coles-CAS/images/5/3/9/5398582.jpg",
    "cupPrice": "$2.00 per 1ea",
    "unit": "ea",
    "packageSize": "2 pack",
    "barcode": ["9300632067091"],
    "isAvailable": true,
    "locations": ["vic", "sa", "qld", "nsw", "wa", "tas", "act", "nt"]
  },
  {
    "apiUrl": "https://shop.coles.com.au/search/resources/store/20529/productview/bySeoUrlKeyword/head-shoulders-anti-dandruff-clean-balanced-shampoo?catalogId=27101",
    "id": "c9015390p-4902430072427",
    "store": "coles",
    "name": "Clean & Balanced Anti-Dandruff Shampoo",
    "brand": "Head & Shoulders",
    "price": 5.5,
    "orgPrice": 11,
    "categoryIds": ["health-beauty"],
    "imagePath": "https://shop.coles.com.au/wcsstore/Coles-CAS/images/9/0/1/9015390.jpg",
    "cupPrice": "$1.38 per 100ml",
    "unit": "ea",
    "packageSize": "400ml",
    "barcode": [
      "4902430072427",
      "4902430002776",
      "4902430461764",
      "4902430034517",
      "4902430995429"
    ],
    "isAvailable": true,
    "locations": ["vic", "sa", "qld", "nsw", "wa", "tas", "act", "nt"]
  },
  {
    "apiUrl": "https://shop.coles.com.au/search/resources/store/20529/productview/bySeoUrlKeyword/oral-b--gum-care-sensitivity-repair-toothpaste?catalogId=27101",
    "id": "c2868690p-4902430713054",
    "store": "coles",
    "name": "Gum Care & Sensitivity Repair Toothpaste",
    "brand": "Oral-B",
    "price": 5,
    "orgPrice": 10,
    "categoryIds": ["health-beauty"],
    "imagePath": "https://shop.coles.com.au/wcsstore/Coles-CAS/images/2/8/6/2868690.jpg",
    "cupPrice": "$4.55 per 100g",
    "unit": "ea",
    "packageSize": "110g",
    "barcode": ["4902430713054"],
    "isAvailable": true,
    "locations": ["vic", "sa", "qld", "nsw", "wa", "tas", "act", "nt"]
  },
  {
    "apiUrl": "https://shop.coles.com.au/search/resources/store/20529/productview/bySeoUrlKeyword/oral-b--gum-care-enamel-restore-toothpaste?catalogId=27101",
    "id": "c2868679p-4902430711548",
    "store": "coles",
    "name": "Gum Care & Enamel Restore Toothpaste",
    "brand": "Oral-B",
    "price": 5,
    "orgPrice": 10,
    "categoryIds": ["health-beauty"],
    "imagePath": "https://shop.coles.com.au/wcsstore/Coles-CAS/images/2/8/6/2868679.jpg",
    "cupPrice": "$4.55 per 100g",
    "unit": "ea",
    "packageSize": "110g",
    "barcode": ["4902430711548"],
    "isAvailable": true,
    "locations": ["vic", "sa", "qld", "nsw", "wa", "tas", "act", "nt"]
  },
  {
    "apiUrl": "https://shop.coles.com.au/search/resources/store/20529/productview/bySeoUrlKeyword/sukin-foaming-facial-cleanser-pump?catalogId=27101",
    "id": "c2994287p-9327693000317",
    "store": "coles",
    "name": "Foaming Facial Cleanser Pump",
    "brand": "Sukin",
    "price": 6.5,
    "orgPrice": 13,
    "categoryIds": ["health-beauty"],
    "imagePath": "https://shop.coles.com.au/wcsstore/Coles-CAS/images/2/9/9/2994287.jpg",
    "cupPrice": "$5.20 per 100ml",
    "unit": "ea",
    "packageSize": "125ml",
    "barcode": ["9327693000317"],
    "isAvailable": true,
    "locations": ["vic", "sa", "qld", "nsw", "wa", "tas", "act", "nt"]
  },
  {
    "apiUrl": "https://shop.coles.com.au/search/resources/store/20529/productview/bySeoUrlKeyword/sukin-shampoo-hydrating?catalogId=27101",
    "id": "c3154940p",
    "store": "coles",
    "name": "Hydrating Shampoo",
    "brand": "Sukin",
    "price": 14,
    "orgPrice": 28,
    "categoryIds": ["health-beauty"],
    "imagePath": "https://shop.coles.com.au/wcsstore/Coles-CAS/images/3/1/5/3154940.jpg",
    "cupPrice": "$1.40 per 100ml",
    "unit": "ea",
    "packageSize": "1l",
    "barcode": null,
    "isAvailable": true,
    "locations": ["vic", "sa", "qld", "nsw", "wa", "tas", "act", "nt"]
  },
  {
    "apiUrl": "https://shop.coles.com.au/search/resources/store/20529/productview/bySeoUrlKeyword/white-glo-white-accel-blue-light-whitening-sys?catalogId=27101",
    "id": "c3128689p",
    "store": "coles",
    "name": "White Accelerator Blue Light Teeth Whitening System",
    "brand": "White Glo",
    "price": 17.5,
    "orgPrice": 35,
    "categoryIds": ["health-beauty"],
    "imagePath": "https://shop.coles.com.au/wcsstore/Coles-CAS/images/3/1/2/3128689.jpg",
    "cupPrice": "$17.50 per 1ea",
    "unit": "ea",
    "packageSize": "1 pack",
    "barcode": null,
    "isAvailable": true,
    "locations": ["vic", "sa", "qld", "nsw", "wa", "tas", "act", "nt"]
  },
  {
    "apiUrl": "https://shop.coles.com.au/search/resources/store/20529/productview/bySeoUrlKeyword/colgate-total-advanced-clean-toothpaste-3400854p?catalogId=27101",
    "id": "c3400854p-8850006344033",
    "store": "coles",
    "name": "Total Advanced Clean Toothpaste",
    "brand": "Colgate",
    "price": 2.75,
    "orgPrice": 5.5,
    "categoryIds": ["health-beauty"],
    "imagePath": "https://shop.coles.com.au/wcsstore/Coles-CAS/images/3/4/0/3400854.jpg",
    "cupPrice": "$2.39 per 100g",
    "unit": "ea",
    "packageSize": "115g",
    "barcode": ["8850006344033"],
    "isAvailable": true,
    "locations": ["vic", "sa", "qld", "nsw", "wa", "tas", "act", "nt"]
  },
  {
    "apiUrl": "https://shop.coles.com.au/search/resources/store/20529/productview/bySeoUrlKeyword/sukin-botanical-body-wash-pump?catalogId=27101",
    "id": "c2994050p-9327693000225",
    "store": "coles",
    "name": "Signature Botanical Body Wash",
    "brand": "Sukin",
    "price": 8.97,
    "orgPrice": 17.95,
    "categoryIds": ["health-beauty"],
    "imagePath": "https://shop.coles.com.au/wcsstore/Coles-CAS/images/2/9/9/2994050.jpg",
    "cupPrice": "$8.97 per 1l",
    "unit": "ea",
    "packageSize": "1l",
    "barcode": ["9327693000225"],
    "isAvailable": true,
    "locations": ["vic", "sa", "qld", "nsw", "wa", "tas", "act", "nt"]
  },
  {
    "apiUrl": "https://shop.coles.com.au/search/resources/store/20529/productview/bySeoUrlKeyword/colgate-360-degree-toothbrush-adult-soft?catalogId=27101",
    "id": "c6005700p-9300632069125",
    "store": "coles",
    "name": "360 Degree Value Pack Soft Toothbrush",
    "brand": "Colgate",
    "price": 4,
    "orgPrice": 8,
    "categoryIds": ["health-beauty"],
    "imagePath": "https://shop.coles.com.au/wcsstore/Coles-CAS/images/6/0/0/6005700.jpg",
    "cupPrice": "$2.00 per 1ea",
    "unit": "ea",
    "packageSize": "2 pack",
    "barcode": ["9300632069125"],
    "isAvailable": true,
    "locations": ["vic", "sa", "qld", "nsw", "wa", "tas", "act", "nt"]
  },
  {
    "apiUrl": "https://shop.coles.com.au/search/resources/store/20529/productview/bySeoUrlKeyword/olay-regenerist-micro-sculpting-night-cream?catalogId=27101",
    "id": "c1651354p-4902430558730",
    "store": "coles",
    "name": "Regenerist Micro-Sculpting Night Face Cream Moisturiser",
    "brand": "Olay",
    "price": 24.5,
    "orgPrice": 49,
    "categoryIds": ["health-beauty"],
    "imagePath": "https://shop.coles.com.au/wcsstore/Coles-CAS/images/1/6/5/1651354.jpg",
    "cupPrice": "$49.00 per 100g",
    "unit": "ea",
    "packageSize": "50g",
    "barcode": ["4902430558730", "4902430735087", "4902430585538"],
    "isAvailable": true,
    "locations": ["vic", "sa", "qld", "nsw", "wa", "tas", "act", "nt"]
  },
  {
    "apiUrl": "https://shop.coles.com.au/search/resources/store/20529/productview/bySeoUrlKeyword/sukin-conditioner-hydrating?catalogId=27101",
    "id": "c3154984p",
    "store": "coles",
    "name": "Hydrating Conditioner",
    "brand": "Sukin",
    "price": 14,
    "orgPrice": 28,
    "categoryIds": ["health-beauty"],
    "imagePath": "https://shop.coles.com.au/wcsstore/Coles-CAS/images/3/1/5/3154984.jpg",
    "cupPrice": "$1.40 per 100ml",
    "unit": "ea",
    "packageSize": "1l",
    "barcode": null,
    "isAvailable": true,
    "locations": ["vic", "sa", "qld", "nsw", "wa", "tas", "act", "nt"]
  },
  {
    "apiUrl": "https://shop.coles.com.au/search/resources/store/20529/productview/bySeoUrlKeyword/olay-total-effects-a-touch-of-foundation-spf-15?catalogId=27101",
    "id": "c6889761p-4902430359818",
    "store": "coles",
    "name": "Total Effects 7 in One Touch of Foundation BB Cr\u00e8me Face Cream SPF 15",
    "brand": "Olay",
    "price": 16.75,
    "orgPrice": 33.5,
    "categoryIds": ["health-beauty"],
    "imagePath": "https://shop.coles.com.au/wcsstore/Coles-CAS/images/6/8/8/6889761.jpg",
    "cupPrice": "$33.50 per 100g",
    "unit": "ea",
    "packageSize": "50g",
    "barcode": ["4902430359818", "4902430182003"],
    "isAvailable": true,
    "locations": ["vic", "sa", "qld", "nsw", "wa", "tas", "act", "nt"]
  },
  {
    "apiUrl": "https://shop.coles.com.au/search/resources/store/20529/productview/bySeoUrlKeyword/macleans-little-teeth-kids-toothbrush?catalogId=27101",
    "id": "c2871130p-9300673751669",
    "store": "coles",
    "name": "Little Teeth Soft Kids Toothbrush",
    "brand": "Macleans",
    "price": 1.85,
    "orgPrice": 4,
    "categoryIds": ["health-beauty"],
    "imagePath": "https://shop.coles.com.au/wcsstore/Coles-CAS/images/2/8/7/2871130.jpg",
    "cupPrice": "$1.85 per 1ea",
    "unit": "ea",
    "packageSize": "1 pack",
    "barcode": ["9300673751669", "400003174263"],
    "isAvailable": true,
    "locations": ["vic", "sa", "qld", "nsw", "wa", "tas", "act", "nt"]
  },
  {
    "apiUrl": "https://shop.coles.com.au/search/resources/store/20529/productview/bySeoUrlKeyword/sukin-hydrating-shampoo?catalogId=27101",
    "id": "c2994119p-9327693006883",
    "store": "coles",
    "name": "Hydrating Shampoo",
    "brand": "Sukin",
    "price": 9,
    "orgPrice": 18,
    "categoryIds": ["health-beauty"],
    "imagePath": "https://shop.coles.com.au/wcsstore/Coles-CAS/images/2/9/9/2994119.jpg",
    "cupPrice": "$1.80 per 100ml",
    "unit": "ea",
    "packageSize": "500ml",
    "barcode": ["9327693006883"],
    "isAvailable": true,
    "locations": ["vic", "sa", "qld", "nsw", "wa", "tas", "act", "nt"]
  },
  {
    "apiUrl": "https://shop.coles.com.au/search/resources/store/20529/productview/bySeoUrlKeyword/sukin-hydrating-conditioner?catalogId=27101",
    "id": "c2994152p-9327693006890",
    "store": "coles",
    "name": "Hydrating Conditioner",
    "brand": "Sukin",
    "price": 9,
    "orgPrice": 18,
    "categoryIds": ["health-beauty"],
    "imagePath": "https://shop.coles.com.au/wcsstore/Coles-CAS/images/2/9/9/2994152.jpg",
    "cupPrice": "$1.80 per 100ml",
    "unit": "ea",
    "packageSize": "500ml",
    "barcode": ["9327693006890"],
    "isAvailable": true,
    "locations": ["vic", "sa", "qld", "nsw", "wa", "tas", "act", "nt"]
  },
  {
    "apiUrl": "https://shop.coles.com.au/search/resources/store/20529/productview/bySeoUrlKeyword/colgate-total-advanced-fresh-toothpaste-3400898p?catalogId=27101",
    "id": "c3400898p-8850006343999",
    "store": "coles",
    "name": "Total Advanced Fresh Toothpaste",
    "brand": "Colgate",
    "price": 2.75,
    "orgPrice": 5.5,
    "categoryIds": ["health-beauty"],
    "imagePath": "https://shop.coles.com.au/wcsstore/Coles-CAS/images/3/4/0/3400898.jpg",
    "cupPrice": "$2.39 per 100g",
    "unit": "ea",
    "packageSize": "115g",
    "barcode": ["8850006343999"],
    "isAvailable": true,
    "locations": ["vic", "sa", "qld", "nsw", "wa", "tas", "act", "nt"]
  },
  {
    "apiUrl": "https://shop.coles.com.au/search/resources/store/20529/productview/bySeoUrlKeyword/sukin-purely-ageless-restorative-night-cream?catalogId=27101",
    "id": "c3477000p-9327693007101",
    "store": "coles",
    "name": "Purely Ageless Restorative Night Cream",
    "brand": "Sukin",
    "price": 13,
    "orgPrice": 26,
    "categoryIds": ["health-beauty"],
    "imagePath": "https://shop.coles.com.au/wcsstore/Coles-CAS/images/3/4/7/3477000.jpg",
    "cupPrice": "$10.83 per 100ml",
    "unit": "ea",
    "packageSize": "120ml",
    "barcode": ["9327693007101"],
    "isAvailable": true,
    "locations": ["vic", "sa", "qld", "nsw", "wa", "tas", "act", "nt"]
  },
  {
    "apiUrl": "https://shop.coles.com.au/search/resources/store/20529/productview/bySeoUrlKeyword/listerine-mouthwash-zero-8150277p?catalogId=27101",
    "id": "c8150277p-9300607090574",
    "store": "coles",
    "name": "Zero Mouthwash",
    "brand": "Listerine",
    "price": 4.25,
    "orgPrice": 8.5,
    "categoryIds": ["health-beauty"],
    "imagePath": "https://shop.coles.com.au/wcsstore/Coles-CAS/images/8/1/5/8150277.jpg",
    "cupPrice": "$0.85 per 100ml",
    "unit": "ea",
    "packageSize": "500ml",
    "barcode": ["9300607090574"],
    "isAvailable": true,
    "locations": ["vic", "sa", "qld", "nsw", "wa", "tas", "act", "nt"]
  },
  {
    "apiUrl": "https://shop.coles.com.au/search/resources/store/20529/productview/bySeoUrlKeyword/white-glo-toothpaste-professional?catalogId=27101",
    "id": "c6837214p-9319871000042",
    "store": "coles",
    "name": "Professional Toothpaste",
    "brand": "White Glo",
    "price": 2.62,
    "orgPrice": 5.25,
    "categoryIds": ["health-beauty"],
    "imagePath": "https://shop.coles.com.au/wcsstore/Coles-CAS/images/6/8/3/6837214.jpg",
    "cupPrice": "$1.75 per 100g",
    "unit": "ea",
    "packageSize": "150g",
    "barcode": ["9319871000042", "9319871000615"],
    "isAvailable": true,
    "locations": ["vic", "sa", "qld", "nsw", "wa", "tas", "act", "nt"]
  },
  {
    "apiUrl": "https://shop.coles.com.au/search/resources/store/20529/productview/bySeoUrlKeyword/head-shoulders-shampoo-conditioner-2in1-dry-scalp?catalogId=27101",
    "id": "c1593098p-4902430544818",
    "store": "coles",
    "name": "2 in 1 Dry Scalp Shampoo & Conditioner",
    "brand": "Head & Shoulders",
    "price": 5.5,
    "orgPrice": 11,
    "categoryIds": ["health-beauty"],
    "imagePath": "https://shop.coles.com.au/wcsstore/Coles-CAS/images/1/5/9/1593098.jpg",
    "cupPrice": "$1.57 per 100ml",
    "unit": "ea",
    "packageSize": "350ml",
    "barcode": ["4902430544818"],
    "isAvailable": true,
    "locations": ["vic", "sa", "qld", "nsw", "wa", "tas", "act", "nt"]
  },
  {
    "apiUrl": "https://shop.coles.com.au/search/resources/store/20529/productview/bySeoUrlKeyword/oral-b-3d-white-luxe-perfection?catalogId=27101",
    "id": "c3130567p-4902430751889",
    "store": "coles",
    "name": "3D White Luxe Perfection Toothpaste",
    "brand": "Oral-B",
    "price": 4.5,
    "orgPrice": 9,
    "categoryIds": ["health-beauty"],
    "imagePath": "https://shop.coles.com.au/wcsstore/Coles-CAS/images/3/1/3/3130567.jpg",
    "cupPrice": "$4.74 per 100g",
    "unit": "ea",
    "packageSize": "95g",
    "barcode": ["4902430751889"],
    "isAvailable": true,
    "locations": ["vic", "sa", "qld", "nsw", "wa", "tas", "act", "nt"]
  },
  {
    "apiUrl": "https://shop.coles.com.au/search/resources/store/20529/productview/bySeoUrlKeyword/oral-b-pro100-cross-action-powerbrush?catalogId=27101",
    "id": "c3401813p-6903148269749",
    "store": "coles",
    "name": "Pro 100 CrossAction Electric Toothbrush",
    "brand": "Oral-B",
    "price": 35,
    "orgPrice": 70,
    "categoryIds": ["health-beauty"],
    "imagePath": "https://shop.coles.com.au/wcsstore/Coles-CAS/images/3/4/0/3401813.jpg",
    "cupPrice": "$35.00 per 1ea",
    "unit": "ea",
    "packageSize": "1 pack",
    "barcode": ["6903148269749"],
    "isAvailable": true,
    "locations": ["vic", "sa", "qld", "nsw", "wa", "tas", "act", "nt"]
  },
  {
    "apiUrl": "https://shop.coles.com.au/search/resources/store/20529/productview/bySeoUrlKeyword/olay-face-cream-base-normal?catalogId=27101",
    "id": "c69696p-9300618553105",
    "store": "coles",
    "name": "Moisturising Cream",
    "brand": "Olay",
    "price": 6.5,
    "orgPrice": 13,
    "categoryIds": ["health-beauty"],
    "imagePath": "https://shop.coles.com.au/wcsstore/Coles-CAS/images/6/9/6/69696.jpg",
    "cupPrice": "$6.50 per 100g",
    "unit": "ea",
    "packageSize": "100g",
    "barcode": ["9300618553105"],
    "isAvailable": true,
    "locations": ["vic", "sa", "qld", "nsw", "wa", "tas", "act", "nt"]
  },
  {
    "apiUrl": "https://shop.coles.com.au/search/resources/store/20529/productview/bySeoUrlKeyword/olay-total-effects-normal-spf-15?catalogId=27101",
    "id": "c5998138p-4902430360111",
    "store": "coles",
    "name": "Total Effects 7 In One Normal Day Face Cream SPF 15",
    "brand": "Olay",
    "price": 16.75,
    "orgPrice": 33.5,
    "categoryIds": ["health-beauty"],
    "imagePath": "https://shop.coles.com.au/wcsstore/Coles-CAS/images/5/9/9/5998138.jpg",
    "cupPrice": "$33.50 per 100g",
    "unit": "ea",
    "packageSize": "50g",
    "barcode": ["4902430360111", "4902430051231"],
    "isAvailable": true,
    "locations": ["vic", "sa", "qld", "nsw", "wa", "tas", "act", "nt"]
  },
  {
    "apiUrl": "https://shop.coles.com.au/search/resources/store/20529/productview/bySeoUrlKeyword/carefree-barely-there-liners?catalogId=27101",
    "id": "c9621889p-9300607541076",
    "store": "coles",
    "name": "Barely There Liners",
    "brand": "Carefree",
    "price": 2.25,
    "orgPrice": 4.5,
    "categoryIds": ["health-beauty"],
    "imagePath": "https://shop.coles.com.au/wcsstore/Coles-CAS/images/9/6/2/9621889.jpg",
    "cupPrice": "$0.05 per 1ea",
    "unit": "ea",
    "packageSize": "42 pack",
    "barcode": ["9300607541076", "9300607541106"],
    "isAvailable": true,
    "locations": ["vic", "sa", "qld", "nsw", "wa", "tas", "act", "nt"]
  },
  {
    "apiUrl": "https://shop.coles.com.au/search/resources/store/20529/productview/bySeoUrlKeyword/oral-b-clinicial-7-benefits-rinse?catalogId=27101",
    "id": "c2222331p-4902430606684",
    "store": "coles",
    "name": "Clinical Alcohol Free Flouride Rinse Clean Mint Mouthwash",
    "brand": "Oral-B",
    "price": 4.5,
    "orgPrice": 9,
    "categoryIds": ["health-beauty"],
    "imagePath": "https://shop.coles.com.au/wcsstore/Coles-CAS/images/2/2/2/2222331.jpg",
    "cupPrice": "$0.90 per 100ml",
    "unit": "ea",
    "packageSize": "500ml",
    "barcode": ["4902430606684"],
    "isAvailable": true,
    "locations": ["vic", "sa", "qld", "nsw", "wa", "tas", "act", "nt"]
  },
  {
    "apiUrl": "https://shop.coles.com.au/search/resources/store/20529/productview/bySeoUrlKeyword/sukin-shampoo-natural-balance?catalogId=27101",
    "id": "c3154930p",
    "store": "coles",
    "name": "Natural Balance Shampoo",
    "brand": "Sukin",
    "price": 14,
    "orgPrice": 28,
    "categoryIds": ["health-beauty"],
    "imagePath": "https://shop.coles.com.au/wcsstore/Coles-CAS/images/3/1/5/3154930.jpg",
    "cupPrice": "$1.40 per 100ml",
    "unit": "ea",
    "packageSize": "1l",
    "barcode": null,
    "isAvailable": true,
    "locations": ["vic", "sa", "qld", "nsw", "wa", "tas", "act", "nt"]
  },
  {
    "apiUrl": "https://shop.coles.com.au/search/resources/store/20529/productview/bySeoUrlKeyword/stayfree-pads-cottony-soft-ultra-thin-with-wings-all-nights?catalogId=27101",
    "id": "c5189276p-9300607550559",
    "store": "coles",
    "name": "Ultra Thin with Wings All Nights Cotton Pads",
    "brand": "Stayfree",
    "price": 2.25,
    "orgPrice": 4.5,
    "categoryIds": ["health-beauty"],
    "imagePath": "https://shop.coles.com.au/wcsstore/Coles-CAS/images/5/1/8/5189276.jpg",
    "cupPrice": "$0.23 per 1ea",
    "unit": "ea",
    "packageSize": "10 pack",
    "barcode": ["9300607550559", "9300607551112", "9300607550764"],
    "isAvailable": true,
    "locations": ["vic", "sa", "qld", "nsw", "wa", "tas", "act", "nt"]
  },
  {
    "apiUrl": "https://shop.coles.com.au/search/resources/store/20529/productview/bySeoUrlKeyword/head-shoulders-conditioner-anti-dandruff-smooth-silky?catalogId=27101",
    "id": "c4714202p-4902430935876",
    "store": "coles",
    "name": "Smooth & Silky Anti-Dandruff Conditioner",
    "brand": "Head & Shoulders",
    "price": 5.5,
    "orgPrice": 11,
    "categoryIds": ["health-beauty"],
    "imagePath": "https://shop.coles.com.au/wcsstore/Coles-CAS/images/4/7/1/4714202.jpg",
    "cupPrice": "$1.38 per 100ml",
    "unit": "ea",
    "packageSize": "400ml",
    "barcode": ["4902430935876", "4902430282703"],
    "isAvailable": true,
    "locations": ["vic", "sa", "qld", "nsw", "wa", "tas", "act", "nt"]
  },
  {
    "apiUrl": "https://shop.coles.com.au/search/resources/store/20529/productview/bySeoUrlKeyword/olay-regenerist-moisturiser-micro-sculpting-uv-spf-30?catalogId=27101",
    "id": "c1168762p-4902430469852",
    "store": "coles",
    "name": "Regenerist Advanced Anti-Ageing Micro-Sculpting UV Day Face Cream SPF 30",
    "brand": "Olay",
    "price": 24.5,
    "orgPrice": 49,
    "categoryIds": ["health-beauty"],
    "imagePath": "https://shop.coles.com.au/wcsstore/Coles-CAS/images/1/1/6/1168762.jpg",
    "cupPrice": "$49.00 per 100ml",
    "unit": "ea",
    "packageSize": "50ml",
    "barcode": ["4902430469852", "4902430529938"],
    "isAvailable": true,
    "locations": ["vic", "sa", "qld", "nsw", "wa", "tas", "act", "nt"]
  },
  {
    "apiUrl": "https://shop.coles.com.au/search/resources/store/20529/productview/bySeoUrlKeyword/head-shoulders-anti-dandruff-smooth-silky-shampoo-9015380p?catalogId=27101",
    "id": "c9015380p-4902430002660",
    "store": "coles",
    "name": "Smooth & Silky Anti-Dandruff Shampoo",
    "brand": "Head & Shoulders",
    "price": 5.5,
    "orgPrice": 11,
    "categoryIds": ["health-beauty"],
    "imagePath": "https://shop.coles.com.au/wcsstore/Coles-CAS/images/9/0/1/9015380.jpg",
    "cupPrice": "$1.38 per 100ml",
    "unit": "ea",
    "packageSize": "400ml",
    "barcode": ["4902430002660", "4902430995382", "4902430072410"],
    "isAvailable": true,
    "locations": ["vic", "sa", "qld", "nsw", "wa", "tas", "act", "nt"]
  },
  {
    "apiUrl": "https://shop.coles.com.au/search/resources/store/20529/productview/bySeoUrlKeyword/plax-peppermint-dental-rinse?catalogId=27101",
    "id": "c7190174p-400003259601",
    "store": "coles",
    "name": "Plax Peppermint Dental Mouthwash",
    "brand": "Colgate",
    "price": 3,
    "orgPrice": 6,
    "categoryIds": ["health-beauty"],
    "imagePath": "https://shop.coles.com.au/wcsstore/Coles-CAS/images/7/1/9/7190174.jpg",
    "cupPrice": "$0.60 per 100ml",
    "unit": "ea",
    "packageSize": "500ml",
    "barcode": ["400003259601", "9400541425019"],
    "isAvailable": true,
    "locations": ["vic", "sa", "qld", "nsw", "wa", "tas", "act", "nt"]
  },
  {
    "apiUrl": "https://shop.coles.com.au/search/resources/store/20529/productview/bySeoUrlKeyword/sukin-facial-moisturiser-pump?catalogId=27101",
    "id": "c2994458p-9327693000294",
    "store": "coles",
    "name": "Facial Moisturiser Pump",
    "brand": "Sukin",
    "price": 6.5,
    "orgPrice": 13,
    "categoryIds": ["health-beauty"],
    "imagePath": "https://shop.coles.com.au/wcsstore/Coles-CAS/images/2/9/9/2994458.jpg",
    "cupPrice": "$5.20 per 100ml",
    "unit": "ea",
    "packageSize": "125ml",
    "barcode": ["9327693000294"],
    "isAvailable": true,
    "locations": ["vic", "sa", "qld", "nsw", "wa", "tas", "act", "nt"]
  },
  {
    "apiUrl": "https://shop.coles.com.au/search/resources/store/20529/productview/bySeoUrlKeyword/oral-b-3d-white-luxe-glamorous-white?catalogId=27101",
    "id": "c3130487p-4902430751872",
    "store": "coles",
    "name": "3D White Luxe Glamorous White Toothpaste",
    "brand": "Oral-B",
    "price": 4.5,
    "orgPrice": 9,
    "categoryIds": ["health-beauty"],
    "imagePath": "https://shop.coles.com.au/wcsstore/Coles-CAS/images/3/1/3/3130487.jpg",
    "cupPrice": "$4.74 per 100g",
    "unit": "ea",
    "packageSize": "95g",
    "barcode": ["4902430751872"],
    "isAvailable": true,
    "locations": ["vic", "sa", "qld", "nsw", "wa", "tas", "act", "nt"]
  },
  {
    "apiUrl": "https://shop.coles.com.au/search/resources/store/20529/productview/bySeoUrlKeyword/head-shoulders-shampoo-deep-clean-2in1?catalogId=27101",
    "id": "c3416130p-4902430857345",
    "store": "coles",
    "name": "Ultra Men 2 in 1 Deep Clean Shampoo + Conditioner",
    "brand": "Head & Shoulders",
    "price": 9.5,
    "orgPrice": 19,
    "categoryIds": ["health-beauty"],
    "imagePath": "https://shop.coles.com.au/wcsstore/Coles-CAS/images/3/4/1/3416130.jpg",
    "cupPrice": "$1.73 per 100ml",
    "unit": "ea",
    "packageSize": "550ml",
    "barcode": ["4902430857345"],
    "isAvailable": true,
    "locations": ["vic", "sa", "qld", "nsw", "wa", "tas", "act", "nt"]
  },
  {
    "apiUrl": "https://shop.coles.com.au/search/resources/store/20529/productview/bySeoUrlKeyword/sukin-purely-ageless-rejuvenating-day-cream?catalogId=27101",
    "id": "c3476947p-9327693007118",
    "store": "coles",
    "name": "Purely Ageless Rejuvenating Day Cream",
    "brand": "Sukin",
    "price": 13,
    "orgPrice": 26,
    "categoryIds": ["health-beauty"],
    "imagePath": "https://shop.coles.com.au/wcsstore/Coles-CAS/images/3/4/7/3476947.jpg",
    "cupPrice": "$10.83 per 100ml",
    "unit": "ea",
    "packageSize": "120ml",
    "barcode": ["9327693007118"],
    "isAvailable": true,
    "locations": ["vic", "sa", "qld", "nsw", "wa", "tas", "act", "nt"]
  },
  {
    "apiUrl": "https://shop.coles.com.au/search/resources/store/20529/productview/bySeoUrlKeyword/stayfree-pads-cottony-soft-ultra-thin-with-wings-regular-5189287p?catalogId=27101",
    "id": "c5189287p-9300607551174",
    "store": "coles",
    "name": "Ultra Thin With Wings Regular Cotton Pads",
    "brand": "Stayfree",
    "price": 2.25,
    "orgPrice": 4.5,
    "categoryIds": ["health-beauty"],
    "imagePath": "https://shop.coles.com.au/wcsstore/Coles-CAS/images/5/1/8/5189287.jpg",
    "cupPrice": "$0.16 per 1ea",
    "unit": "ea",
    "packageSize": "14 pack",
    "barcode": ["9300607551174", "9300607550542"],
    "isAvailable": true,
    "locations": ["vic", "sa", "qld", "nsw", "wa", "tas", "act", "nt"]
  },
  {
    "apiUrl": "https://shop.coles.com.au/search/resources/store/20529/productview/bySeoUrlKeyword/olay-regenerist-night-cream?catalogId=27101",
    "id": "c4919930p-400001240717",
    "store": "coles",
    "name": "Regenerist Advanced Anti-Ageing Revitalising Night Face Cream",
    "brand": "Olay",
    "price": 16.75,
    "orgPrice": 33.5,
    "categoryIds": ["health-beauty"],
    "imagePath": "https://shop.coles.com.au/wcsstore/Coles-CAS/images/4/9/1/4919930.jpg",
    "cupPrice": "$33.50 per 100g",
    "unit": "ea",
    "packageSize": "50g",
    "barcode": [
      "400001240717",
      "4902430937009",
      "4902430735001",
      "4902430433617"
    ],
    "isAvailable": true,
    "locations": ["vic", "sa", "qld", "nsw", "wa", "tas", "act", "nt"]
  },
  {
    "apiUrl": "https://shop.coles.com.au/search/resources/store/20529/productview/bySeoUrlKeyword/head-shoulders-anti-dandruff-dry-scalp-care-shampoo-9269898p?catalogId=27101",
    "id": "c9269898p-4902430995399",
    "store": "coles",
    "name": "Anti-Dandruff Dry Scalp Care Shampoo",
    "brand": "Head & Shoulders",
    "price": 5.5,
    "orgPrice": 11,
    "categoryIds": ["health-beauty"],
    "imagePath": "https://shop.coles.com.au/wcsstore/Coles-CAS/images/9/2/6/9269898.jpg",
    "cupPrice": "$1.38 per 100ml",
    "unit": "ea",
    "packageSize": "400ml",
    "barcode": ["4902430995399", "4902430055864", "4902430074377"],
    "isAvailable": true,
    "locations": ["vic", "sa", "qld", "nsw", "wa", "tas", "act", "nt"]
  },
  {
    "apiUrl": "https://shop.coles.com.au/search/resources/store/20529/productview/bySeoUrlKeyword/original-source-shower-gel-milk-raspberry?catalogId=27101",
    "id": "c1303289p-9300615094434",
    "store": "coles",
    "name": "Vanilla & Raspberry Shower Gel",
    "brand": "Original Source",
    "price": 2,
    "orgPrice": 4,
    "categoryIds": ["health-beauty"],
    "imagePath": "https://shop.coles.com.au/wcsstore/Coles-CAS/images/1/3/0/1303289.jpg",
    "cupPrice": "$0.80 per 100ml",
    "unit": "ea",
    "packageSize": "250ml",
    "barcode": ["9300615094434", "5000101077005"],
    "isAvailable": true,
    "locations": ["vic", "sa", "qld", "nsw", "wa", "tas", "act", "nt"]
  },
  {
    "apiUrl": "https://shop.coles.com.au/search/resources/store/20529/productview/bySeoUrlKeyword/head-shoulders-shampoo-conditioner-2in1-itchy-scalp?catalogId=27101",
    "id": "c1593087p-4902430543910",
    "store": "coles",
    "name": "2 in 1 Itchy Scalp Shampoo & Conditioner",
    "brand": "Head & Shoulders",
    "price": 5.5,
    "orgPrice": 11,
    "categoryIds": ["health-beauty"],
    "imagePath": "https://shop.coles.com.au/wcsstore/Coles-CAS/images/1/5/9/1593087.jpg",
    "cupPrice": "$1.57 per 100ml",
    "unit": "ea",
    "packageSize": "350ml",
    "barcode": ["4902430543910"],
    "isAvailable": true,
    "locations": ["vic", "sa", "qld", "nsw", "wa", "tas", "act", "nt"]
  },
  {
    "apiUrl": "https://shop.coles.com.au/search/resources/store/20529/productview/bySeoUrlKeyword/colgate-total-charcoal-deep-clean-toothpaste-3400990p?catalogId=27101",
    "id": "c3400990p-8850006344019",
    "store": "coles",
    "name": "Total Charcoal Deep Clean Multi Benefit Toothpaste",
    "brand": "Colgate",
    "price": 2.75,
    "orgPrice": 5.5,
    "categoryIds": ["health-beauty"],
    "imagePath": "https://shop.coles.com.au/wcsstore/Coles-CAS/images/3/4/0/3400990.jpg",
    "cupPrice": "$2.39 per 100g",
    "unit": "ea",
    "packageSize": "115g",
    "barcode": ["8850006344019"],
    "isAvailable": true,
    "locations": ["vic", "sa", "qld", "nsw", "wa", "tas", "act", "nt"]
  },
  {
    "apiUrl": "https://shop.coles.com.au/search/resources/store/20529/productview/bySeoUrlKeyword/head-shoulders-shampoo-old-spice-2in1?catalogId=27101",
    "id": "c3416140p-4902430857338",
    "store": "coles",
    "name": "2 in 1 Ultra Men Old Spice Shampoo",
    "brand": "Head & Shoulders",
    "price": 9.5,
    "orgPrice": 19,
    "categoryIds": ["health-beauty"],
    "imagePath": "https://shop.coles.com.au/wcsstore/Coles-CAS/images/3/4/1/3416140.jpg",
    "cupPrice": "$1.73 per 100ml",
    "unit": "ea",
    "packageSize": "550ml",
    "barcode": ["4902430857338"],
    "isAvailable": true,
    "locations": ["vic", "sa", "qld", "nsw", "wa", "tas", "act", "nt"]
  },
  {
    "apiUrl": "https://shop.coles.com.au/search/resources/store/20529/productview/bySeoUrlKeyword/sukin-blemish-control-kit?catalogId=27101",
    "id": "c3532200p-9327693007590",
    "store": "coles",
    "name": "Blemish Control Kit",
    "brand": "Sukin",
    "price": 15,
    "orgPrice": 30,
    "categoryIds": ["health-beauty"],
    "imagePath": "https://shop.coles.com.au/wcsstore/Coles-CAS/images/3/5/3/3532200.jpg",
    "cupPrice": "$15.00 per 1ea",
    "unit": "ea",
    "packageSize": "1 each",
    "barcode": ["9327693007590"],
    "isAvailable": true,
    "locations": ["vic", "sa", "qld", "nsw", "wa", "tas", "act", "nt"]
  },
  {
    "apiUrl": "https://shop.coles.com.au/search/resources/store/20529/productview/bySeoUrlKeyword/olay-total-effects-foaming-cleanser?catalogId=27101",
    "id": "c5984789p-4902430129411",
    "store": "coles",
    "name": "Total Effects Foaming Cleanser",
    "brand": "Olay",
    "price": 6.5,
    "orgPrice": 13,
    "categoryIds": ["health-beauty"],
    "imagePath": "https://shop.coles.com.au/wcsstore/Coles-CAS/images/5/9/8/5984789.jpg",
    "cupPrice": "$6.50 per 100g",
    "unit": "ea",
    "packageSize": "100g",
    "barcode": ["4902430129411"],
    "isAvailable": true,
    "locations": ["vic", "sa", "qld", "nsw", "wa", "tas", "act", "nt"]
  },
  {
    "apiUrl": "https://shop.coles.com.au/search/resources/store/20529/productview/bySeoUrlKeyword/olay-complete-moisturising-lotion-uv-protection-spf15-sensitive?catalogId=27101",
    "id": "c5293529p-4902430951432",
    "store": "coles",
    "name": "Complete UV Protection Sensitive Moisturiser Lotion SPF 15+",
    "brand": "Olay",
    "price": 7.7,
    "orgPrice": 15.4,
    "categoryIds": ["health-beauty"],
    "imagePath": "https://shop.coles.com.au/wcsstore/Coles-CAS/images/5/2/9/5293529.jpg",
    "cupPrice": "$5.13 per 100ml",
    "unit": "ea",
    "packageSize": "150ml",
    "barcode": ["4902430951432", "400003159048"],
    "isAvailable": true,
    "locations": ["vic", "sa", "qld", "nsw", "wa", "tas", "act", "nt"]
  },
  {
    "apiUrl": "https://shop.coles.com.au/search/resources/store/20529/productview/bySeoUrlKeyword/listerine-mouthwash-antiseptic-teeth-defence-with-fluoride-9713943p?catalogId=27101",
    "id": "c9713943p-9310059048320",
    "store": "coles",
    "name": "Teeth Defence with Fluoride Mouthwash",
    "brand": "Listerine",
    "price": 4.25,
    "orgPrice": 8.5,
    "categoryIds": ["health-beauty"],
    "imagePath": "https://shop.coles.com.au/wcsstore/Coles-CAS/images/9/7/1/9713943.jpg",
    "cupPrice": "$0.85 per 100ml",
    "unit": "ea",
    "packageSize": "500ml",
    "barcode": ["9310059048320"],
    "isAvailable": true,
    "locations": ["vic", "sa", "qld", "nsw", "wa", "tas", "act", "nt"]
  },
  {
    "apiUrl": "https://shop.coles.com.au/search/resources/store/20529/productview/bySeoUrlKeyword/macleans-multi-action-soft-toothbrush?catalogId=27101",
    "id": "c2213840p-9300673826022",
    "store": "coles",
    "name": "Multi Action Soft Toothbrush",
    "brand": "MacLeans",
    "price": 1.7,
    "orgPrice": 3.5,
    "categoryIds": ["health-beauty"],
    "imagePath": "https://shop.coles.com.au/wcsstore/Coles-CAS/images/2/2/1/2213840.jpg",
    "cupPrice": "$1.70 per 1ea",
    "unit": "ea",
    "packageSize": "1 each",
    "barcode": ["9300673826022"],
    "isAvailable": true,
    "locations": ["vic", "sa", "qld", "nsw", "wa", "tas", "act", "nt"]
  },
  {
    "apiUrl": "https://shop.coles.com.au/search/resources/store/20529/productview/bySeoUrlKeyword/white-glo-diamond-series-whitening-system?catalogId=27101",
    "id": "c2620695p-9319871000783",
    "store": "coles",
    "name": "Diamond Series Whitening System",
    "brand": "White Glo",
    "price": 10,
    "orgPrice": 20,
    "categoryIds": ["health-beauty"],
    "imagePath": "https://shop.coles.com.au/wcsstore/Coles-CAS/images/2/6/2/2620695.jpg",
    "cupPrice": "$10.00 per 1ea",
    "unit": "ea",
    "packageSize": "1 pack",
    "barcode": ["9319871000783"],
    "isAvailable": true,
    "locations": ["vic", "sa", "qld", "nsw", "wa", "tas", "act", "nt"]
  },
  {
    "apiUrl": "https://shop.coles.com.au/search/resources/store/20529/productview/bySeoUrlKeyword/olay-eyes-pro-retinol-eye-treatment?catalogId=27101",
    "id": "c2859044p-4902430719582",
    "store": "coles",
    "name": "Eyes Pro-Retinol Anti-Ageing Eye Cream Treatment",
    "brand": "Olay",
    "price": 24.5,
    "orgPrice": 49,
    "categoryIds": ["health-beauty"],
    "imagePath": "https://shop.coles.com.au/wcsstore/Coles-CAS/images/2/8/5/2859044.jpg",
    "cupPrice": "$163.34 per 100ml",
    "unit": "ea",
    "packageSize": "15ml",
    "barcode": ["4902430719582"],
    "isAvailable": true,
    "locations": ["vic", "sa", "qld", "nsw", "wa", "tas", "act", "nt"]
  },
  {
    "apiUrl": "https://shop.coles.com.au/search/resources/store/20529/productview/bySeoUrlKeyword/white-glo-deep-stain-remover-activated-charcoal-whitening-toothpaste?catalogId=27101",
    "id": "c2868646p-9319871000943",
    "store": "coles",
    "name": "Deep Stain Remover Activated Charcoal Whitening Toothpaste",
    "brand": "White Glo",
    "price": 3,
    "orgPrice": 6,
    "categoryIds": ["health-beauty"],
    "imagePath": "https://shop.coles.com.au/wcsstore/Coles-CAS/images/2/8/6/2868646.jpg",
    "cupPrice": "$2.00 per 100g",
    "unit": "ea",
    "packageSize": "150g",
    "barcode": ["9319871000943"],
    "isAvailable": true,
    "locations": ["vic", "sa", "qld", "nsw", "wa", "tas", "act", "nt"]
  },
  {
    "apiUrl": "https://shop.coles.com.au/search/resources/store/20529/productview/bySeoUrlKeyword/sukin-antioxidant-eye-serum?catalogId=27101",
    "id": "c2994549p-9327693000539",
    "store": "coles",
    "name": "Antioxidant Eye Serum",
    "brand": "Sukin",
    "price": 10,
    "orgPrice": 20,
    "categoryIds": ["health-beauty"],
    "imagePath": "https://shop.coles.com.au/wcsstore/Coles-CAS/images/2/9/9/2994549.jpg",
    "cupPrice": "$33.33 per 100ml",
    "unit": "ea",
    "packageSize": "30ml",
    "barcode": ["9327693000539"],
    "isAvailable": true,
    "locations": ["vic", "sa", "qld", "nsw", "wa", "tas", "act", "nt"]
  },
  {
    "apiUrl": "https://shop.coles.com.au/search/resources/store/20529/productview/bySeoUrlKeyword/sukin-conditioner-natural-balance?catalogId=27101",
    "id": "c3154973p",
    "store": "coles",
    "name": "Natural Balance Conditioner",
    "brand": "Sukin",
    "price": 14,
    "orgPrice": 28,
    "categoryIds": ["health-beauty"],
    "imagePath": "https://shop.coles.com.au/wcsstore/Coles-CAS/images/3/1/5/3154973.jpg",
    "cupPrice": "$1.40 per 100ml",
    "unit": "ea",
    "packageSize": "1l",
    "barcode": null,
    "isAvailable": true,
    "locations": ["vic", "sa", "qld", "nsw", "wa", "tas", "act", "nt"]
  },
  {
    "apiUrl": "https://shop.coles.com.au/search/resources/store/20529/productview/bySeoUrlKeyword/garnier-fructis-shampoo-normal?catalogId=27101",
    "id": "c3303268p-8901526537563",
    "store": "coles",
    "name": "Fructis Normal Shampoo",
    "brand": "Garnier",
    "price": 7.5,
    "orgPrice": 15,
    "categoryIds": ["health-beauty"],
    "imagePath": "https://shop.coles.com.au/wcsstore/Coles-CAS/images/3/3/0/3303268.jpg",
    "cupPrice": "$0.88 per 100ml",
    "unit": "ea",
    "packageSize": "850ml",
    "barcode": ["8901526537563"],
    "isAvailable": true,
    "locations": ["vic", "sa", "qld", "nsw", "wa", "tas", "act", "nt"]
  },
  {
    "apiUrl": "https://shop.coles.com.au/search/resources/store/20529/productview/bySeoUrlKeyword/oral-b-gum-detoxify-deep-clean-toothpaste?catalogId=27101",
    "id": "c3400366p-4902430812740",
    "store": "coles",
    "name": "Gum Detoxify Intensive Clean Toothpaste",
    "brand": "Oral-B",
    "price": 6,
    "orgPrice": 12,
    "categoryIds": ["health-beauty"],
    "imagePath": "https://shop.coles.com.au/wcsstore/Coles-CAS/images/3/4/0/3400366.jpg",
    "cupPrice": "$5.45 per 100g",
    "unit": "ea",
    "packageSize": "110g",
    "barcode": ["4902430812740"],
    "isAvailable": true,
    "locations": ["vic", "sa", "qld", "nsw", "wa", "tas", "act", "nt"]
  },
  {
    "apiUrl": "https://shop.coles.com.au/search/resources/store/20529/productview/bySeoUrlKeyword/oral-b-3d-white-whitening-therapy-sensitivity-care?catalogId=27101",
    "id": "c3400355p-4902430799591",
    "store": "coles",
    "name": "3D White Whitening Therapy Sensitivity Care Toothpaste",
    "brand": "Oral-B",
    "price": 6,
    "orgPrice": 12,
    "categoryIds": ["health-beauty"],
    "imagePath": "https://shop.coles.com.au/wcsstore/Coles-CAS/images/3/4/0/3400355.jpg",
    "cupPrice": "$6.32 per 100g",
    "unit": "ea",
    "packageSize": "95g",
    "barcode": ["4902430799591"],
    "isAvailable": true,
    "locations": ["vic", "sa", "qld", "nsw", "wa", "tas", "act", "nt"]
  },
  {
    "apiUrl": "https://shop.coles.com.au/search/resources/store/20529/productview/bySeoUrlKeyword/oral-b-3d-white-whitening-therapy-enamel-care?catalogId=27101",
    "id": "c3400344p-4902430799607",
    "store": "coles",
    "name": "3D White Whitening Therapy Enamel Care Toothpaste",
    "brand": "Oral-B",
    "price": 6,
    "orgPrice": 12,
    "categoryIds": ["health-beauty"],
    "imagePath": "https://shop.coles.com.au/wcsstore/Coles-CAS/images/3/4/0/3400344.jpg",
    "cupPrice": "$6.32 per 100g",
    "unit": "ea",
    "packageSize": "95g",
    "barcode": ["4902430799607"],
    "isAvailable": true,
    "locations": ["vic", "sa", "qld", "nsw", "wa", "tas", "act", "nt"]
  },
  {
    "apiUrl": "https://shop.coles.com.au/search/resources/store/20529/productview/bySeoUrlKeyword/oral-b-pro100-gum-care-power-brush?catalogId=27101",
    "id": "c3411078p-6903148269756",
    "store": "coles",
    "name": "Pro 100 Gum Care Electric Toothbrush",
    "brand": "Oral-B",
    "price": 35,
    "orgPrice": 70,
    "categoryIds": ["health-beauty"],
    "imagePath": "https://shop.coles.com.au/wcsstore/Coles-CAS/images/3/4/1/3411078.jpg",
    "cupPrice": "$35.00 per 1ea",
    "unit": "ea",
    "packageSize": "1 pack",
    "barcode": ["6903148269756"],
    "isAvailable": true,
    "locations": ["vic", "sa", "qld", "nsw", "wa", "tas", "act", "nt"]
  },
  {
    "apiUrl": "https://shop.coles.com.au/search/resources/store/20529/productview/bySeoUrlKeyword/colgate-total-advanced-whitening-toothpaste-3400934p?catalogId=27101",
    "id": "c3400934p-8850006344101",
    "store": "coles",
    "name": "Total Advanced Whitening Toothpaste",
    "brand": "Colgate",
    "price": 2.75,
    "orgPrice": 5.5,
    "categoryIds": ["health-beauty"],
    "imagePath": "https://shop.coles.com.au/wcsstore/Coles-CAS/images/3/4/0/3400934.jpg",
    "cupPrice": "$2.39 per 100g",
    "unit": "ea",
    "packageSize": "115g",
    "barcode": ["8850006344101"],
    "isAvailable": true,
    "locations": ["vic", "sa", "qld", "nsw", "wa", "tas", "act", "nt"]
  },
  {
    "apiUrl": "https://shop.coles.com.au/search/resources/store/20529/productview/bySeoUrlKeyword/olay-complete-face-lotion-uv-dry-skin?catalogId=27101",
    "id": "c5293540p-4902430986717",
    "store": "coles",
    "name": "Complete UV Protection Normal To Dry Skin Moisturiser Lotion SPF 15+",
    "brand": "Olay",
    "price": 7.7,
    "orgPrice": 15.4,
    "categoryIds": ["health-beauty"],
    "imagePath": "https://shop.coles.com.au/wcsstore/Coles-CAS/images/5/2/9/5293540.jpg",
    "cupPrice": "$5.13 per 100ml",
    "unit": "ea",
    "packageSize": "150ml",
    "barcode": ["4902430986717"],
    "isAvailable": true,
    "locations": ["vic", "sa", "qld", "nsw", "wa", "tas", "act", "nt"]
  },
  {
    "apiUrl": "https://shop.coles.com.au/search/resources/store/20529/productview/bySeoUrlKeyword/olay-face-cream-for-sensitive-skin?catalogId=27101",
    "id": "c5037201p-9300618556519",
    "store": "coles",
    "name": "Sensitive Skin Moisturiser Cream",
    "brand": "Olay",
    "price": 6.5,
    "orgPrice": 13,
    "categoryIds": ["health-beauty"],
    "imagePath": "https://shop.coles.com.au/wcsstore/Coles-CAS/images/5/0/3/5037201.jpg",
    "cupPrice": "$6.50 per 100g",
    "unit": "ea",
    "packageSize": "100g",
    "barcode": ["9300618556519", "4902430497190"],
    "isAvailable": true,
    "locations": ["vic", "sa", "qld", "nsw", "wa", "tas", "act", "nt"]
  },
  {
    "apiUrl": "https://shop.coles.com.au/search/resources/store/20529/productview/bySeoUrlKeyword/olay-face-lotion-moisturising-hydrating-normal?catalogId=27101",
    "id": "c148850p-4902430116275",
    "store": "coles",
    "name": "Moisturising Lotion",
    "brand": "Olay",
    "price": 6.5,
    "orgPrice": 13,
    "categoryIds": ["health-beauty"],
    "imagePath": "https://shop.coles.com.au/wcsstore/Coles-CAS/images/1/4/8/148850.jpg",
    "cupPrice": "$4.33 per 100ml",
    "unit": "ea",
    "packageSize": "150ml",
    "barcode": ["4902430116275", "9300618551774"],
    "isAvailable": true,
    "locations": ["vic", "sa", "qld", "nsw", "wa", "tas", "act", "nt"]
  },
  {
    "apiUrl": "https://shop.coles.com.au/search/resources/store/20529/productview/bySeoUrlKeyword/carefree-breathable-liners-2621246p?catalogId=27101",
    "id": "c2621246p-9300607541014",
    "store": "coles",
    "name": "Breathable Liners",
    "brand": "Carefree",
    "price": 2.05,
    "orgPrice": 4.1,
    "categoryIds": ["health-beauty"],
    "imagePath": "https://shop.coles.com.au/wcsstore/Coles-CAS/images/2/6/2/2621246.jpg",
    "cupPrice": "$0.04 per 1ea",
    "unit": "ea",
    "packageSize": "48 pack",
    "barcode": ["9300607541014"],
    "isAvailable": true,
    "locations": ["vic", "sa", "qld", "nsw", "wa", "tas", "act", "nt"]
  },
  {
    "apiUrl": "https://shop.coles.com.au/search/resources/store/20529/productview/bySeoUrlKeyword/sukin-natural-balance-shampoo?catalogId=27101",
    "id": "c2994108p-9327693006920",
    "store": "coles",
    "name": "Natural Balance Shampoo",
    "brand": "Sukin",
    "price": 9,
    "orgPrice": 18,
    "categoryIds": ["health-beauty"],
    "imagePath": "https://shop.coles.com.au/wcsstore/Coles-CAS/images/2/9/9/2994108.jpg",
    "cupPrice": "$1.80 per 100ml",
    "unit": "ea",
    "packageSize": "500ml",
    "barcode": ["9327693006920"],
    "isAvailable": true,
    "locations": ["vic", "sa", "qld", "nsw", "wa", "tas", "act", "nt"]
  },
  {
    "apiUrl": "https://shop.coles.com.au/search/resources/store/20529/productview/bySeoUrlKeyword/head-shoulders-ultramen-shampoo-deep-clean-2in1-3416173p?catalogId=27101",
    "id": "c3416173p-4902430856492",
    "store": "coles",
    "name": "Ultra Men 2 In1 Deep Clean Anti-Dandruff Shampoo + Conditioner",
    "brand": "Head & Shoulders",
    "price": 7.5,
    "orgPrice": 15,
    "categoryIds": ["health-beauty"],
    "imagePath": "https://shop.coles.com.au/wcsstore/Coles-CAS/images/3/4/1/3416173.jpg",
    "cupPrice": "$1.88 per 100ml",
    "unit": "ea",
    "packageSize": "400ml",
    "barcode": ["4902430856492"],
    "isAvailable": true,
    "locations": ["vic", "sa", "qld", "nsw", "wa", "tas", "act", "nt"]
  },
  {
    "apiUrl": "https://shop.coles.com.au/search/resources/store/20529/productview/bySeoUrlKeyword/sukin-botanical-body-wash-2994618p?catalogId=27101",
    "id": "c2994618p-9327693000430",
    "store": "coles",
    "name": "Signature Botanical Body Wash",
    "brand": "Sukin",
    "price": 4.97,
    "orgPrice": 9.95,
    "categoryIds": ["health-beauty"],
    "imagePath": "https://shop.coles.com.au/wcsstore/Coles-CAS/images/2/9/9/2994618.jpg",
    "cupPrice": "$0.99 per 100ml",
    "unit": "ea",
    "packageSize": "500ml",
    "barcode": ["9327693000430"],
    "isAvailable": true,
    "locations": ["vic", "sa", "qld", "nsw", "wa", "tas", "act", "nt"]
  },
  {
    "apiUrl": "https://shop.coles.com.au/search/resources/store/20529/productview/bySeoUrlKeyword/listerine-mouthwash-coconut-lime?catalogId=27101",
    "id": "c3681811p-9300607091212",
    "store": "coles",
    "name": "Coconut & Lime Mouthwash",
    "brand": "Listerine",
    "price": 4.35,
    "orgPrice": 8.7,
    "categoryIds": ["health-beauty"],
    "imagePath": "https://shop.coles.com.au/wcsstore/Coles-CAS/images/3/6/8/3681811.jpg",
    "cupPrice": "$0.87 per 100ml",
    "unit": "ea",
    "packageSize": "500ml",
    "barcode": ["9300607091212"],
    "isAvailable": true,
    "locations": ["vic", "sa", "qld", "nsw", "wa", "tas", "act", "nt"]
  },
  {
    "apiUrl": "https://shop.coles.com.au/search/resources/store/20529/productview/bySeoUrlKeyword/original-source-shower-gel-mint-tea-tree?catalogId=27101",
    "id": "c7678728p-5000101845208",
    "store": "coles",
    "name": "Tingly Mint & Tea Tree Shower Gel",
    "brand": "Original Source",
    "price": 2,
    "orgPrice": 4,
    "categoryIds": ["health-beauty"],
    "imagePath": "https://shop.coles.com.au/wcsstore/Coles-CAS/images/7/6/7/7678728.jpg",
    "cupPrice": "$0.80 per 100ml",
    "unit": "ea",
    "packageSize": "250ml",
    "barcode": ["5000101845208", "400003512102"],
    "isAvailable": true,
    "locations": ["vic", "sa", "qld", "nsw", "wa", "tas", "act", "nt"]
  },
  {
    "apiUrl": "https://shop.coles.com.au/search/resources/store/20529/productview/bySeoUrlKeyword/listerine-total-care-mouthwash-6874072p?catalogId=27101",
    "id": "c6874072p-9300607090109",
    "store": "coles",
    "name": "Total Care Mouthwash",
    "brand": "Listerine",
    "price": 4.65,
    "orgPrice": 9.3,
    "categoryIds": ["health-beauty"],
    "imagePath": "https://shop.coles.com.au/wcsstore/Coles-CAS/images/6/8/7/6874072.jpg",
    "cupPrice": "$0.93 per 100ml",
    "unit": "ea",
    "packageSize": "500ml",
    "barcode": ["9300607090109"],
    "isAvailable": true,
    "locations": ["vic", "sa", "qld", "nsw", "wa", "tas", "act", "nt"]
  },
  {
    "apiUrl": "https://shop.coles.com.au/search/resources/store/20529/productview/bySeoUrlKeyword/colgate-plax-mouthwash-gentle-care?catalogId=27101",
    "id": "c6361147p",
    "store": "coles",
    "name": "Plax Premium Gentle Mint Mouthwash",
    "brand": "Colgate",
    "price": 3.5,
    "orgPrice": 7,
    "categoryIds": ["health-beauty"],
    "imagePath": "https://shop.coles.com.au/wcsstore/Coles-CAS/images/6/3/6/6361147.jpg",
    "cupPrice": "$0.70 per 100ml",
    "unit": "ea",
    "packageSize": "500ml",
    "barcode": null,
    "isAvailable": true,
    "locations": ["vic", "sa", "qld", "nsw", "wa", "tas", "act", "nt"]
  },
  {
    "apiUrl": "https://shop.coles.com.au/search/resources/store/20529/productview/bySeoUrlKeyword/head-shoulders-conditioner-anti-dandruff-clean-balanced?catalogId=27101",
    "id": "c6094889p-4902430139472",
    "store": "coles",
    "name": "Clean & Balanced Anti-Dandruff Conditioner",
    "brand": "Head & Shoulders",
    "price": 5.5,
    "orgPrice": 11,
    "categoryIds": ["health-beauty"],
    "imagePath": "https://shop.coles.com.au/wcsstore/Coles-CAS/images/6/0/9/6094889.jpg",
    "cupPrice": "$1.38 per 100ml",
    "unit": "ea",
    "packageSize": "400ml",
    "barcode": ["4902430139472", "4902430281898", "4902430462518"],
    "isAvailable": true,
    "locations": ["vic", "sa", "qld", "nsw", "wa", "tas", "act", "nt"]
  },
  {
    "apiUrl": "https://shop.coles.com.au/search/resources/store/20529/productview/bySeoUrlKeyword/stayfree-pads-cottony-soft-ultra-thin-with-wings-light?catalogId=27101",
    "id": "c4819222p-9300607551099",
    "store": "coles",
    "name": "Ultra Thin with Wings Light Pads",
    "brand": "Stayfree",
    "price": 2.25,
    "orgPrice": 4.5,
    "categoryIds": ["health-beauty"],
    "imagePath": "https://shop.coles.com.au/wcsstore/Coles-CAS/images/4/8/1/4819222.jpg",
    "cupPrice": "$0.14 per 1ea",
    "unit": "ea",
    "packageSize": "16 pack",
    "barcode": ["9300607551099", "9300607550887"],
    "isAvailable": true,
    "locations": ["vic", "sa", "qld", "nsw", "wa", "tas", "act", "nt"]
  },
  {
    "apiUrl": "https://shop.coles.com.au/search/resources/store/20529/productview/bySeoUrlKeyword/olay-total-effects-moisturiser-cream-uv-protection-9245969p?catalogId=27101",
    "id": "c9245969p-4902430359733",
    "store": "coles",
    "name": "Total Effects 7 in One UV Protection Gentle Day Face Cream SPF 15",
    "brand": "Olay",
    "price": 16.75,
    "orgPrice": 33.5,
    "categoryIds": ["health-beauty"],
    "imagePath": "https://shop.coles.com.au/wcsstore/Coles-CAS/images/9/2/4/9245969.jpg",
    "cupPrice": "$33.50 per 100g",
    "unit": "ea",
    "packageSize": "50g",
    "barcode": [
      "4902430359733",
      "20800307703",
      "020800307703",
      "4902430033718",
      "4902430949477"
    ],
    "isAvailable": true,
    "locations": ["vic", "sa", "qld", "nsw", "wa", "tas", "act", "nt"]
  },
  {
    "apiUrl": "https://shop.coles.com.au/search/resources/store/20529/productview/bySeoUrlKeyword/stayfree-regular-all-night-wings?catalogId=27101",
    "id": "c2621268p-9300607537710",
    "store": "coles",
    "name": "Regular All Night Wings",
    "brand": "Stayfree",
    "price": 2.25,
    "orgPrice": 4.5,
    "categoryIds": ["health-beauty"],
    "imagePath": "https://shop.coles.com.au/wcsstore/Coles-CAS/images/2/6/2/2621268.jpg",
    "cupPrice": "$0.23 per 1ea",
    "unit": "ea",
    "packageSize": "10 pack",
    "barcode": ["9300607537710"],
    "isAvailable": true,
    "locations": ["vic", "sa", "qld", "nsw", "wa", "tas", "act", "nt"]
  },
  {
    "apiUrl": "https://shop.coles.com.au/search/resources/store/20529/productview/bySeoUrlKeyword/head-shoulders-supreme-shampoo-moisture-3164070p?catalogId=27101",
    "id": "c3164070p",
    "store": "coles",
    "name": "Supreme Moisture Anti-Dandruff Shampoo",
    "brand": "Head & Shoulders",
    "price": 7.5,
    "orgPrice": 15,
    "categoryIds": ["health-beauty"],
    "imagePath": "https://shop.coles.com.au/wcsstore/Coles-CAS/images/3/1/6/3164070.jpg",
    "cupPrice": "$1.88 per 100ml",
    "unit": "ea",
    "packageSize": "400ml",
    "barcode": null,
    "isAvailable": true,
    "locations": ["vic", "sa", "qld", "nsw", "wa", "tas", "act", "nt"]
  },
  {
    "apiUrl": "https://shop.coles.com.au/search/resources/store/20529/productview/bySeoUrlKeyword/garnier-fructis-shampoo-normal-3303100p?catalogId=27101",
    "id": "c3303100p-8901526536962",
    "store": "coles",
    "name": "Fructis Normal Shampoo",
    "brand": "Garnier",
    "price": 3.5,
    "orgPrice": 7,
    "categoryIds": ["health-beauty"],
    "imagePath": "https://shop.coles.com.au/wcsstore/Coles-CAS/images/3/3/0/3303100.jpg",
    "cupPrice": "$1.11 per 100ml",
    "unit": "ea",
    "packageSize": "315ml",
    "barcode": ["8901526536962"],
    "isAvailable": true,
    "locations": ["vic", "sa", "qld", "nsw", "wa", "tas", "act", "nt"]
  },
  {
    "apiUrl": "https://shop.coles.com.au/search/resources/store/20529/productview/bySeoUrlKeyword/sukin-botanical-body-wash-pineapple-coconut?catalogId=27101",
    "id": "c3714331p-9327693008382",
    "store": "coles",
    "name": "Botanical Body Wash Pineapple & Coconut",
    "brand": "Sukin",
    "price": 4.97,
    "orgPrice": 9.95,
    "categoryIds": ["health-beauty"],
    "imagePath": "https://shop.coles.com.au/wcsstore/Coles-CAS/images/3/7/1/3714331.jpg",
    "cupPrice": "$0.99 per 100ml",
    "unit": "ea",
    "packageSize": "500ml",
    "barcode": ["9327693008382"],
    "isAvailable": true,
    "locations": ["vic", "sa", "qld", "nsw", "wa", "tas", "act", "nt"]
  },
  {
    "apiUrl": "https://shop.coles.com.au/search/resources/store/20529/productview/bySeoUrlKeyword/sukin-antibacterial-hand-sanitiser-spray?catalogId=27101",
    "id": "c3812829p-9327693009365",
    "store": "coles",
    "name": "Antibacterial Hand Sanitiser Spray",
    "brand": "Sukin",
    "price": 4.97,
    "orgPrice": 9.95,
    "categoryIds": ["health-beauty"],
    "imagePath": "https://shop.coles.com.au/wcsstore/Coles-CAS/images/3/8/1/3812829.jpg",
    "cupPrice": "$3.98 per 100ml",
    "unit": "ea",
    "packageSize": "125ml",
    "barcode": ["9327693009365"],
    "isAvailable": true,
    "locations": ["vic", "sa", "qld", "nsw", "wa", "nt"]
  },
  {
    "apiUrl": "https://shop.coles.com.au/search/resources/store/20529/productview/bySeoUrlKeyword/stayfree-pads-cottony-soft-ultra-thin-with-wings-super?catalogId=27101",
    "id": "c8090970p-9300607550757",
    "store": "coles",
    "name": "Ultra Thin with Wings Super Pads",
    "brand": "Stayfree",
    "price": 2.25,
    "orgPrice": 4.5,
    "categoryIds": ["health-beauty"],
    "imagePath": "https://shop.coles.com.au/wcsstore/Coles-CAS/images/8/0/9/8090970.jpg",
    "cupPrice": "$0.19 per 1ea",
    "unit": "ea",
    "packageSize": "12 pack",
    "barcode": ["9300607550757", "9300607551150", "9300607550733"],
    "isAvailable": true,
    "locations": ["vic", "nsw"]
  },
  {
    "apiUrl": "https://shop.coles.com.au/search/resources/store/20529/productview/bySeoUrlKeyword/head-shoulders-shampoo-itchy-scalp-7833886p?catalogId=27101",
    "id": "c7833886p-4902430285971",
    "store": "coles",
    "name": "Itchy Scalp Shampoo",
    "brand": "Head & Shoulders",
    "price": 5.5,
    "orgPrice": 11,
    "categoryIds": ["health-beauty"],
    "imagePath": "https://shop.coles.com.au/wcsstore/Coles-CAS/images/7/8/3/7833886.jpg",
    "cupPrice": "$1.38 per 100ml",
    "unit": "ea",
    "packageSize": "400ml",
    "barcode": ["4902430285971"],
    "isAvailable": true,
    "locations": ["vic", "sa", "qld", "nsw", "wa", "tas", "act", "nt"]
  },
  {
    "apiUrl": "https://shop.coles.com.au/search/resources/store/20529/productview/bySeoUrlKeyword/original-source-shower-gel-lime?catalogId=27101",
    "id": "c7678761p-400003512096",
    "store": "coles",
    "name": "Lime Shower Gel",
    "brand": "Original Source",
    "price": 2,
    "orgPrice": 4,
    "categoryIds": ["health-beauty"],
    "imagePath": "https://shop.coles.com.au/wcsstore/Coles-CAS/images/7/6/7/7678761.jpg",
    "cupPrice": "$0.80 per 100ml",
    "unit": "ea",
    "packageSize": "250ml",
    "barcode": ["400003512096", "5000101844997"],
    "isAvailable": true,
    "locations": ["vic", "sa", "qld", "nsw", "wa", "tas", "act", "nt"]
  },
  {
    "apiUrl": "https://shop.coles.com.au/search/resources/store/20529/productview/bySeoUrlKeyword/carefree-liners-long?catalogId=27101",
    "id": "c6899437p-9300607541281",
    "store": "coles",
    "name": "Long Liners",
    "brand": "Carefree",
    "price": 1.75,
    "orgPrice": 3.5,
    "categoryIds": ["health-beauty"],
    "imagePath": "https://shop.coles.com.au/wcsstore/Coles-CAS/images/6/8/9/6899437.jpg",
    "cupPrice": "$0.06 per 1ea",
    "unit": "ea",
    "packageSize": "30 pack",
    "barcode": ["9300607541281", "9300607540987"],
    "isAvailable": true,
    "locations": ["vic", "sa", "qld", "nsw", "wa", "tas", "act", "nt"]
  },
  {
    "apiUrl": "https://shop.coles.com.au/search/resources/store/20529/productview/bySeoUrlKeyword/head-shoulders-conditioner-anti-dandruff-dry-scalp-care?catalogId=27101",
    "id": "c4714188p-4902430935869",
    "store": "coles",
    "name": "Dry Scalp Care Anti-Dandruff Conditioner",
    "brand": "Head & Shoulders",
    "price": 5.5,
    "orgPrice": 11,
    "categoryIds": ["health-beauty"],
    "imagePath": "https://shop.coles.com.au/wcsstore/Coles-CAS/images/4/7/1/4714188.jpg",
    "cupPrice": "$1.38 per 100ml",
    "unit": "ea",
    "packageSize": "400ml",
    "barcode": ["4902430935869", "4902430284820"],
    "isAvailable": true,
    "locations": ["vic", "sa", "qld", "nsw", "wa", "tas", "act", "nt"]
  },
  {
    "apiUrl": "https://shop.coles.com.au/search/resources/store/20529/productview/bySeoUrlKeyword/beckham-intimately-deodorant-body-spray?catalogId=27101",
    "id": "c2649278p-5012874248582",
    "store": "coles",
    "name": "Intimately Deodorant Body Spray",
    "brand": "Beckham",
    "price": 4,
    "orgPrice": 8,
    "categoryIds": ["health-beauty"],
    "imagePath": "https://shop.coles.com.au/wcsstore/Coles-CAS/images/2/6/4/2649278.jpg",
    "cupPrice": "$2.67 per 100ml",
    "unit": "ea",
    "packageSize": "150ml",
    "barcode": ["5012874248582", "400003166336"],
    "isAvailable": true,
    "locations": ["vic", "sa", "qld", "nsw", "wa", "tas", "act", "nt"]
  },
  {
    "apiUrl": "https://shop.coles.com.au/search/resources/store/20529/productview/bySeoUrlKeyword/colgate-360-sensitive-manual-toothbrush?catalogId=27101",
    "id": "c2873170p-9300632088386",
    "store": "coles",
    "name": "360 Sensitive Manual Toothbrush",
    "brand": "Colgate",
    "price": 4,
    "orgPrice": 8,
    "categoryIds": ["health-beauty"],
    "imagePath": "https://shop.coles.com.au/wcsstore/Coles-CAS/images/2/8/7/2873170.jpg",
    "cupPrice": "$2.00 per 1ea",
    "unit": "ea",
    "packageSize": "2 pack",
    "barcode": ["9300632088386"],
    "isAvailable": true,
    "locations": ["vic", "sa", "qld", "nsw", "wa", "tas", "act", "nt"]
  },
  {
    "apiUrl": "https://shop.coles.com.au/search/resources/store/20529/productview/bySeoUrlKeyword/sukin-hydrating-mist-toner?catalogId=27101",
    "id": "c2994243p-9327693000355",
    "store": "coles",
    "name": "Hydrating Mist Toner",
    "brand": "Sukin",
    "price": 6.5,
    "orgPrice": 13,
    "categoryIds": ["health-beauty"],
    "imagePath": "https://shop.coles.com.au/wcsstore/Coles-CAS/images/2/9/9/2994243.jpg",
    "cupPrice": "$5.20 per 100ml",
    "unit": "ea",
    "packageSize": "125ml",
    "barcode": ["9327693000355"],
    "isAvailable": true,
    "locations": ["vic", "sa", "qld", "nsw", "wa", "tas", "act", "nt"]
  },
  {
    "apiUrl": "https://shop.coles.com.au/search/resources/store/20529/productview/bySeoUrlKeyword/sukin-natural-balance-conditioner?catalogId=27101",
    "id": "c2994130p-9327693006937",
    "store": "coles",
    "name": "Natural Balance Conditioner",
    "brand": "Sukin",
    "price": 9,
    "orgPrice": 18,
    "categoryIds": ["health-beauty"],
    "imagePath": "https://shop.coles.com.au/wcsstore/Coles-CAS/images/2/9/9/2994130.jpg",
    "cupPrice": "$1.80 per 100ml",
    "unit": "ea",
    "packageSize": "500ml",
    "barcode": ["9327693006937"],
    "isAvailable": true,
    "locations": ["vic", "sa", "qld", "nsw", "wa", "tas", "act", "nt"]
  },
  {
    "apiUrl": "https://shop.coles.com.au/search/resources/store/20529/productview/bySeoUrlKeyword/listerine-mouthwash-bright-white?catalogId=27101",
    "id": "c3128690p-9300607090925",
    "store": "coles",
    "name": "Bright White Mouthwash",
    "brand": "Listerine",
    "price": 4.25,
    "orgPrice": 8.5,
    "categoryIds": ["health-beauty"],
    "imagePath": "https://shop.coles.com.au/wcsstore/Coles-CAS/images/3/1/2/3128690.jpg",
    "cupPrice": "$0.85 per 100ml",
    "unit": "ea",
    "packageSize": "500ml",
    "barcode": ["9300607090925"],
    "isAvailable": true,
    "locations": ["vic", "sa", "qld", "nsw", "wa", "tas", "act", "nt"]
  },
  {
    "apiUrl": "https://shop.coles.com.au/search/resources/store/20529/productview/bySeoUrlKeyword/garnier-fructis-conditioner-normal-3303359p?catalogId=27101",
    "id": "c3303359p-8901526538812",
    "store": "coles",
    "name": "Fructis Normal Conditioner",
    "brand": "Garnier",
    "price": 7.5,
    "orgPrice": 15,
    "categoryIds": ["health-beauty"],
    "imagePath": "https://shop.coles.com.au/wcsstore/Coles-CAS/images/3/3/0/3303359.jpg",
    "cupPrice": "$0.88 per 100ml",
    "unit": "ea",
    "packageSize": "850ml",
    "barcode": ["8901526538812"],
    "isAvailable": true,
    "locations": ["vic", "sa", "qld", "nsw", "wa", "tas", "act", "nt"]
  },
  {
    "apiUrl": "https://shop.coles.com.au/search/resources/store/20529/productview/bySeoUrlKeyword/tampax-compak-pearl-regular-applicator-tampon-3301524p?catalogId=27101",
    "id": "c3301524p-4902430827928",
    "store": "coles",
    "name": "Pearl Compak Regular Tampon With Applicator",
    "brand": "Tampax",
    "price": 3.15,
    "orgPrice": 6.35,
    "categoryIds": ["health-beauty"],
    "imagePath": "https://shop.coles.com.au/wcsstore/Coles-CAS/images/3/3/0/3301524.jpg",
    "cupPrice": "$0.18 per 1ea",
    "unit": "ea",
    "packageSize": "18 pack",
    "barcode": ["4902430827928"],
    "isAvailable": true,
    "locations": ["vic", "sa", "qld", "nsw", "wa", "tas", "act", "nt"]
  },
  {
    "apiUrl": "https://shop.coles.com.au/search/resources/store/20529/productview/bySeoUrlKeyword/head-and-shoulders-apple-fresh-shampoo-9932801p?catalogId=27101",
    "id": "c9932801p-4902430411721",
    "store": "coles",
    "name": "Apple Fresh Shampoo",
    "brand": "Head & Shoulders",
    "price": 5.5,
    "orgPrice": 11,
    "categoryIds": ["health-beauty"],
    "imagePath": "https://shop.coles.com.au/wcsstore/Coles-CAS/images/9/9/3/9932801.jpg",
    "cupPrice": "$1.38 per 100ml",
    "unit": "ea",
    "packageSize": "400ml",
    "barcode": ["4902430411721"],
    "isAvailable": true,
    "locations": ["vic", "sa", "qld", "nsw", "wa", "tas", "act", "nt"]
  },
  {
    "apiUrl": "https://shop.coles.com.au/search/resources/store/20529/productview/bySeoUrlKeyword/tampax-compak-pearl-super-applicator-tampons?catalogId=27101",
    "id": "c3301535p-4902430827942",
    "store": "coles",
    "name": "Pearl Compak Super Tampons With Applicator",
    "brand": "Tampax",
    "price": 3.15,
    "orgPrice": 6.35,
    "categoryIds": ["health-beauty"],
    "imagePath": "https://shop.coles.com.au/wcsstore/Coles-CAS/images/3/3/0/3301535.jpg",
    "cupPrice": "$0.18 per 1ea",
    "unit": "ea",
    "packageSize": "18 pack",
    "barcode": ["4902430827942"],
    "isAvailable": true,
    "locations": ["vic", "sa", "qld", "nsw", "wa", "tas", "act", "nt"]
  },
  {
    "apiUrl": "https://shop.coles.com.au/search/resources/store/20529/productview/bySeoUrlKeyword/sukin-for-men-facial-cleanser?catalogId=27101",
    "id": "c3128510p-9327693006814",
    "store": "coles",
    "name": "Facial Cleanser For Men",
    "brand": "Sukin",
    "price": 8,
    "orgPrice": 16,
    "categoryIds": ["health-beauty"],
    "imagePath": "https://shop.coles.com.au/wcsstore/Coles-CAS/images/3/1/2/3128510.jpg",
    "cupPrice": "$3.56 per 100ml",
    "unit": "ea",
    "packageSize": "225ml",
    "barcode": ["9327693006814"],
    "isAvailable": true,
    "locations": ["vic", "sa", "qld", "nsw", "wa", "tas", "act", "nt"]
  },
  {
    "apiUrl": "https://shop.coles.com.au/search/resources/store/20529/productview/bySeoUrlKeyword/olay-regenerist-cream-cleanser?catalogId=27101",
    "id": "c7204235p-4902430240604",
    "store": "coles",
    "name": "Regenerist Cream Cleanser",
    "brand": "Olay",
    "price": 8.7,
    "orgPrice": 17.4,
    "categoryIds": ["health-beauty"],
    "imagePath": "https://shop.coles.com.au/wcsstore/Coles-CAS/images/7/2/0/7204235.jpg",
    "cupPrice": "$8.70 per 100g",
    "unit": "ea",
    "packageSize": "100g",
    "barcode": ["4902430240604"],
    "isAvailable": true,
    "locations": ["vic", "sa", "qld", "nsw", "wa", "tas", "act", "nt"]
  },
  {
    "apiUrl": "https://shop.coles.com.au/search/resources/store/20529/productview/bySeoUrlKeyword/garnier-fructis-conditioner-normal-3303086p?catalogId=27101",
    "id": "c3303086p-8901526537266",
    "store": "coles",
    "name": "Fructis Normal Conditioner",
    "brand": "Garnier",
    "price": 3.5,
    "orgPrice": 7,
    "categoryIds": ["health-beauty"],
    "imagePath": "https://shop.coles.com.au/wcsstore/Coles-CAS/images/3/3/0/3303086.jpg",
    "cupPrice": "$1.11 per 100ml",
    "unit": "ea",
    "packageSize": "315ml",
    "barcode": ["8901526537266"],
    "isAvailable": true,
    "locations": ["vic", "sa", "qld", "nsw", "wa", "tas", "act", "nt"]
  },
  {
    "apiUrl": "https://shop.coles.com.au/search/resources/store/20529/productview/bySeoUrlKeyword/head-shoulders-ultramen-shampoo-old-spice-2in1-3416195p?catalogId=27101",
    "id": "c3416195p-4902430856478",
    "store": "coles",
    "name": "Ultra Men 2 In 1 Old Spice Shampoo",
    "brand": "Head & Shoulders",
    "price": 7.5,
    "orgPrice": 15,
    "categoryIds": ["health-beauty"],
    "imagePath": "https://shop.coles.com.au/wcsstore/Coles-CAS/images/3/4/1/3416195.jpg",
    "cupPrice": "$1.88 per 100ml",
    "unit": "ea",
    "packageSize": "400ml",
    "barcode": ["4902430856478"],
    "isAvailable": true,
    "locations": ["vic", "sa", "qld", "nsw", "wa", "tas", "act", "nt"]
  },
  {
    "apiUrl": "https://shop.coles.com.au/search/resources/store/20529/productview/bySeoUrlKeyword/head-shoulders-ultramen-shampoo-sports-2in1?catalogId=27101",
    "id": "c3416151p-4902430856539",
    "store": "coles",
    "name": "Ultra Men 2 In1 Sports Fresh Anti-Dandruff Shampoo + Conditioner",
    "brand": "Head & Shoulders",
    "price": 7.5,
    "orgPrice": 15,
    "categoryIds": ["health-beauty"],
    "imagePath": "https://shop.coles.com.au/wcsstore/Coles-CAS/images/3/4/1/3416151.jpg",
    "cupPrice": "$1.88 per 100ml",
    "unit": "ea",
    "packageSize": "400ml",
    "barcode": ["4902430856539"],
    "isAvailable": true,
    "locations": ["vic", "sa", "qld", "nsw", "wa", "tas", "act", "nt"]
  },
  {
    "apiUrl": "https://shop.coles.com.au/search/resources/store/20529/productview/bySeoUrlKeyword/sukin-botanical-body-wash-bergamot-patchouli?catalogId=27101",
    "id": "c3714353p-9327693008399",
    "store": "coles",
    "name": "Botanical Body Wash Bergamot & Patchouli",
    "brand": "Sukin",
    "price": 4.97,
    "orgPrice": 9.95,
    "categoryIds": ["health-beauty"],
    "imagePath": "https://shop.coles.com.au/wcsstore/Coles-CAS/images/3/7/1/3714353.jpg",
    "cupPrice": "$0.99 per 100ml",
    "unit": "ea",
    "packageSize": "500ml",
    "barcode": ["9327693008399"],
    "isAvailable": true,
    "locations": ["vic", "sa", "qld", "nsw", "tas", "act", "nt"]
  },
  {
    "apiUrl": "https://shop.coles.com.au/search/resources/store/20529/productview/bySeoUrlKeyword/olay-regenerist-retinol24-night-serum?catalogId=27101",
    "id": "c3730440p-4902430917896",
    "store": "coles",
    "name": "Regenerist Retinol 24 Night Serum",
    "brand": "Olay",
    "price": 30,
    "orgPrice": 60,
    "categoryIds": ["health-beauty"],
    "imagePath": "https://shop.coles.com.au/wcsstore/Coles-CAS/images/3/7/3/3730440.jpg",
    "cupPrice": "$10.00 per 10g",
    "unit": "ea",
    "packageSize": "30ml",
    "barcode": ["4902430917896"],
    "isAvailable": true,
    "locations": ["vic", "sa", "qld", "nsw", "wa", "tas", "act", "nt"]
  },
  {
    "apiUrl": "https://shop.coles.com.au/search/resources/store/20529/productview/bySeoUrlKeyword/oral-b-3d-whitening-therapy-charcoal?catalogId=27101",
    "id": "c3696160p-4902430883658",
    "store": "coles",
    "name": "3d Whitening Therapy Charcoal",
    "brand": "Oral B",
    "price": 6,
    "orgPrice": 12,
    "categoryIds": ["health-beauty"],
    "imagePath": "https://shop.coles.com.au/wcsstore/Coles-CAS/images/3/6/9/3696160.jpg",
    "cupPrice": "$6.32 per 100g",
    "unit": "ea",
    "packageSize": "95g",
    "barcode": ["4902430883658"],
    "isAvailable": true,
    "locations": ["vic", "sa", "qld", "nsw", "wa", "tas", "act", "nt"]
  },
  {
    "apiUrl": "https://shop.coles.com.au/search/resources/store/20529/productview/bySeoUrlKeyword/olay-provital-revitalizing-night-cream?catalogId=27101",
    "id": "c7782628p-400003156351",
    "store": "coles",
    "name": "Provital Revitalizing Night Cream",
    "brand": "Olay",
    "price": 8.75,
    "orgPrice": 17.5,
    "categoryIds": ["health-beauty"],
    "imagePath": "https://shop.coles.com.au/wcsstore/Coles-CAS/images/7/7/8/7782628.jpg",
    "cupPrice": "$17.50 per 100g",
    "unit": "ea",
    "packageSize": "50g",
    "barcode": ["400003156351", "4902430483322"],
    "isAvailable": true,
    "locations": ["vic", "sa", "qld", "nsw", "wa", "tas", "act", "nt"]
  },
  {
    "apiUrl": "https://shop.coles.com.au/search/resources/store/20529/productview/bySeoUrlKeyword/carefree-liners-regular-purse-pack?catalogId=27101",
    "id": "c6932962p-9300607540970",
    "store": "coles",
    "name": "Regular Purse Pack Liners",
    "brand": "Carefree",
    "price": 1.75,
    "orgPrice": 3.5,
    "categoryIds": ["health-beauty"],
    "imagePath": "https://shop.coles.com.au/wcsstore/Coles-CAS/images/6/9/3/6932962.jpg",
    "cupPrice": "$0.06 per 1ea",
    "unit": "ea",
    "packageSize": "30 pack",
    "barcode": ["9300607540970"],
    "isAvailable": true,
    "locations": ["vic", "sa", "qld", "nsw", "wa", "tas", "act", "nt"]
  },
  {
    "apiUrl": "https://shop.coles.com.au/search/resources/store/20529/productview/bySeoUrlKeyword/original-source-shower-gel-pink-grapefruit?catalogId=27101",
    "id": "c2274550p-5000101100468",
    "store": "coles",
    "name": "Coconut & Shea Butter Shower Gel",
    "brand": "Original Source",
    "price": 2,
    "orgPrice": 4,
    "categoryIds": ["health-beauty"],
    "imagePath": "https://shop.coles.com.au/wcsstore/Coles-CAS/images/2/2/7/2274550.jpg",
    "cupPrice": "$0.80 per 100ml",
    "unit": "ea",
    "packageSize": "250ml",
    "barcode": ["5000101100468", "5000101152832"],
    "isAvailable": true,
    "locations": ["vic", "sa", "qld", "nsw", "wa", "tas", "act", "nt"]
  },
  {
    "apiUrl": "https://shop.coles.com.au/search/resources/store/20529/productview/bySeoUrlKeyword/colgate--360-advanced-soft-manual-toothbrush?catalogId=27101",
    "id": "c2871200p-9300632088249",
    "store": "coles",
    "name": "360 Advanced Soft Manual Toothbrush",
    "brand": "Colgate",
    "price": 3,
    "orgPrice": 6,
    "categoryIds": ["health-beauty"],
    "imagePath": "https://shop.coles.com.au/wcsstore/Coles-CAS/images/2/8/7/2871200.jpg",
    "cupPrice": "$3.00 per 1ea",
    "unit": "ea",
    "packageSize": "1 pack",
    "barcode": ["9300632088249", "400003512034"],
    "isAvailable": true,
    "locations": ["vic", "sa", "qld", "nsw", "wa", "tas", "act", "nt"]
  },
  {
    "apiUrl": "https://shop.coles.com.au/search/resources/store/20529/productview/bySeoUrlKeyword/head-shoulders-supreme-conditioner-moisture-3164081p?catalogId=27101",
    "id": "c3164081p",
    "store": "coles",
    "name": "Supreme Moisture Conditioner",
    "brand": "Head & Shoulders",
    "price": 7.5,
    "orgPrice": 15,
    "categoryIds": ["health-beauty"],
    "imagePath": "https://shop.coles.com.au/wcsstore/Coles-CAS/images/3/1/6/3164081.jpg",
    "cupPrice": "$1.88 per 100ml",
    "unit": "ea",
    "packageSize": "400ml",
    "barcode": null,
    "isAvailable": true,
    "locations": ["vic", "sa", "qld", "nsw", "wa", "tas", "act", "nt"]
  },
  {
    "apiUrl": "https://shop.coles.com.au/search/resources/store/20529/productview/bySeoUrlKeyword/head-shoulders-supreme-shampoo-smooth-3164106p?catalogId=27101",
    "id": "c3164106p",
    "store": "coles",
    "name": "Supreme Smooth Anti Dandruff Shampoo",
    "brand": "Head & Shoulders",
    "price": 7.5,
    "orgPrice": 15,
    "categoryIds": ["health-beauty"],
    "imagePath": "https://shop.coles.com.au/wcsstore/Coles-CAS/images/3/1/6/3164106.jpg",
    "cupPrice": "$1.88 per 100ml",
    "unit": "ea",
    "packageSize": "400ml",
    "barcode": null,
    "isAvailable": true,
    "locations": ["vic", "sa", "qld", "nsw", "wa", "tas", "act", "nt"]
  },
  {
    "apiUrl": "https://shop.coles.com.au/search/resources/store/20529/productview/bySeoUrlKeyword/oral-b-gum-detoxify-gentle-whiten-toothpaste?catalogId=27101",
    "id": "c3400388p-4902430812733",
    "store": "coles",
    "name": "Gum Detoxify Gentle Whitening Toothpaste",
    "brand": "Oral-B",
    "price": 6,
    "orgPrice": 12,
    "categoryIds": ["health-beauty"],
    "imagePath": "https://shop.coles.com.au/wcsstore/Coles-CAS/images/3/4/0/3400388.jpg",
    "cupPrice": "$5.45 per 100g",
    "unit": "ea",
    "packageSize": "110g",
    "barcode": ["4902430812733"],
    "isAvailable": true,
    "locations": ["vic", "sa", "qld", "nsw", "wa", "tas", "act", "nt"]
  },
  {
    "apiUrl": "https://shop.coles.com.au/search/resources/store/20529/productview/bySeoUrlKeyword/sukin-hydration-hyd-night-cream-60ml?catalogId=27101",
    "id": "c3728766p-9327693007736",
    "store": "coles",
    "name": "Hydration Hydrafusion Night Cream 60ml",
    "brand": "Sukin",
    "price": 11.5,
    "orgPrice": 23,
    "categoryIds": ["health-beauty"],
    "imagePath": "https://shop.coles.com.au/wcsstore/Coles-CAS/images/3/7/2/3728766.jpg",
    "cupPrice": "$19.17 per 100ml",
    "unit": "ea",
    "packageSize": "1 each",
    "barcode": ["9327693007736"],
    "isAvailable": true,
    "locations": ["vic", "sa", "qld", "nsw", "wa", "tas", "act", "nt"]
  },
  {
    "apiUrl": "https://shop.coles.com.au/search/resources/store/20529/productview/bySeoUrlKeyword/garnier-fructis-shampoo-coconut-water?catalogId=27101",
    "id": "c3303224p-8901526537365",
    "store": "coles",
    "name": "Fructis Coconut Water Shampoo",
    "brand": "Garnier",
    "price": 7.5,
    "orgPrice": 15,
    "categoryIds": ["health-beauty"],
    "imagePath": "https://shop.coles.com.au/wcsstore/Coles-CAS/images/3/3/0/3303224.jpg",
    "cupPrice": "$0.88 per 100ml",
    "unit": "ea",
    "packageSize": "850ml",
    "barcode": ["8901526537365"],
    "isAvailable": true,
    "locations": ["vic", "sa", "qld", "nsw", "wa", "tas", "act", "nt"]
  },
  {
    "apiUrl": "https://shop.coles.com.au/search/resources/store/20529/productview/bySeoUrlKeyword/sukin-natural-deodorant-3365028p?catalogId=27101",
    "id": "c3365028p-9327693000348",
    "store": "coles",
    "name": "Natural Deodorant",
    "brand": "Sukin",
    "price": 3.5,
    "orgPrice": 7,
    "categoryIds": ["health-beauty"],
    "imagePath": "https://shop.coles.com.au/wcsstore/Coles-CAS/images/3/3/6/3365028.jpg",
    "cupPrice": "$2.80 per 100ml",
    "unit": "ea",
    "packageSize": "125ml",
    "barcode": ["9327693000348"],
    "isAvailable": true,
    "locations": ["vic", "sa", "qld", "nsw", "wa", "tas", "act", "nt"]
  },
  {
    "apiUrl": "https://shop.coles.com.au/search/resources/store/20529/productview/bySeoUrlKeyword/head-shoulders-ultramen-shampoo-hair-retain-2in1?catalogId=27101",
    "id": "c3416162p-4902430856515",
    "store": "coles",
    "name": "Ultra Men 2 In 1 Hair Retain Shampoo",
    "brand": "Head & Shoulders",
    "price": 7.5,
    "orgPrice": 15,
    "categoryIds": ["health-beauty"],
    "imagePath": "https://shop.coles.com.au/wcsstore/Coles-CAS/images/3/4/1/3416162.jpg",
    "cupPrice": "$1.88 per 100ml",
    "unit": "ea",
    "packageSize": "400ml",
    "barcode": ["4902430856515"],
    "isAvailable": true,
    "locations": ["vic", "sa", "qld", "nsw", "wa", "tas", "act", "nt"]
  },
  {
    "apiUrl": "https://shop.coles.com.au/search/resources/store/20529/productview/bySeoUrlKeyword/head-shoulders-supreme-moisture-shampoo?catalogId=27101",
    "id": "c3418736p-4902430859141",
    "store": "coles",
    "name": "Supreme Moisture Shampoo",
    "brand": "Head & Shoulders",
    "price": 9.5,
    "orgPrice": 19,
    "categoryIds": ["health-beauty"],
    "imagePath": "https://shop.coles.com.au/wcsstore/Coles-CAS/images/3/4/1/3418736.jpg",
    "cupPrice": "$1.73 per 100ml",
    "unit": "ea",
    "packageSize": "550ml",
    "barcode": ["4902430859141"],
    "isAvailable": true,
    "locations": ["vic", "sa", "qld", "nsw", "wa", "tas", "act", "nt"]
  },
  {
    "apiUrl": "https://shop.coles.com.au/search/resources/store/20529/productview/bySeoUrlKeyword/olay-luminious-serum?catalogId=27101",
    "id": "c3569742p-4902430734066",
    "store": "coles",
    "name": "Regenerist Luminous Serum",
    "brand": "Olay",
    "price": 26.5,
    "orgPrice": 53,
    "categoryIds": ["health-beauty"],
    "imagePath": "https://shop.coles.com.au/wcsstore/Coles-CAS/images/3/5/6/3569742.jpg",
    "cupPrice": "$88.34 per 100ml",
    "unit": "ea",
    "packageSize": "30ml",
    "barcode": ["4902430734066"],
    "isAvailable": true,
    "locations": ["vic", "sa", "qld", "nsw", "wa", "tas", "act", "nt"]
  },
  {
    "apiUrl": "https://shop.coles.com.au/search/resources/store/20529/productview/bySeoUrlKeyword/olay-face-cream-rg-uv-whip-spf30?catalogId=27101",
    "id": "c3537462p-4902430800099",
    "store": "coles",
    "name": "Regenerist UV Whip Active Moisturiser SPF 30",
    "brand": "Olay",
    "price": 24.5,
    "orgPrice": 49,
    "categoryIds": ["health-beauty"],
    "imagePath": "https://shop.coles.com.au/wcsstore/Coles-CAS/images/3/5/3/3537462.jpg",
    "cupPrice": "$49.00 per 100g",
    "unit": "ea",
    "packageSize": "50g",
    "barcode": ["4902430800099"],
    "isAvailable": true,
    "locations": ["vic", "sa", "qld", "nsw", "wa", "tas", "act", "nt"]
  },
  {
    "apiUrl": "https://shop.coles.com.au/search/resources/store/20529/productview/bySeoUrlKeyword/olay-total-effects-moisturiser-normal-8944259p?catalogId=27101",
    "id": "c8944259p-075609001659",
    "store": "coles",
    "name": "Total Effects 7 in One Normal Day Face Cream",
    "brand": "Olay",
    "price": 16.75,
    "orgPrice": 33.5,
    "categoryIds": ["health-beauty"],
    "imagePath": "https://shop.coles.com.au/wcsstore/Coles-CAS/images/8/9/4/8944259.jpg",
    "cupPrice": "$33.50 per 100g",
    "unit": "ea",
    "packageSize": "50g",
    "barcode": ["075609001659", "4902430359764", "4902430092944"],
    "isAvailable": true,
    "locations": ["vic", "sa", "qld", "nsw", "wa", "tas", "act", "nt"]
  },
  {
    "apiUrl": "https://shop.coles.com.au/search/resources/store/20529/productview/bySeoUrlKeyword/olay-face-rg-slp-mask?catalogId=27101",
    "id": "c3537473p-4902430893664",
    "store": "coles",
    "name": "Magnemasks Advanced Anti Wrinkle Sheet Mask",
    "brand": "Olay",
    "price": 5.5,
    "orgPrice": 11,
    "categoryIds": ["health-beauty"],
    "imagePath": "https://shop.coles.com.au/wcsstore/Coles-CAS/images/3/5/3/3537473.jpg",
    "cupPrice": "$22.92 per 100g",
    "unit": "ea",
    "packageSize": "1 each",
    "barcode": ["4902430893664"],
    "isAvailable": true,
    "locations": ["vic", "sa", "qld", "nsw", "wa", "tas", "act", "nt"]
  },
  {
    "apiUrl": "https://shop.coles.com.au/search/resources/store/20529/productview/bySeoUrlKeyword/carefree-barely-there-liners-g-string?catalogId=27101",
    "id": "c4975090p-9300607541168",
    "store": "coles",
    "name": "G String Liners",
    "brand": "Carefree",
    "price": 1.5,
    "orgPrice": 3,
    "categoryIds": ["health-beauty"],
    "imagePath": "https://shop.coles.com.au/wcsstore/Coles-CAS/images/4/9/7/4975090.jpg",
    "cupPrice": "$0.06 per 1ea",
    "unit": "ea",
    "packageSize": "24 pack",
    "barcode": ["9300607541168"],
    "isAvailable": true,
    "locations": ["vic", "sa", "qld", "nsw", "wa", "tas", "act", "nt"]
  },
  {
    "apiUrl": "https://shop.coles.com.au/search/resources/store/20529/productview/bySeoUrlKeyword/olay-regenerist-eye-serum-revitalising-fragrance-free?catalogId=27101",
    "id": "c1167850p-4902430479561",
    "store": "coles",
    "name": "Regenerist Eye Serum Revitalising Fragrance Free",
    "brand": "Olay",
    "price": 17.5,
    "orgPrice": 35,
    "categoryIds": ["health-beauty"],
    "imagePath": "https://shop.coles.com.au/wcsstore/Coles-CAS/images/1/1/6/1167850.jpg",
    "cupPrice": "$116.67 per 100ml",
    "unit": "ea",
    "packageSize": "15ml",
    "barcode": ["4902430479561", "4902430529945"],
    "isAvailable": true,
    "locations": ["vic", "sa", "qld", "nsw", "wa", "tas", "act", "nt"]
  },
  {
    "apiUrl": "https://shop.coles.com.au/search/resources/store/20529/productview/bySeoUrlKeyword/colgate--360-advanced-medium-manual-toothbrush?catalogId=27101",
    "id": "c2871210p-9300632088232",
    "store": "coles",
    "name": "360 Advanced Medium Manual Toothbrush",
    "brand": "Colgate",
    "price": 3,
    "orgPrice": 6,
    "categoryIds": ["health-beauty"],
    "imagePath": "https://shop.coles.com.au/wcsstore/Coles-CAS/images/2/8/7/2871210.jpg",
    "cupPrice": "$3.00 per 1ea",
    "unit": "ea",
    "packageSize": "1 pack",
    "barcode": ["9300632088232"],
    "isAvailable": true,
    "locations": ["vic", "sa", "qld", "nsw", "wa", "tas", "act", "nt"]
  },
  {
    "apiUrl": "https://shop.coles.com.au/search/resources/store/20529/productview/bySeoUrlKeyword/head-shoulders-supreme-conditioner-smooth-3164139p?catalogId=27101",
    "id": "c3164139p",
    "store": "coles",
    "name": "Supreme Smooth Conditioner",
    "brand": "Head & Shoulders",
    "price": 7.5,
    "orgPrice": 15,
    "categoryIds": ["health-beauty"],
    "imagePath": "https://shop.coles.com.au/wcsstore/Coles-CAS/images/3/1/6/3164139.jpg",
    "cupPrice": "$1.88 per 100ml",
    "unit": "ea",
    "packageSize": "400ml",
    "barcode": null,
    "isAvailable": true,
    "locations": ["vic", "sa", "qld", "nsw", "wa", "tas", "act", "nt"]
  },
  {
    "apiUrl": "https://shop.coles.com.au/search/resources/store/20529/productview/bySeoUrlKeyword/white-glo-total-mouth-detox-charcoal-toothpaste?catalogId=27101",
    "id": "c3128667p",
    "store": "coles",
    "name": "Charcoal Total Mouth Detox Toothpaste",
    "brand": "White Glo",
    "price": 3,
    "orgPrice": 6,
    "categoryIds": ["health-beauty"],
    "imagePath": "https://shop.coles.com.au/wcsstore/Coles-CAS/images/3/1/2/3128667.jpg",
    "cupPrice": "$2.00 per 100g",
    "unit": "ea",
    "packageSize": "150g",
    "barcode": null,
    "isAvailable": true,
    "locations": ["vic", "sa", "qld", "nsw", "wa", "tas", "act", "nt"]
  },
  {
    "apiUrl": "https://shop.coles.com.au/search/resources/store/20529/productview/bySeoUrlKeyword/garnier-fructis-shampoo-coconut-water-3302742p?catalogId=27101",
    "id": "c3302742p-8901526536764",
    "store": "coles",
    "name": "Fructis Coconut Water Shampoo",
    "brand": "Garnier",
    "price": 3.5,
    "orgPrice": 7,
    "categoryIds": ["health-beauty"],
    "imagePath": "https://shop.coles.com.au/wcsstore/Coles-CAS/images/3/3/0/3302742.jpg",
    "cupPrice": "$1.11 per 100ml",
    "unit": "ea",
    "packageSize": "315ml",
    "barcode": ["8901526536764"],
    "isAvailable": true,
    "locations": ["vic", "sa", "qld", "nsw", "wa", "tas", "act", "nt"]
  },
  {
    "apiUrl": "https://shop.coles.com.au/search/resources/store/20529/productview/bySeoUrlKeyword/olay-whips-face-cream-regenerist?catalogId=27101",
    "id": "c3445590p-4902430799881",
    "store": "coles",
    "name": "Regenerist Whip Active Moisturiser",
    "brand": "Olay",
    "price": 24.5,
    "orgPrice": 49,
    "categoryIds": ["health-beauty"],
    "imagePath": "https://shop.coles.com.au/wcsstore/Coles-CAS/images/3/4/4/3445590.jpg",
    "cupPrice": "$4.90 per 10g",
    "unit": "ea",
    "packageSize": "50g",
    "barcode": ["4902430799881"],
    "isAvailable": true,
    "locations": ["vic", "sa", "qld", "nsw", "wa", "tas", "act", "nt"]
  },
  {
    "apiUrl": "https://shop.coles.com.au/search/resources/store/20529/productview/bySeoUrlKeyword/olay-regenerist-retinol24-nght-moisturisr?catalogId=27101",
    "id": "c3730430p-4902430917872",
    "store": "coles",
    "name": "Regenerist Retional 24 Night Moisturiser",
    "brand": "Olay",
    "price": 30,
    "orgPrice": 60,
    "categoryIds": ["health-beauty"],
    "imagePath": "https://shop.coles.com.au/wcsstore/Coles-CAS/images/3/7/3/3730430.jpg",
    "cupPrice": "$10.00 per 10g",
    "unit": "ea",
    "packageSize": "30ml",
    "barcode": ["4902430917872"],
    "isAvailable": true,
    "locations": ["vic", "sa", "qld", "nsw", "wa", "tas", "act", "nt"]
  },
  {
    "apiUrl": "https://shop.coles.com.au/search/resources/store/20529/productview/bySeoUrlKeyword/carefree-barely-there-aloe-vera-liners?catalogId=27101",
    "id": "c2621235p-9300607541229",
    "store": "coles",
    "name": "Ultra Thin & Flexible Aloe Vera Liners",
    "brand": "Carefree barely There",
    "price": 2.25,
    "orgPrice": 4.5,
    "categoryIds": ["health-beauty"],
    "imagePath": "https://shop.coles.com.au/wcsstore/Coles-CAS/images/2/6/2/2621235.jpg",
    "cupPrice": "$0.05 per 1ea",
    "unit": "ea",
    "packageSize": "42 pack",
    "barcode": ["9300607541229"],
    "isAvailable": true,
    "locations": ["vic", "sa", "qld", "nsw", "wa", "tas", "act", "nt"]
  },
  {
    "apiUrl": "https://shop.coles.com.au/search/resources/store/20529/productview/bySeoUrlKeyword/head-shoulders-shampoo-cool-menthol?catalogId=27101",
    "id": "c3610518p-4902430891615",
    "store": "coles",
    "name": "Cool Menthol Shampoo",
    "brand": "Head & Shoulders",
    "price": 5.5,
    "orgPrice": 11,
    "categoryIds": ["health-beauty"],
    "imagePath": "https://shop.coles.com.au/wcsstore/Coles-CAS/images/3/6/1/3610518.jpg",
    "cupPrice": "$1.38 per 100ml",
    "unit": "ea",
    "packageSize": "400ml",
    "barcode": ["4902430891615"],
    "isAvailable": true,
    "locations": ["vic", "sa", "qld", "nsw", "wa", "tas", "act", "nt"]
  },
  {
    "apiUrl": "https://shop.coles.com.au/search/resources/store/20529/productview/bySeoUrlKeyword/oral-b-pure-multi-protect-tothpaste?catalogId=27101",
    "id": "c3696149p-4902430905985",
    "store": "coles",
    "name": "Pure Multi-Protect Toothpaste",
    "brand": "Oral B",
    "price": 5,
    "orgPrice": 10,
    "categoryIds": ["health-beauty"],
    "imagePath": "https://shop.coles.com.au/wcsstore/Coles-CAS/images/3/6/9/3696149.jpg",
    "cupPrice": "$5.00 per 100g",
    "unit": "ea",
    "packageSize": "100g",
    "barcode": ["4902430905985"],
    "isAvailable": true,
    "locations": ["vic", "sa", "qld", "nsw", "wa", "tas", "act", "nt"]
  },
  {
    "apiUrl": "https://shop.coles.com.au/search/resources/store/20529/productview/bySeoUrlKeyword/oral-b-3d-white-whitening-therapy-coconut-oil?catalogId=27101",
    "id": "c3696150p-4902430883603",
    "store": "coles",
    "name": "3d White Whitening Therapy Coconut Oil",
    "brand": "Oral B",
    "price": 6,
    "orgPrice": 12,
    "categoryIds": ["health-beauty"],
    "imagePath": "https://shop.coles.com.au/wcsstore/Coles-CAS/images/3/6/9/3696150.jpg",
    "cupPrice": "$6.32 per 100g",
    "unit": "ea",
    "packageSize": "95g",
    "barcode": ["4902430883603"],
    "isAvailable": true,
    "locations": ["vic", "sa", "qld", "nsw", "wa", "tas", "act", "nt"]
  },
  {
    "apiUrl": "https://shop.coles.com.au/search/resources/store/20529/productview/bySeoUrlKeyword/white-glo-micellar-whitening-tothpaste?catalogId=27101",
    "id": "c3696127p-9319871001391",
    "store": "coles",
    "name": "Micellar Whitening Toothpaste",
    "brand": "White Glo",
    "price": 3,
    "orgPrice": 6,
    "categoryIds": ["health-beauty"],
    "imagePath": "https://shop.coles.com.au/wcsstore/Coles-CAS/images/3/6/9/3696127.jpg",
    "cupPrice": "$2.00 per 100g",
    "unit": "ea",
    "packageSize": "150g",
    "barcode": ["9319871001391"],
    "isAvailable": true,
    "locations": ["vic", "sa", "qld", "nsw", "wa", "tas", "act", "nt"]
  },
  {
    "apiUrl": "https://shop.coles.com.au/search/resources/store/20529/productview/bySeoUrlKeyword/garnier-fructis-conditioner-colour-last-3303042p?catalogId=27101",
    "id": "c3303042p-8901526537112",
    "store": "coles",
    "name": "Fructis Colour Last Conditioner",
    "brand": "Garnier",
    "price": 3.5,
    "orgPrice": 7,
    "categoryIds": ["health-beauty"],
    "imagePath": "https://shop.coles.com.au/wcsstore/Coles-CAS/images/3/3/0/3303042.jpg",
    "cupPrice": "$1.11 per 100ml",
    "unit": "ea",
    "packageSize": "315ml",
    "barcode": ["8901526537112"],
    "isAvailable": true,
    "locations": ["vic", "sa", "qld", "nsw", "wa", "tas", "act", "nt"]
  },
  {
    "apiUrl": "https://shop.coles.com.au/search/resources/store/20529/productview/bySeoUrlKeyword/garnier-fructis-conditioner-coconut-water-3302764p?catalogId=27101",
    "id": "c3302764p-8901526537068",
    "store": "coles",
    "name": "Fructis Coconut Water Conditioner",
    "brand": "Garnier",
    "price": 3.5,
    "orgPrice": 7,
    "categoryIds": ["health-beauty"],
    "imagePath": "https://shop.coles.com.au/wcsstore/Coles-CAS/images/3/3/0/3302764.jpg",
    "cupPrice": "$1.11 per 100ml",
    "unit": "ea",
    "packageSize": "315ml",
    "barcode": ["8901526537068"],
    "isAvailable": true,
    "locations": ["vic", "sa", "qld", "nsw", "wa", "tas", "act", "nt"]
  },
  {
    "apiUrl": "https://shop.coles.com.au/search/resources/store/20529/productview/bySeoUrlKeyword/garnier-fructis-shampoo-colour-last-3302753p?catalogId=27101",
    "id": "c3302753p-8901526536818",
    "store": "coles",
    "name": "Fructis Colour Last Shampoo",
    "brand": "Garnier",
    "price": 3.5,
    "orgPrice": 7,
    "categoryIds": ["health-beauty"],
    "imagePath": "https://shop.coles.com.au/wcsstore/Coles-CAS/images/3/3/0/3302753.jpg",
    "cupPrice": "$1.11 per 100ml",
    "unit": "ea",
    "packageSize": "315ml",
    "barcode": ["8901526536818"],
    "isAvailable": true,
    "locations": ["vic", "sa", "qld", "nsw", "wa", "tas", "act", "nt"]
  },
  {
    "apiUrl": "https://shop.coles.com.au/search/resources/store/20529/productview/bySeoUrlKeyword/olay-eye-brightening-eye-cream?catalogId=27101",
    "id": "c3445568p-075609197437",
    "store": "coles",
    "name": "Brightening Eye Cream",
    "brand": "Olay",
    "price": 24.5,
    "orgPrice": 49,
    "categoryIds": ["health-beauty"],
    "imagePath": "https://shop.coles.com.au/wcsstore/Coles-CAS/images/3/4/4/3445568.jpg",
    "cupPrice": "$163.34 per 100ml",
    "unit": "ea",
    "packageSize": "15ml",
    "barcode": ["075609197437"],
    "isAvailable": true,
    "locations": ["vic", "sa", "qld", "nsw", "wa", "tas", "act", "nt"]
  },
  {
    "apiUrl": "https://shop.coles.com.au/search/resources/store/20529/productview/bySeoUrlKeyword/olay-mist-hydrating-face-spray-energizing-essence?catalogId=27101",
    "id": "c3730407p-075609197451",
    "store": "coles",
    "name": "Mist Hydrating Face Spray Energizing Essence",
    "brand": "Olay",
    "price": 17.5,
    "orgPrice": 35,
    "categoryIds": ["health-beauty"],
    "imagePath": "https://shop.coles.com.au/wcsstore/Coles-CAS/images/3/7/3/3730407.jpg",
    "cupPrice": "$17.86 per 100ml",
    "unit": "ea",
    "packageSize": "98ml",
    "barcode": ["075609197451"],
    "isAvailable": true,
    "locations": ["vic", "sa", "qld", "nsw", "wa", "tas", "act", "nt"]
  },
  {
    "apiUrl": "https://shop.coles.com.au/search/resources/store/20529/productview/bySeoUrlKeyword/oral-b-pure-enamel-care-tothpaste?catalogId=27101",
    "id": "c3696138p-4902430905961",
    "store": "coles",
    "name": "Pure Enamel Care Toothpaste",
    "brand": "Oral B",
    "price": 5,
    "orgPrice": 10,
    "categoryIds": ["health-beauty"],
    "imagePath": "https://shop.coles.com.au/wcsstore/Coles-CAS/images/3/6/9/3696138.jpg",
    "cupPrice": "$5.00 per 100g",
    "unit": "ea",
    "packageSize": "100g",
    "barcode": ["4902430905961"],
    "isAvailable": true,
    "locations": ["vic", "sa", "qld", "nsw", "wa", "tas", "act", "nt"]
  },
  {
    "apiUrl": "https://shop.coles.com.au/search/resources/store/20529/productview/bySeoUrlKeyword/olay-magnemask-infusion-starter-kit-anti-ageing?catalogId=27101",
    "id": "c3241502p",
    "store": "coles",
    "name": "Magnemasks Infusion Anti-Ageing Rejuvenating Starter Kit",
    "brand": "Olay",
    "price": 27.5,
    "orgPrice": 55,
    "categoryIds": ["health-beauty"],
    "imagePath": "https://shop.coles.com.au/wcsstore/Coles-CAS/images/3/2/4/3241502.jpg",
    "cupPrice": "$27.50 per 1ea",
    "unit": "ea",
    "packageSize": "1 pack",
    "barcode": null,
    "isAvailable": true,
    "locations": ["vic", "sa", "qld", "nsw", "wa", "tas", "act", "nt"]
  },
  {
    "apiUrl": "https://shop.coles.com.au/search/resources/store/20529/productview/bySeoUrlKeyword/loreal-elnett-hairspray-normal-strength?catalogId=27101",
    "id": "c8143883p-50991297",
    "store": "coles",
    "name": "Elnett Normal Strength Hair Spray",
    "brand": "L'Oreal",
    "price": 2.5,
    "orgPrice": 5,
    "categoryIds": ["health-beauty"],
    "imagePath": "https://shop.coles.com.au/wcsstore/Coles-CAS/images/8/1/4/8143883.jpg",
    "cupPrice": "$3.33 per 100ml",
    "unit": "ea",
    "packageSize": "75ml",
    "barcode": ["50991297"],
    "isAvailable": true,
    "locations": ["vic", "sa", "qld", "nsw", "wa", "tas", "act", "nt"]
  },
  {
    "apiUrl": "https://shop.coles.com.au/search/resources/store/20529/productview/bySeoUrlKeyword/finish-dishwasher-cleaner-lemon?catalogId=27101",
    "id": "c7556017p-9300701414689",
    "store": "coles",
    "name": "Lemon Dishwasher Cleaner",
    "brand": "Finish",
    "price": 4,
    "orgPrice": 8,
    "categoryIds": ["household"],
    "imagePath": "https://shop.coles.com.au/wcsstore/Coles-CAS/images/7/5/5/7556017.jpg",
    "cupPrice": "$1.60 per 100ml",
    "unit": "ea",
    "packageSize": "250ml",
    "barcode": ["9300701414689", "9300701155759"],
    "isAvailable": true,
    "locations": ["vic", "sa", "qld", "nsw", "wa", "tas", "act", "nt"]
  },
  {
    "apiUrl": "https://shop.coles.com.au/search/resources/store/20529/productview/bySeoUrlKeyword/handee-ultra-paper-towels-white-5294180p?catalogId=27101",
    "id": "c5294180p-9310004181478",
    "store": "coles",
    "name": "Ultra White Paper Towels",
    "brand": "Handee",
    "price": 1.75,
    "orgPrice": 3.5,
    "categoryIds": ["household"],
    "imagePath": "https://shop.coles.com.au/wcsstore/Coles-CAS/images/5/2/9/5294180.jpg",
    "cupPrice": "$1.46 per 100ea",
    "unit": "ea",
    "packageSize": "2 pack",
    "barcode": [
      "9310004181478",
      "9310004181614",
      "9310004181560",
      "9310004181256"
    ],
    "isAvailable": true,
    "locations": ["vic", "sa", "qld", "nsw", "wa", "tas", "act", "nt"]
  },
  {
    "apiUrl": "https://shop.coles.com.au/search/resources/store/20529/productview/bySeoUrlKeyword/morning-fresh-dishwashing-liquid-super-concentrate-lime-fresh?catalogId=27101",
    "id": "c5091513p-9300615055695",
    "store": "coles",
    "name": "Super Strength Lime Fresh Dishwashing Liquid",
    "brand": "Morning Fresh",
    "price": 3.75,
    "orgPrice": 7.5,
    "categoryIds": ["household"],
    "imagePath": "https://shop.coles.com.au/wcsstore/Coles-CAS/images/5/0/9/5091513.jpg",
    "cupPrice": "$0.42 per 100ml",
    "unit": "ea",
    "packageSize": "900ml",
    "barcode": ["9300615055695"],
    "isAvailable": true,
    "locations": ["vic", "sa", "qld", "nsw", "wa", "tas", "act", "nt"]
  },
  {
    "apiUrl": "https://shop.coles.com.au/search/resources/store/20529/productview/bySeoUrlKeyword/morning-fresh-dishwashing-liquid-super-concentrate-lemon-fresh?catalogId=27101",
    "id": "c9735935p-9300615055664",
    "store": "coles",
    "name": "Super Strength Lemon Dishwashing Liquid",
    "brand": "Morning Fresh",
    "price": 3.75,
    "orgPrice": 7.5,
    "categoryIds": ["household"],
    "imagePath": "https://shop.coles.com.au/wcsstore/Coles-CAS/images/9/7/3/9735935.jpg",
    "cupPrice": "$0.42 per 100ml",
    "unit": "ea",
    "packageSize": "900ml",
    "barcode": ["9300615055664"],
    "isAvailable": true,
    "locations": ["vic", "sa", "qld", "nsw", "wa", "tas", "act", "nt"]
  },
  {
    "apiUrl": "https://shop.coles.com.au/search/resources/store/20529/productview/bySeoUrlKeyword/morning-fresh-dishwashing-liquid-raspberry-crisp-ap?catalogId=27101",
    "id": "c3208890p",
    "store": "coles",
    "name": "Raspberry & Crisp Apple Dishwashing Liquid",
    "brand": "Morning Fresh",
    "price": 3.75,
    "orgPrice": 7.5,
    "categoryIds": ["household"],
    "imagePath": "https://shop.coles.com.au/wcsstore/Coles-CAS/images/3/2/0/3208890.jpg",
    "cupPrice": "$0.42 per 100ml",
    "unit": "ea",
    "packageSize": "900ml",
    "barcode": null,
    "isAvailable": true,
    "locations": ["vic", "sa", "qld", "nsw", "wa", "tas", "act", "nt"]
  },
  {
    "apiUrl": "https://shop.coles.com.au/search/resources/store/20529/productview/bySeoUrlKeyword/cold-power-laundry-powder-advanced-clean?catalogId=27101",
    "id": "c3774923p-9350376004524",
    "store": "coles",
    "name": "Advanced Clean Laundry Powder",
    "brand": "Cold Power",
    "price": 8.75,
    "orgPrice": 17.5,
    "categoryIds": ["household"],
    "imagePath": "https://shop.coles.com.au/wcsstore/Coles-CAS/images/3/7/7/3774923.jpg",
    "cupPrice": "$4.38 per 1kg",
    "unit": "ea",
    "packageSize": "2kg",
    "barcode": ["9350376004524"],
    "isAvailable": true,
    "locations": ["vic", "sa", "qld", "nsw", "wa", "tas", "act", "nt"]
  },
  {
    "apiUrl": "https://shop.coles.com.au/search/resources/store/20529/productview/bySeoUrlKeyword/cold-power-advanced-clean-laundry-liquid?catalogId=27101",
    "id": "c3774581p-9350376003848",
    "store": "coles",
    "name": "Advanced Clean Laundry Liquid",
    "brand": "Cold Power",
    "price": 8.75,
    "orgPrice": 17.5,
    "categoryIds": ["household"],
    "imagePath": "https://shop.coles.com.au/wcsstore/Coles-CAS/images/3/7/7/3774581.jpg",
    "cupPrice": "$4.38 per 1l",
    "unit": "ea",
    "packageSize": "2l",
    "barcode": ["9350376003848"],
    "isAvailable": true,
    "locations": ["vic", "sa", "qld", "nsw", "wa", "tas", "act", "nt"]
  },
  {
    "apiUrl": "https://shop.coles.com.au/search/resources/store/20529/productview/bySeoUrlKeyword/cuddly-ultra-fabric-softener-sensitive?catalogId=27101",
    "id": "c7319328p-9300632072750",
    "store": "coles",
    "name": "Soft & Sensitive Fabric Conditioner",
    "brand": "Cuddly",
    "price": 4.5,
    "orgPrice": 9,
    "categoryIds": ["household"],
    "imagePath": "https://shop.coles.com.au/wcsstore/Coles-CAS/images/7/3/1/7319328.jpg",
    "cupPrice": "$4.50 per 1l",
    "unit": "ea",
    "packageSize": "1l",
    "barcode": ["9300632072750"],
    "isAvailable": true,
    "locations": ["vic", "sa", "qld", "nsw", "wa", "tas", "act", "nt"]
  },
  {
    "apiUrl": "https://shop.coles.com.au/search/resources/store/20529/productview/bySeoUrlKeyword/omo-sensitive-front-top-loader-laundry-liquid?catalogId=27101",
    "id": "c2731030p-9300830037179",
    "store": "coles",
    "name": "Sensitive Top & Front Loader Laundry Liquid Detergent",
    "brand": "OMO",
    "price": 11,
    "orgPrice": 22,
    "categoryIds": ["household"],
    "imagePath": "https://shop.coles.com.au/wcsstore/Coles-CAS/images/2/7/3/2731030.jpg",
    "cupPrice": "$5.50 per 1l",
    "unit": "ea",
    "packageSize": "2l",
    "barcode": ["9300830037179"],
    "isAvailable": true,
    "locations": ["vic", "sa", "qld", "nsw", "wa", "tas", "act", "nt"]
  },
  {
    "apiUrl": "https://shop.coles.com.au/search/resources/store/20529/productview/bySeoUrlKeyword/omo-active-clean-front-top-loader-laundry-liquid-2731007p?catalogId=27101",
    "id": "c2731007p-9300830037070",
    "store": "coles",
    "name": "Active Clean Top & Front Loader Laundry Liquid Detergent",
    "brand": "OMO",
    "price": 11,
    "orgPrice": 22,
    "categoryIds": ["household"],
    "imagePath": "https://shop.coles.com.au/wcsstore/Coles-CAS/images/2/7/3/2731007.jpg",
    "cupPrice": "$5.50 per 1l",
    "unit": "ea",
    "packageSize": "2l",
    "barcode": ["9300830037070"],
    "isAvailable": true,
    "locations": ["vic", "sa", "qld", "nsw", "wa", "tas", "act", "nt"]
  },
  {
    "apiUrl": "https://shop.coles.com.au/search/resources/store/20529/productview/bySeoUrlKeyword/cold-power-laundry-liquid-sensitive-pure-clean?catalogId=27101",
    "id": "c3774606p-9350376003923",
    "store": "coles",
    "name": "Advanced Clean Sensitive Pure Clean Laundry Liquid",
    "brand": "Cold Power",
    "price": 8.75,
    "orgPrice": 17.5,
    "categoryIds": ["household"],
    "imagePath": "https://shop.coles.com.au/wcsstore/Coles-CAS/images/3/7/7/3774606.jpg",
    "cupPrice": "$4.38 per 1l",
    "unit": "ea",
    "packageSize": "2l",
    "barcode": ["9350376003923"],
    "isAvailable": true,
    "locations": ["vic", "sa", "qld", "nsw", "wa", "tas", "act", "nt"]
  },
  {
    "apiUrl": "https://shop.coles.com.au/search/resources/store/20529/productview/bySeoUrlKeyword/cold-power-laundry-powder-sensitive-pure-clean?catalogId=27101",
    "id": "c3774934p-9350376004579",
    "store": "coles",
    "name": "Sensitive Pure Clean Laundry Powder",
    "brand": "Cold Power",
    "price": 8.75,
    "orgPrice": 17.5,
    "categoryIds": ["household"],
    "imagePath": "https://shop.coles.com.au/wcsstore/Coles-CAS/images/3/7/7/3774934.jpg",
    "cupPrice": "$4.38 per 1kg",
    "unit": "ea",
    "packageSize": "2kg",
    "barcode": ["9350376004579"],
    "isAvailable": true,
    "locations": ["vic", "sa", "qld", "nsw", "wa", "tas", "act", "nt"]
  },
  {
    "apiUrl": "https://shop.coles.com.au/search/resources/store/20529/productview/bySeoUrlKeyword/cuddly-ultra-fabric-softener-sunshine-fresh?catalogId=27101",
    "id": "c7319306p-9300632072736",
    "store": "coles",
    "name": "Sunshine Fresh Fabric Conditioner",
    "brand": "Cuddly",
    "price": 4.5,
    "orgPrice": 9,
    "categoryIds": ["household"],
    "imagePath": "https://shop.coles.com.au/wcsstore/Coles-CAS/images/7/3/1/7319306.jpg",
    "cupPrice": "$4.50 per 1l",
    "unit": "ea",
    "packageSize": "1l",
    "barcode": ["9300632072736"],
    "isAvailable": true,
    "locations": ["vic", "sa", "qld", "nsw", "wa", "tas", "act", "nt"]
  },
  {
    "apiUrl": "https://shop.coles.com.au/search/resources/store/20529/productview/bySeoUrlKeyword/morning-fresh-dishwashing-liquid-super-concentrate-original-fresh-9736075p?catalogId=27101",
    "id": "c9736075p-9300615055671",
    "store": "coles",
    "name": "Super Strength Original Dishwashing Liquid",
    "brand": "Morning Fresh",
    "price": 3.75,
    "orgPrice": 7.5,
    "categoryIds": ["household"],
    "imagePath": "https://shop.coles.com.au/wcsstore/Coles-CAS/images/9/7/3/9736075.jpg",
    "cupPrice": "$0.42 per 100ml",
    "unit": "ea",
    "packageSize": "900ml",
    "barcode": ["9300615055671"],
    "isAvailable": true,
    "locations": ["vic", "sa", "qld", "nsw", "wa", "tas", "act", "nt"]
  },
  {
    "apiUrl": "https://shop.coles.com.au/search/resources/store/20529/productview/bySeoUrlKeyword/omo-active-clean-front-top-loader-laundry-powder-2731561p?catalogId=27101",
    "id": "c2731561p-9300830033959",
    "store": "coles",
    "name": "Active Clean Front & Top Loader Laundry Detergent Washing Powder",
    "brand": "OMO",
    "price": 11,
    "orgPrice": 22,
    "categoryIds": ["household"],
    "imagePath": "https://shop.coles.com.au/wcsstore/Coles-CAS/images/2/7/3/2731561.jpg",
    "cupPrice": "$5.50 per 1kg",
    "unit": "ea",
    "packageSize": "2kg",
    "barcode": ["9300830033959"],
    "isAvailable": true,
    "locations": ["vic", "sa", "qld", "nsw", "wa", "tas", "act", "nt"]
  },
  {
    "apiUrl": "https://shop.coles.com.au/search/resources/store/20529/productview/bySeoUrlKeyword/omo-sensitive-front-top-laundry-powder?catalogId=27101",
    "id": "c2731776p-9300830034017",
    "store": "coles",
    "name": "Sensitive Top & Front Loader Laundry Detergent Washing Powder",
    "brand": "OMO",
    "price": 11,
    "orgPrice": 22,
    "categoryIds": ["household"],
    "imagePath": "https://shop.coles.com.au/wcsstore/Coles-CAS/images/2/7/3/2731776.jpg",
    "cupPrice": "$5.50 per 1kg",
    "unit": "ea",
    "packageSize": "2kg",
    "barcode": ["9300830034017"],
    "isAvailable": true,
    "locations": ["vic", "sa", "qld", "nsw", "wa", "tas", "act", "nt"]
  },
  {
    "apiUrl": "https://shop.coles.com.au/search/resources/store/20529/productview/bySeoUrlKeyword/cold-power-laundry-liquid-lemon?catalogId=27101",
    "id": "c3774592p-9350376003886",
    "store": "coles",
    "name": "Lemon Advanced Laundry Liquid",
    "brand": "Cold Power",
    "price": 8.75,
    "orgPrice": 17.5,
    "categoryIds": ["household"],
    "imagePath": "https://shop.coles.com.au/wcsstore/Coles-CAS/images/3/7/7/3774592.jpg",
    "cupPrice": "$4.38 per 1l",
    "unit": "ea",
    "packageSize": "2l",
    "barcode": ["9350376003886"],
    "isAvailable": true,
    "locations": ["vic", "sa", "qld", "nsw", "wa", "tas", "act", "nt"]
  },
  {
    "apiUrl": "https://shop.coles.com.au/search/resources/store/20529/productview/bySeoUrlKeyword/multix-traditional-strenght-alfoil?catalogId=27101",
    "id": "c2503410p-9310049702676",
    "store": "coles",
    "name": "Alfoil Traditional Strength 30cm X 60m",
    "brand": "Multix",
    "price": 5,
    "orgPrice": 10,
    "categoryIds": ["household"],
    "imagePath": "https://shop.coles.com.au/wcsstore/Coles-CAS/images/2/5/0/2503410.jpg",
    "cupPrice": "$5.00 per 1ea",
    "unit": "ea",
    "packageSize": "1 pack",
    "barcode": ["9310049702676"],
    "isAvailable": true,
    "locations": ["vic", "sa", "qld", "nsw", "wa", "tas", "act", "nt"]
  },
  {
    "apiUrl": "https://shop.coles.com.au/search/resources/store/20529/productview/bySeoUrlKeyword/bref-power-active-fresh-flowers?catalogId=27101",
    "id": "c2731492p-9350376000021",
    "store": "coles",
    "name": "Power Active Toilet Cleaner Fresh Flowers",
    "brand": "Bref",
    "price": 2.5,
    "orgPrice": 5,
    "categoryIds": ["household"],
    "imagePath": "https://shop.coles.com.au/wcsstore/Coles-CAS/images/2/7/3/2731492.jpg",
    "cupPrice": "$5.00 per 100g",
    "unit": "ea",
    "packageSize": "50g",
    "barcode": ["9350376000021"],
    "isAvailable": true,
    "locations": ["vic", "sa", "qld", "nsw", "wa", "tas", "act", "nt"]
  },
  {
    "apiUrl": "https://shop.coles.com.au/search/resources/store/20529/productview/bySeoUrlKeyword/cold-power-laundry-liquid-clean-fresh?catalogId=27101",
    "id": "c3774526p-9350376003947",
    "store": "coles",
    "name": "Clean & Fresh Advanced Laundry Liquid",
    "brand": "Cold Power",
    "price": 8.75,
    "orgPrice": 17.5,
    "categoryIds": ["household"],
    "imagePath": "https://shop.coles.com.au/wcsstore/Coles-CAS/images/3/7/7/3774526.jpg",
    "cupPrice": "$4.86 per 1l",
    "unit": "ea",
    "packageSize": "1.8l",
    "barcode": ["9350376003947"],
    "isAvailable": true,
    "locations": ["vic", "sa", "qld", "nsw", "wa", "tas", "act", "nt"]
  },
  {
    "apiUrl": "https://shop.coles.com.au/search/resources/store/20529/productview/bySeoUrlKeyword/bref-power-active-lemon-toilet-cleaner?catalogId=27101",
    "id": "c2731481p-9350376000007",
    "store": "coles",
    "name": "Power Active Toilet Cleaner Lemon",
    "brand": "Bref",
    "price": 2.5,
    "orgPrice": 5,
    "categoryIds": ["household"],
    "imagePath": "https://shop.coles.com.au/wcsstore/Coles-CAS/images/2/7/3/2731481.jpg",
    "cupPrice": "$5.00 per 100g",
    "unit": "ea",
    "packageSize": "50g",
    "barcode": ["9350376000007"],
    "isAvailable": true,
    "locations": ["vic", "sa", "qld", "nsw", "wa", "tas", "act", "nt"]
  },
  {
    "apiUrl": "https://shop.coles.com.au/search/resources/store/20529/productview/bySeoUrlKeyword/bref-duo-cubes-2-in-1-formula-cistern-block-toilet-cleaner-2-pack?catalogId=27101",
    "id": "c2731630p-9350376000083",
    "store": "coles",
    "name": "Duo Cubes 2 in 1 Formula Cistern Block Toilet Cleaner 2 pack",
    "brand": "Bref",
    "price": 2.5,
    "orgPrice": 5,
    "categoryIds": ["household"],
    "imagePath": "https://shop.coles.com.au/wcsstore/Coles-CAS/images/2/7/3/2731630.jpg",
    "cupPrice": "$2.50 per 100g",
    "unit": "ea",
    "packageSize": "100g",
    "barcode": ["9350376000083"],
    "isAvailable": true,
    "locations": ["vic", "sa", "qld", "nsw", "wa", "tas", "act", "nt"]
  },
  {
    "apiUrl": "https://shop.coles.com.au/search/resources/store/20529/productview/bySeoUrlKeyword/radiant-laundry-liquid-black-wash-3196667p?catalogId=27101",
    "id": "c3196667p",
    "store": "coles",
    "name": "Black Wash Laundry Liquid 1L",
    "brand": "Radiant",
    "price": 5,
    "orgPrice": 10,
    "categoryIds": ["household"],
    "imagePath": "https://shop.coles.com.au/wcsstore/Coles-CAS/images/3/1/9/3196667.jpg",
    "cupPrice": "$5.00 per 1l",
    "unit": "ea",
    "packageSize": "1l",
    "barcode": null,
    "isAvailable": true,
    "locations": ["vic", "sa", "qld", "nsw", "wa", "tas", "act", "nt"]
  },
  {
    "apiUrl": "https://shop.coles.com.au/search/resources/store/20529/productview/bySeoUrlKeyword/omo-laundry-liquid-triple-capsules-3376487p?catalogId=27101",
    "id": "c3376487p-8710447496763",
    "store": "coles",
    "name": "Laundry Liquid Triple Capsules",
    "brand": "OMO",
    "price": 12,
    "orgPrice": 24,
    "categoryIds": ["household"],
    "imagePath": "https://shop.coles.com.au/wcsstore/Coles-CAS/images/3/3/7/3376487.jpg",
    "cupPrice": "$0.40 per 1ea",
    "unit": "ea",
    "packageSize": "30 pack",
    "barcode": ["8710447496763"],
    "isAvailable": true,
    "locations": ["vic", "sa", "qld", "nsw", "wa", "tas", "act", "nt"]
  },
  {
    "apiUrl": "https://shop.coles.com.au/search/resources/store/20529/productview/bySeoUrlKeyword/bref-liquid-toilet-cleaner-ultra-white?catalogId=27101",
    "id": "c3223555p-9350376002322",
    "store": "coles",
    "name": "Ultra White Liquid Toilet Cleaner",
    "brand": "Bref",
    "price": 2.5,
    "orgPrice": 5,
    "categoryIds": ["household"],
    "imagePath": "https://shop.coles.com.au/wcsstore/Coles-CAS/images/3/2/2/3223555.jpg",
    "cupPrice": "$0.56 per 100ml",
    "unit": "ea",
    "packageSize": "450ml",
    "barcode": ["9350376002322"],
    "isAvailable": true,
    "locations": ["vic", "sa", "qld", "nsw", "wa", "tas", "act", "nt"]
  },
  {
    "apiUrl": "https://shop.coles.com.au/search/resources/store/20529/productview/bySeoUrlKeyword/bref-fresh-boost-toilet-cleaner-flower-blossom?catalogId=27101",
    "id": "c3475922p-9350376003299",
    "store": "coles",
    "name": "Fresh Boost Flower Blossom Toilet Cleaner",
    "brand": "Bref",
    "price": 2.5,
    "orgPrice": 5,
    "categoryIds": ["household"],
    "imagePath": "https://shop.coles.com.au/wcsstore/Coles-CAS/images/3/4/7/3475922.jpg",
    "cupPrice": "$0.56 per 100ml",
    "unit": "ea",
    "packageSize": "450ml",
    "barcode": ["9350376003299"],
    "isAvailable": true,
    "locations": ["vic", "sa", "qld", "nsw", "wa", "tas", "act", "nt"]
  },
  {
    "apiUrl": "https://shop.coles.com.au/search/resources/store/20529/productview/bySeoUrlKeyword/cold-power-laundry-liquid-clean-smoth?catalogId=27101",
    "id": "c3774537p-9350376003978",
    "store": "coles",
    "name": "Advanced Clean & Smooth Laundry Liquid",
    "brand": "Cold Power",
    "price": 8.75,
    "orgPrice": 17.5,
    "categoryIds": ["household"],
    "imagePath": "https://shop.coles.com.au/wcsstore/Coles-CAS/images/3/7/7/3774537.jpg",
    "cupPrice": "$4.86 per 1l",
    "unit": "ea",
    "packageSize": "1.8l",
    "barcode": ["9350376003978"],
    "isAvailable": true,
    "locations": ["vic", "sa", "qld", "nsw", "wa", "tas", "act", "nt"]
  },
  {
    "apiUrl": "https://shop.coles.com.au/search/resources/store/20529/productview/bySeoUrlKeyword/omo-laundry-liquid-with-comfort?catalogId=27101",
    "id": "c2900534p-9300830041596",
    "store": "coles",
    "name": "Comfort Front & Top Loader Laundry Liquid",
    "brand": "OMO",
    "price": 11,
    "orgPrice": 22,
    "categoryIds": ["household"],
    "imagePath": "https://shop.coles.com.au/wcsstore/Coles-CAS/images/2/9/0/2900534.jpg",
    "cupPrice": "$5.50 per 1l",
    "unit": "ea",
    "packageSize": "2l",
    "barcode": ["9300830041596"],
    "isAvailable": true,
    "locations": ["vic", "sa", "qld", "nsw", "wa", "tas", "act", "nt"]
  },
  {
    "apiUrl": "https://shop.coles.com.au/search/resources/store/20529/productview/bySeoUrlKeyword/bref-active-power-toilet-cleaner-lavender?catalogId=27101",
    "id": "c3033185p-9350376001806",
    "store": "coles",
    "name": "Active Power Toilet Cleaner Lavender",
    "brand": "Bref",
    "price": 2.5,
    "orgPrice": 5,
    "categoryIds": ["household"],
    "imagePath": "https://shop.coles.com.au/wcsstore/Coles-CAS/images/3/0/3/3033185.jpg",
    "cupPrice": "$5.00 per 100g",
    "unit": "ea",
    "packageSize": "50g",
    "barcode": ["9350376001806"],
    "isAvailable": true,
    "locations": ["vic", "sa", "qld", "nsw", "wa", "tas", "act", "nt"]
  },
  {
    "apiUrl": "https://shop.coles.com.au/search/resources/store/20529/productview/bySeoUrlKeyword/bref-liquid-toilet-cleaner-colour-change-ind?catalogId=27101",
    "id": "c3223533p-9350376002308",
    "store": "coles",
    "name": "Lavender Toilet Gel Colour Change Indicator",
    "brand": "Bref",
    "price": 2.5,
    "orgPrice": 5,
    "categoryIds": ["household"],
    "imagePath": "https://shop.coles.com.au/wcsstore/Coles-CAS/images/3/2/2/3223533.jpg",
    "cupPrice": "$0.56 per 100ml",
    "unit": "ea",
    "packageSize": "450ml",
    "barcode": ["9350376002308"],
    "isAvailable": true,
    "locations": ["vic", "sa", "qld", "nsw", "wa", "tas", "act", "nt"]
  },
  {
    "apiUrl": "https://shop.coles.com.au/search/resources/store/20529/productview/bySeoUrlKeyword/finish-dishwasher-cleaner?catalogId=27101",
    "id": "c6573123p-9300701526818",
    "store": "coles",
    "name": "Original Dishwasher Cleaner",
    "brand": "Finish",
    "price": 4,
    "orgPrice": 8,
    "categoryIds": ["household"],
    "imagePath": "https://shop.coles.com.au/wcsstore/Coles-CAS/images/6/5/7/6573123.jpg",
    "cupPrice": "$1.60 per 100ml",
    "unit": "ea",
    "packageSize": "250ml",
    "barcode": ["9300701526818"],
    "isAvailable": true,
    "locations": ["vic", "sa", "qld", "nsw", "wa", "tas", "act", "nt"]
  },
  {
    "apiUrl": "https://shop.coles.com.au/search/resources/store/20529/productview/bySeoUrlKeyword/cuddly-fabric-conditioner-wild-rose?catalogId=27101",
    "id": "c3738792p-8850006934272",
    "store": "coles",
    "name": "Wild Rose Fabric Conditioner",
    "brand": "Cuddly",
    "price": 5,
    "orgPrice": 10,
    "categoryIds": ["household"],
    "imagePath": "https://shop.coles.com.au/wcsstore/Coles-CAS/images/3/7/3/3738792.jpg",
    "cupPrice": "$5.88 per 1l",
    "unit": "ea",
    "packageSize": "850ml",
    "barcode": ["8850006934272"],
    "isAvailable": true,
    "locations": ["vic", "sa", "qld", "nsw", "wa", "tas", "act", "nt"]
  },
  {
    "apiUrl": "https://shop.coles.com.au/search/resources/store/20529/productview/bySeoUrlKeyword/bref-fresh-boost-toilet-cleaner-juicy-lemon?catalogId=27101",
    "id": "c3475911p-9350376003282",
    "store": "coles",
    "name": "Fresh Boost Juicy Lemon Toilet Cleaner",
    "brand": "Bref",
    "price": 2.5,
    "orgPrice": 5,
    "categoryIds": ["household"],
    "imagePath": "https://shop.coles.com.au/wcsstore/Coles-CAS/images/3/4/7/3475911.jpg",
    "cupPrice": "$0.56 per 100ml",
    "unit": "ea",
    "packageSize": "450ml",
    "barcode": ["9350376003282"],
    "isAvailable": true,
    "locations": ["vic", "sa", "qld", "nsw", "wa", "tas", "act", "nt"]
  },
  {
    "apiUrl": "https://shop.coles.com.au/search/resources/store/20529/productview/bySeoUrlKeyword/cuddly-fabric-conditioner-ocean-wave?catalogId=27101",
    "id": "c3738806p-8850006934289",
    "store": "coles",
    "name": "Ocean Wave Fabric Conditioner",
    "brand": "Cuddly",
    "price": 5,
    "orgPrice": 10,
    "categoryIds": ["household"],
    "imagePath": "https://shop.coles.com.au/wcsstore/Coles-CAS/images/3/7/3/3738806.jpg",
    "cupPrice": "$5.88 per 1l",
    "unit": "ea",
    "packageSize": "850ml",
    "barcode": ["8850006934289"],
    "isAvailable": true,
    "locations": ["vic", "sa", "qld", "nsw", "wa", "tas", "act", "nt"]
  },
  {
    "apiUrl": "https://shop.coles.com.au/search/resources/store/20529/productview/bySeoUrlKeyword/decor-match-ups-container-oblong-purple-500ml?catalogId=27101",
    "id": "c1898732p-9300621020403",
    "store": "coles",
    "name": "Match Ups Oblong Container 500ml",
    "brand": "Decor",
    "price": 2,
    "orgPrice": 4,
    "categoryIds": ["household"],
    "imagePath": "https://shop.coles.com.au/wcsstore/Coles-CAS/images/1/8/9/1898732.jpg",
    "cupPrice": "$2.00 per 1ea",
    "unit": "ea",
    "packageSize": "1 each",
    "barcode": ["9300621020403"],
    "isAvailable": true,
    "locations": ["vic", "sa", "qld", "nsw", "wa", "tas", "act", "nt"]
  },
  {
    "apiUrl": "https://shop.coles.com.au/search/resources/store/20529/productview/bySeoUrlKeyword/bref-power-active-tropical-hawaii-escapes?catalogId=27101",
    "id": "c3223792p-9350376002278",
    "store": "coles",
    "name": "Hawaii Sensation Escapes",
    "brand": "Bref",
    "price": 2.5,
    "orgPrice": 5,
    "categoryIds": ["household"],
    "imagePath": "https://shop.coles.com.au/wcsstore/Coles-CAS/images/3/2/2/3223792.jpg",
    "cupPrice": "$5.00 per 100g",
    "unit": "ea",
    "packageSize": "50g",
    "barcode": ["9350376002278"],
    "isAvailable": true,
    "locations": ["vic", "sa", "qld", "nsw", "wa", "tas", "act", "nt"]
  },
  {
    "apiUrl": "https://shop.coles.com.au/search/resources/store/20529/productview/bySeoUrlKeyword/bref-fresh-boost-toilet-cleaner-ocean-breeze?catalogId=27101",
    "id": "c3475933p-9350376003305",
    "store": "coles",
    "name": "Fresh Boost Ocean Breeze Toilet Cleaner",
    "brand": "Bref",
    "price": 2.5,
    "orgPrice": 5,
    "categoryIds": ["household"],
    "imagePath": "https://shop.coles.com.au/wcsstore/Coles-CAS/images/3/4/7/3475933.jpg",
    "cupPrice": "$0.56 per 100ml",
    "unit": "ea",
    "packageSize": "450ml",
    "barcode": ["9350376003305"],
    "isAvailable": true,
    "locations": ["vic", "sa", "qld", "nsw", "wa", "tas", "act", "nt"]
  },
  {
    "apiUrl": "https://shop.coles.com.au/search/resources/store/20529/productview/bySeoUrlKeyword/decor-match-ups-container-oblong-green-800ml?catalogId=27101",
    "id": "c1898801p-9300621020397",
    "store": "coles",
    "name": "Match Ups Basics Container Oblong Green 800ml",
    "brand": "Decor",
    "price": 2.75,
    "orgPrice": 5.5,
    "categoryIds": ["household"],
    "imagePath": "https://shop.coles.com.au/wcsstore/Coles-CAS/images/1/8/9/1898801.jpg",
    "cupPrice": "$2.75 per 1ea",
    "unit": "ea",
    "packageSize": "1 each",
    "barcode": ["9300621020397"],
    "isAvailable": true,
    "locations": ["vic", "sa", "qld", "nsw", "wa", "tas", "act", "nt"]
  },
  {
    "apiUrl": "https://shop.coles.com.au/search/resources/store/20529/productview/bySeoUrlKeyword/decor-tellfresh-cupcake-storer-4l?catalogId=27101",
    "id": "c2791847p-9300621014976",
    "store": "coles",
    "name": "Tellfresh Cupcake Storer 4L",
    "brand": "Decor",
    "price": 5,
    "orgPrice": 10,
    "categoryIds": ["household"],
    "imagePath": "https://shop.coles.com.au/wcsstore/Coles-CAS/images/2/7/9/2791847.jpg",
    "cupPrice": "$5.00 per 1ea",
    "unit": "ea",
    "packageSize": "1 each",
    "barcode": ["9300621014976"],
    "isAvailable": true,
    "locations": ["vic", "sa", "qld", "nsw", "wa", "tas", "act", "nt"]
  },
  {
    "apiUrl": "https://shop.coles.com.au/search/resources/store/20529/productview/bySeoUrlKeyword/decor-match-ups-container-oblong-red-1-litre?catalogId=27101",
    "id": "c1898743p-9300621020427",
    "store": "coles",
    "name": "Match Ups Basics Container Oblong Red 1L",
    "brand": "Decor",
    "price": 2.75,
    "orgPrice": 5.5,
    "categoryIds": ["household"],
    "imagePath": "https://shop.coles.com.au/wcsstore/Coles-CAS/images/1/8/9/1898743.jpg",
    "cupPrice": "$2.75 per 1ea",
    "unit": "ea",
    "packageSize": "1 each",
    "barcode": ["9300621020427"],
    "isAvailable": true,
    "locations": ["vic", "sa", "qld", "nsw", "wa", "tas", "act", "nt"]
  },
  {
    "apiUrl": "https://shop.coles.com.au/search/resources/store/20529/productview/bySeoUrlKeyword/decor-match-ups-container-oblong-red-600ml?catalogId=27101",
    "id": "c1898754p-9300621020434",
    "store": "coles",
    "name": "Match Ups Basics Container Oblong Red 600ml",
    "brand": "Decor",
    "price": 2.25,
    "orgPrice": 4.5,
    "categoryIds": ["household"],
    "imagePath": "https://shop.coles.com.au/wcsstore/Coles-CAS/images/1/8/9/1898754.jpg",
    "cupPrice": "",
    "unit": "ea",
    "packageSize": "1 each",
    "barcode": ["9300621020434"],
    "isAvailable": true,
    "locations": ["vic", "sa", "qld", "nsw", "wa", "tas", "act", "nt"]
  },
  {
    "apiUrl": "https://shop.coles.com.au/search/resources/store/20529/productview/bySeoUrlKeyword/decor-match-ups-container-oblong-orange-200ml?catalogId=27101",
    "id": "c1898812p-9300621020441",
    "store": "coles",
    "name": "Match Ups Basics Container Oblong Orange 200ml",
    "brand": "Decor",
    "price": 1.25,
    "orgPrice": 2.5,
    "categoryIds": ["household"],
    "imagePath": "https://shop.coles.com.au/wcsstore/Coles-CAS/images/1/8/9/1898812.jpg",
    "cupPrice": "$1.25 per 1ea",
    "unit": "ea",
    "packageSize": "1 each",
    "barcode": ["9300621020441"],
    "isAvailable": true,
    "locations": ["vic", "sa", "qld", "nsw", "wa", "tas", "act", "nt"]
  },
  {
    "apiUrl": "https://shop.coles.com.au/search/resources/store/20529/productview/bySeoUrlKeyword/decor-match-ups-container-oblong-blue-2l?catalogId=27101",
    "id": "c1898776p-9300621020465",
    "store": "coles",
    "name": "Match Ups Basics Container Oblong Blue 2L",
    "brand": "Decor",
    "price": 3.75,
    "orgPrice": 7.5,
    "categoryIds": ["household"],
    "imagePath": "https://shop.coles.com.au/wcsstore/Coles-CAS/images/1/8/9/1898776.jpg",
    "cupPrice": "$3.75 per 1ea",
    "unit": "ea",
    "packageSize": "1 each",
    "barcode": ["9300621020465"],
    "isAvailable": true,
    "locations": ["vic", "sa", "qld", "nsw", "wa", "tas", "act", "nt"]
  },
  {
    "apiUrl": "https://shop.coles.com.au/search/resources/store/20529/productview/bySeoUrlKeyword/bref-active-duo-toilet-cleaner-lemon?catalogId=27101",
    "id": "c3476073p-9350376003398",
    "store": "coles",
    "name": "Active Duo Mediterranean Lemon Toilet Cleaner",
    "brand": "Bref",
    "price": 2.5,
    "orgPrice": 5,
    "categoryIds": ["household"],
    "imagePath": "https://shop.coles.com.au/wcsstore/Coles-CAS/images/3/4/7/3476073.jpg",
    "cupPrice": "$5.00 per 100ml",
    "unit": "ea",
    "packageSize": "50ml",
    "barcode": ["9350376003398"],
    "isAvailable": true,
    "locations": ["vic", "sa", "qld", "nsw", "wa", "tas", "act", "nt"]
  },
  {
    "apiUrl": "https://shop.coles.com.au/search/resources/store/20529/productview/bySeoUrlKeyword/decor-match-ups-container-oblong-blue-3-litre?catalogId=27101",
    "id": "c1898787p-9300621020472",
    "store": "coles",
    "name": "Match Ups Basics Container Oblong Blue 3 Litre",
    "brand": "Decor",
    "price": 4.25,
    "orgPrice": 8.5,
    "categoryIds": ["household"],
    "imagePath": "https://shop.coles.com.au/wcsstore/Coles-CAS/images/1/8/9/1898787.jpg",
    "cupPrice": "$4.25 per 1ea",
    "unit": "ea",
    "packageSize": "1 each",
    "barcode": ["9300621020472"],
    "isAvailable": true,
    "locations": ["vic", "sa", "qld", "nsw", "wa", "tas", "act", "nt"]
  },
  {
    "apiUrl": "https://shop.coles.com.au/search/resources/store/20529/productview/bySeoUrlKeyword/decor-match-ups-container-oblong-green-15l?catalogId=27101",
    "id": "c1898798p-9300621020380",
    "store": "coles",
    "name": "Match Ups Basics Container Oblong Green 1.5L",
    "brand": "Decor",
    "price": 3.25,
    "orgPrice": 6.5,
    "categoryIds": ["household"],
    "imagePath": "https://shop.coles.com.au/wcsstore/Coles-CAS/images/1/8/9/1898798.jpg",
    "cupPrice": "",
    "unit": "ea",
    "packageSize": "1 each",
    "barcode": ["9300621020380"],
    "isAvailable": true,
    "locations": ["vic", "sa", "qld", "nsw", "wa", "tas", "act", "nt"]
  },
  {
    "apiUrl": "https://shop.coles.com.au/search/resources/store/20529/productview/bySeoUrlKeyword/oreo-choc-coated-biscuit-triple-choc?catalogId=27101",
    "id": "c3536620p-9310034001364",
    "store": "coles",
    "name": "Triple Chocolate Coated Biscuit 2 Pack",
    "brand": "Oreo",
    "price": 3.8,
    "orgPrice": null,
    "categoryIds": ["pantry"],
    "imagePath": "https://shop.coles.com.au/wcsstore/Coles-CAS/images/3/5/3/3536620.jpg",
    "cupPrice": "$1.86 per 100g",
    "unit": "ea",
    "packageSize": "204g",
    "barcode": ["9310034001364"],
    "isAvailable": true,
    "locations": ["sa", "nsw", "wa", "act", "nt"]
  },
  {
    "apiUrl": "https://shop.coles.com.au/search/resources/store/20529/productview/bySeoUrlKeyword/oreo-choc-coated-biscuit-mint?catalogId=27101",
    "id": "c3260380p",
    "store": "coles",
    "name": "Cadbury Coated Mint Biscuit 6 x 2 pack",
    "brand": "Oreo",
    "price": 3.8,
    "orgPrice": null,
    "categoryIds": ["pantry"],
    "imagePath": "https://shop.coles.com.au/wcsstore/Coles-CAS/images/3/2/6/3260380.jpg",
    "cupPrice": "$1.86 per 100g",
    "unit": "ea",
    "packageSize": "204g",
    "barcode": null,
    "isAvailable": true,
    "locations": ["nt"]
  },
  {
    "id": "w5400-9323015019555",
    "store": "woolworths",
    "name": "Ocean Chef Lightly Seasoned Squid Chip ",
    "brand": "Ocean Chef",
    "price": 3,
    "orgPrice": 6,
    "categoryIds": ["freezer", "meat-seafood-deli"],
    "imagePath": "https://cdn0.woolworths.media/content/wowproductimages/large/005400.jpg",
    "cupPrice": "$8.33 / 1kg",
    "unit": "each",
    "packageSize": "360g",
    "barcode": ["9323015019555"],
    "isAvailable": true,
    "locations": ["vic", "nsw", "qld", "wa", "sa", "tas", "nt", "act"]
  },
  {
    "id": "w769243-0276964000008",
    "store": "woolworths",
    "name": "Woolworths Chicken Kiev Garlic",
    "brand": "Woolworths",
    "price": 1.3,
    "orgPrice": 2.6,
    "categoryIds": ["meat-seafood-deli"],
    "imagePath": "https://cdn0.woolworths.media/content/wowproductimages/large/769243.jpg",
    "cupPrice": "$1.30 / 1ea",
    "unit": "each",
    "packageSize": "each",
    "barcode": ["0276964000008"],
    "isAvailable": true,
    "locations": ["vic", "nsw", "qld", "wa", "sa", "tas", "nt", "act"]
  },
  {
    "id": "w36803-0274775000002",
    "store": "woolworths",
    "name": "Woolworths Ham & Cheese Kiev ",
    "brand": "Woolworths",
    "price": 1.3,
    "orgPrice": 2.6,
    "categoryIds": ["meat-seafood-deli"],
    "imagePath": "https://cdn0.woolworths.media/content/wowproductimages/large/036803.jpg",
    "cupPrice": "$1.30 / 1ea",
    "unit": "each",
    "packageSize": "each",
    "barcode": ["0274775000002"],
    "isAvailable": true,
    "locations": ["vic", "nsw", "qld", "wa", "sa", "tas", "nt", "act"]
  },
  {
    "id": "w66064-9317224404851",
    "store": "woolworths",
    "name": "Mission 0riginal Flatbread ",
    "brand": "Mission",
    "price": 2.5,
    "orgPrice": 5,
    "categoryIds": ["bakery"],
    "imagePath": "https://cdn0.woolworths.media/content/wowproductimages/large/066064.jpg",
    "cupPrice": "$0.67 / 100g",
    "unit": "each",
    "packageSize": "5 pack",
    "barcode": ["9317224404851"],
    "isAvailable": true,
    "locations": ["vic", "nsw", "qld", "wa", "sa", "tas", "nt", "act"]
  },
  {
    "id": "w7702-9350007003063",
    "store": "woolworths",
    "name": "Toscano Caramel Stroopwafels ",
    "brand": "Toscano",
    "price": 1.5,
    "orgPrice": 3,
    "categoryIds": ["bakery"],
    "imagePath": "https://cdn0.woolworths.media/content/wowproductimages/large/007702.jpg",
    "cupPrice": "$0.60 / 100g",
    "unit": "each",
    "packageSize": "8 pack",
    "barcode": ["9350007003063"],
    "isAvailable": true,
    "locations": ["vic", "nsw", "qld", "wa", "sa", "tas", "nt", "act"]
  },
  {
    "id": "w822128-9416892213083",
    "store": "woolworths",
    "name": "Easiyo Protein Yoghurt Mix Unsweetened",
    "brand": "Easiyo",
    "price": 3,
    "orgPrice": 6,
    "categoryIds": ["dairy-eggs-fridge"],
    "imagePath": "https://cdn0.woolworths.media/content/wowproductimages/large/822128.jpg",
    "cupPrice": "$1.50 / 100g",
    "unit": "each",
    "packageSize": "200g",
    "barcode": ["9416892213083"],
    "isAvailable": true,
    "locations": ["vic", "nsw", "qld", "wa", "sa", "tas", "nt", "act"]
  },
  {
    "id": "w822129-9416892214080",
    "store": "woolworths",
    "name": "Easiyo Protein Yoghurt Mix Coconut ",
    "brand": "Easiyo",
    "price": 3,
    "orgPrice": 6,
    "categoryIds": ["dairy-eggs-fridge"],
    "imagePath": "https://cdn0.woolworths.media/content/wowproductimages/large/822129.jpg",
    "cupPrice": "$1.43 / 100g",
    "unit": "each",
    "packageSize": "210g",
    "barcode": ["9416892214080"],
    "isAvailable": true,
    "locations": ["vic", "nsw", "qld", "wa", "sa", "tas", "nt", "act"]
  },
  {
    "id": "w67373-9416892125034",
    "store": "woolworths",
    "name": "Easiyo Yogurt Base Maker Maker",
    "brand": "Easiyo",
    "price": 11,
    "orgPrice": 22,
    "categoryIds": ["dairy-eggs-fridge"],
    "imagePath": "https://cdn0.woolworths.media/content/wowproductimages/large/067373.jpg",
    "cupPrice": null,
    "unit": "each",
    "packageSize": "each",
    "barcode": ["9416892125034"],
    "isAvailable": true,
    "locations": ["vic", "nsw", "qld", "wa", "sa", "tas", "nt", "act"]
  },
  {
    "id": "w844412-9300645056938",
    "store": "woolworths",
    "name": "Leggos Agnolotti With Spinach & Ricotta",
    "brand": "Leggos",
    "price": 4,
    "orgPrice": 8,
    "categoryIds": ["dairy-eggs-fridge"],
    "imagePath": "https://cdn0.woolworths.media/content/wowproductimages/large/844412.jpg",
    "cupPrice": "$0.63 / 100g",
    "unit": "each",
    "packageSize": "630g",
    "barcode": ["9300645056938"],
    "isAvailable": true,
    "locations": ["vic", "nsw", "qld", "wa", "sa", "tas", "nt", "act"]
  },
  {
    "id": "w809874-9300645120530",
    "store": "woolworths",
    "name": "Leggos Italian Style Sausage Agnolotti",
    "brand": "Leggos",
    "price": 4,
    "orgPrice": 8,
    "categoryIds": ["dairy-eggs-fridge"],
    "imagePath": "https://cdn0.woolworths.media/content/wowproductimages/large/809874.jpg",
    "cupPrice": "$0.63 / 100g",
    "unit": "each",
    "packageSize": "630g",
    "barcode": ["9300645120530"],
    "isAvailable": true,
    "locations": ["vic", "nsw", "qld", "wa", "sa", "tas", "nt", "act"]
  },
  {
    "id": "w809888-9300645120554",
    "store": "woolworths",
    "name": "Leggos Mushroom & Ricotta Ravioli ",
    "brand": "Leggos",
    "price": 4,
    "orgPrice": 8,
    "categoryIds": ["dairy-eggs-fridge"],
    "imagePath": "https://cdn0.woolworths.media/content/wowproductimages/large/809888.jpg",
    "cupPrice": "$0.63 / 100g",
    "unit": "each",
    "packageSize": "630g",
    "barcode": ["9300645120554"],
    "isAvailable": true,
    "locations": ["vic", "nsw", "qld", "wa", "sa", "tas", "nt", "act"]
  },
  {
    "id": "w321800-9300462055787",
    "store": "woolworths",
    "name": "Leggos Ravioli Beef Tomato & Parmesan",
    "brand": "Leggos",
    "price": 4,
    "orgPrice": 8,
    "categoryIds": ["dairy-eggs-fridge"],
    "imagePath": "https://cdn0.woolworths.media/content/wowproductimages/large/321800.jpg",
    "cupPrice": "$0.63 / 100g",
    "unit": "each",
    "packageSize": "630g",
    "barcode": ["9300462055787"],
    "isAvailable": true,
    "locations": ["vic", "nsw", "qld", "wa", "sa", "tas", "nt", "act"]
  },
  {
    "id": "w765451-9300645056877",
    "store": "woolworths",
    "name": "Leggos Ravioli Roasted Pumpkin & Feta",
    "brand": "Leggos",
    "price": 4,
    "orgPrice": 8,
    "categoryIds": ["dairy-eggs-fridge"],
    "imagePath": "https://cdn0.woolworths.media/content/wowproductimages/large/765451.jpg",
    "cupPrice": "$0.63 / 100g",
    "unit": "each",
    "packageSize": "630g",
    "barcode": ["9300645056877"],
    "isAvailable": true,
    "locations": ["vic", "nsw", "qld", "wa", "sa", "tas", "nt", "act"]
  },
  {
    "id": "w321815-9300462055763",
    "store": "woolworths",
    "name": "Leggos Tortellini Ricotta & Roast Veg",
    "brand": "Leggos",
    "price": 4,
    "orgPrice": 8,
    "categoryIds": ["dairy-eggs-fridge"],
    "imagePath": "https://cdn0.woolworths.media/content/wowproductimages/large/321815.jpg",
    "cupPrice": "$0.63 / 100g",
    "unit": "each",
    "packageSize": "630g",
    "barcode": ["9300462055763"],
    "isAvailable": true,
    "locations": ["vic", "nsw", "qld", "wa", "sa", "tas", "nt", "act"]
  },
  {
    "id": "w618616-9300645119442",
    "store": "woolworths",
    "name": "Leggos Veal Tortellini ",
    "brand": "Leggos",
    "price": 4,
    "orgPrice": 8,
    "categoryIds": ["dairy-eggs-fridge"],
    "imagePath": "https://cdn0.woolworths.media/content/wowproductimages/large/618616.jpg",
    "cupPrice": "$0.63 / 100g",
    "unit": "each",
    "packageSize": "630g",
    "barcode": ["9300645119442"],
    "isAvailable": true,
    "locations": ["vic", "nsw", "qld", "wa", "sa", "tas", "nt", "act"]
  },
  {
    "id": "w858008-9312231001215",
    "store": "woolworths",
    "name": "Pureharvest Almond Milk Unsweetened",
    "brand": "Pureharvest",
    "price": 1.55,
    "orgPrice": 3.1,
    "categoryIds": ["drinks", "dairy-eggs-fridge"],
    "imagePath": "https://cdn0.woolworths.media/content/wowproductimages/large/858008.jpg",
    "cupPrice": "$1.55 / 1l",
    "unit": "each",
    "packageSize": "1l",
    "barcode": ["9312231001215"],
    "isAvailable": true,
    "locations": ["vic", "nsw", "qld", "wa", "sa", "tas", "nt", "act"]
  },
  {
    "id": "w808867-9312231317118",
    "store": "woolworths",
    "name": "Pureharvest Almond Quench ",
    "brand": "Pureharvest",
    "price": 1.75,
    "orgPrice": 3.5,
    "categoryIds": ["drinks", "dairy-eggs-fridge"],
    "imagePath": "https://cdn0.woolworths.media/content/wowproductimages/large/808867.jpg",
    "cupPrice": "$1.75 / 1l",
    "unit": "each",
    "packageSize": "1l",
    "barcode": ["9312231317118"],
    "isAvailable": true,
    "locations": ["vic", "nsw", "qld", "wa", "sa", "tas", "nt", "act"]
  },
  {
    "id": "w793391-9312231231032",
    "store": "woolworths",
    "name": "Pureharvest Coco Quench Coconut Milk",
    "brand": "Pureharvest",
    "price": 1.75,
    "orgPrice": 3.5,
    "categoryIds": ["drinks", "dairy-eggs-fridge"],
    "imagePath": "https://cdn0.woolworths.media/content/wowproductimages/large/793391.jpg",
    "cupPrice": "$1.75 / 1l",
    "unit": "each",
    "packageSize": "1l",
    "barcode": ["9312231231032"],
    "isAvailable": true,
    "locations": ["vic", "nsw", "qld", "wa", "sa", "tas", "nt", "act"]
  },
  {
    "id": "w260099-9312231231018",
    "store": "woolworths",
    "name": "Pureharvest Organic Almond Milk ",
    "brand": "Pureharvest",
    "price": 1.7,
    "orgPrice": 3.4,
    "categoryIds": ["drinks", "dairy-eggs-fridge"],
    "imagePath": "https://cdn0.woolworths.media/content/wowproductimages/large/260099.jpg",
    "cupPrice": "$1.70 / 1l",
    "unit": "each",
    "packageSize": "1l",
    "barcode": ["9312231231018"],
    "isAvailable": true,
    "locations": ["vic", "nsw", "qld", "wa", "sa", "tas", "nt", "act"]
  },
  {
    "id": "w86298-9312231222023",
    "store": "woolworths",
    "name": "Pureharvest Organic Oat Milk ",
    "brand": "Pureharvest",
    "price": 1.4,
    "orgPrice": 2.8,
    "categoryIds": ["drinks", "dairy-eggs-fridge"],
    "imagePath": "https://cdn0.woolworths.media/content/wowproductimages/large/086298.jpg",
    "cupPrice": "$1.40 / 1l",
    "unit": "each",
    "packageSize": "1l",
    "barcode": ["9312231222023"],
    "isAvailable": true,
    "locations": ["vic", "nsw", "qld", "wa", "sa", "tas", "nt", "act"]
  },
  {
    "id": "w862412-9310036045724",
    "store": "woolworths",
    "name": "Tamar Valley Yoghurt No Added Sugar Mango",
    "brand": "Tamar Valley",
    "price": 1,
    "orgPrice": 2.2,
    "categoryIds": ["dairy-eggs-fridge"],
    "imagePath": "https://cdn0.woolworths.media/content/wowproductimages/large/862412.jpg",
    "cupPrice": "$0.59 / 100g",
    "unit": "each",
    "packageSize": "170g",
    "barcode": ["9310036045724"],
    "isAvailable": true,
    "locations": ["vic", "nsw", "qld", "wa", "sa", "tas", "nt", "act"]
  },
  {
    "id": "w862172-9310036045809",
    "store": "woolworths",
    "name": "Tamar Valley Yoghurt No Added Sugar Strawberry",
    "brand": "Tamar Valley",
    "price": 1,
    "orgPrice": 2.2,
    "categoryIds": ["dairy-eggs-fridge"],
    "imagePath": "https://cdn0.woolworths.media/content/wowproductimages/large/862172.jpg",
    "cupPrice": "$0.59 / 100g",
    "unit": "each",
    "packageSize": "170g",
    "barcode": ["9310036045809"],
    "isAvailable": true,
    "locations": ["vic", "nsw", "qld", "wa", "sa", "tas", "nt", "act"]
  },
  {
    "id": "w156293-9300658602900",
    "store": "woolworths",
    "name": "Yogo Choc Rock Dessert",
    "brand": "Yogo",
    "price": 6.5,
    "orgPrice": 7,
    "categoryIds": ["dairy-eggs-fridge"],
    "imagePath": "https://cdn0.woolworths.media/content/wowproductimages/large/156293.jpg",
    "cupPrice": "$0.54 / 100g",
    "unit": "each",
    "packageSize": "12x100g",
    "barcode": ["9300658602900"],
    "isAvailable": true,
    "locations": ["vic", "nsw", "qld", "wa", "sa", "tas", "nt", "act"]
  },
  {
    "id": "w875354-9315090208962",
    "store": "woolworths",
    "name": "Arnold's Farm Golden Syrup Porridge Sachets",
    "brand": "Arnold's Farm",
    "price": 2.5,
    "orgPrice": 5,
    "categoryIds": ["pantry"],
    "imagePath": "https://cdn0.woolworths.media/content/wowproductimages/large/875354.jpg",
    "cupPrice": "$0.74 / 100g",
    "unit": "each",
    "packageSize": "8 pack",
    "barcode": ["9315090208962"],
    "isAvailable": true,
    "locations": ["vic", "nsw", "qld", "wa", "sa", "tas", "nt", "act"]
  },
  {
    "id": "w874162-9315090208948",
    "store": "woolworths",
    "name": "Arnold's Farm Porridge Sachets Apple & Brown Sugar",
    "brand": "Arnold's Farm",
    "price": 2.5,
    "orgPrice": 5,
    "categoryIds": ["pantry"],
    "imagePath": "https://cdn0.woolworths.media/content/wowproductimages/large/874162.jpg",
    "cupPrice": "$0.74 / 100g",
    "unit": "each",
    "packageSize": "8 pack",
    "barcode": ["9315090208948"],
    "isAvailable": true,
    "locations": ["vic", "nsw", "qld", "wa", "sa", "tas", "nt", "act"]
  },
  {
    "id": "w855455-9310072030517",
    "store": "woolworths",
    "name": "Arnott's Cracker Chips Honey Soy Chicken",
    "brand": "Arnott's",
    "price": 2.25,
    "orgPrice": 4.5,
    "categoryIds": ["pantry"],
    "imagePath": "https://cdn0.woolworths.media/content/wowproductimages/large/855455.jpg",
    "cupPrice": "$1.50 / 100g",
    "unit": "each",
    "packageSize": "150g",
    "barcode": ["9310072030517"],
    "isAvailable": true,
    "locations": ["vic", "nsw", "qld", "wa", "sa", "tas", "nt", "act"]
  },
  {
    "id": "w855494-9310072030548",
    "store": "woolworths",
    "name": "Arnott's Cracker Chips Sea Salt",
    "brand": "Arnott's",
    "price": 2.25,
    "orgPrice": 4.5,
    "categoryIds": ["pantry"],
    "imagePath": "https://cdn0.woolworths.media/content/wowproductimages/large/855494.jpg",
    "cupPrice": "$1.50 / 100g",
    "unit": "each",
    "packageSize": "150g",
    "barcode": ["9310072030548"],
    "isAvailable": true,
    "locations": ["vic", "nsw", "qld", "wa", "sa", "tas", "nt", "act"]
  },
  {
    "id": "w855495-9310072030524",
    "store": "woolworths",
    "name": "Arnott's Cracker Chips Sea Salt & Balsamic Vinegar",
    "brand": "Arnott's",
    "price": 2.25,
    "orgPrice": 4.5,
    "categoryIds": ["pantry"],
    "imagePath": "https://cdn0.woolworths.media/content/wowproductimages/large/855495.jpg",
    "cupPrice": "$1.50 / 100g",
    "unit": "each",
    "packageSize": "150g",
    "barcode": ["9310072030524"],
    "isAvailable": true,
    "locations": ["vic", "nsw", "qld", "wa", "sa", "tas", "nt", "act"]
  },
  {
    "id": "w855456-9310072030531",
    "store": "woolworths",
    "name": "Arnott's Cracker Chips Sweet Chilli & Sour Cream",
    "brand": "Arnott's",
    "price": 2.25,
    "orgPrice": 4.5,
    "categoryIds": ["pantry"],
    "imagePath": "https://cdn0.woolworths.media/content/wowproductimages/large/855456.jpg",
    "cupPrice": "$1.50 / 100g",
    "unit": "each",
    "packageSize": "150g",
    "barcode": ["9310072030531"],
    "isAvailable": true,
    "locations": ["vic", "nsw", "qld", "wa", "sa", "tas", "nt", "act"]
  },
  {
    "id": "w83445-9310072031743",
    "store": "woolworths",
    "name": "Arnott's Cracker Chips Hickory Ribs With Sticky Glaze",
    "brand": "Arnott's",
    "price": 2.25,
    "orgPrice": 4.5,
    "categoryIds": ["pantry"],
    "imagePath": "https://cdn0.woolworths.media/content/wowproductimages/large/083445.jpg",
    "cupPrice": "$1.50 / 100g",
    "unit": "each",
    "packageSize": "150g",
    "barcode": ["9310072031743"],
    "isAvailable": true,
    "locations": ["vic", "nsw", "qld", "wa", "sa", "tas", "nt", "act"]
  },
  {
    "id": "w83438-9310072031750",
    "store": "woolworths",
    "name": "Arnott's Cracker Chips Mozzarella & Basil Bruschetta",
    "brand": "Arnott's",
    "price": 2.25,
    "orgPrice": 4.5,
    "categoryIds": ["pantry"],
    "imagePath": "https://cdn0.woolworths.media/content/wowproductimages/large/083438.jpg",
    "cupPrice": "$1.50 / 100g",
    "unit": "each",
    "packageSize": "150g",
    "barcode": ["9310072031750"],
    "isAvailable": true,
    "locations": ["vic", "nsw", "qld", "wa", "sa", "tas", "nt", "act"]
  },
  {
    "id": "w117833-9310072001210",
    "store": "woolworths",
    "name": "Arnott's Tim Tam Chewy Caramel",
    "brand": "Arnott's",
    "price": 1.82,
    "orgPrice": 3.65,
    "categoryIds": ["pantry"],
    "imagePath": "https://cdn0.woolworths.media/content/wowproductimages/large/117833.jpg",
    "cupPrice": "$1.04 / 100g",
    "unit": "each",
    "packageSize": "175g",
    "barcode": ["9310072001210"],
    "isAvailable": true,
    "locations": ["vic", "nsw", "qld", "wa", "sa", "tas", "nt", "act"]
  },
  {
    "id": "w32257-9310072013855",
    "store": "woolworths",
    "name": "Arnott's Tim Tam Choc Double Coated",
    "brand": "Arnott's",
    "price": 1.82,
    "orgPrice": 3.65,
    "categoryIds": ["pantry"],
    "imagePath": "https://cdn0.woolworths.media/content/wowproductimages/large/032257.jpg",
    "cupPrice": "$0.91 / 100g",
    "unit": "each",
    "packageSize": "200g",
    "barcode": ["9310072013855"],
    "isAvailable": true,
    "locations": ["vic", "nsw", "qld", "wa", "sa", "tas", "nt", "act"]
  },
  {
    "id": "w574338-9310072029979",
    "store": "woolworths",
    "name": "Arnott's Tim Tam Choc Mint",
    "brand": "Arnott's",
    "price": 1.82,
    "orgPrice": 3.65,
    "categoryIds": ["pantry"],
    "imagePath": "https://cdn0.woolworths.media/content/wowproductimages/large/574338.jpg",
    "cupPrice": "$1.14 / 100g",
    "unit": "each",
    "packageSize": "160g",
    "barcode": ["9310072029979"],
    "isAvailable": true,
    "locations": ["vic", "nsw", "qld", "wa", "sa", "tas", "nt", "act"]
  },
  {
    "id": "w36066-9310072000282",
    "store": "woolworths",
    "name": "Arnott's Tim Tam Chocolate Original",
    "brand": "Arnott's",
    "price": 1.82,
    "orgPrice": 3.65,
    "categoryIds": ["pantry"],
    "imagePath": "https://cdn0.woolworths.media/content/wowproductimages/large/036066.jpg",
    "cupPrice": "$0.91 / 100g",
    "unit": "each",
    "packageSize": "200g",
    "barcode": ["9310072000282"],
    "isAvailable": true,
    "locations": ["vic", "nsw", "qld", "wa", "sa", "tas", "nt", "act"]
  },
  {
    "id": "w89972-9310072012599",
    "store": "woolworths",
    "name": "Arnott's Tim Tam Classic Dark",
    "brand": "Arnott's",
    "price": 1.82,
    "orgPrice": 3.65,
    "categoryIds": ["pantry"],
    "imagePath": "https://cdn0.woolworths.media/content/wowproductimages/large/089972.jpg",
    "cupPrice": "$0.91 / 100g",
    "unit": "each",
    "packageSize": "200g",
    "barcode": ["9310072012599"],
    "isAvailable": true,
    "locations": ["vic", "nsw", "qld", "wa", "sa", "tas", "nt", "act"]
  },
  {
    "id": "w332047-9310072025155",
    "store": "woolworths",
    "name": "Arnott's Tim Tam White",
    "brand": "Arnott's",
    "price": 1.82,
    "orgPrice": 3.65,
    "categoryIds": ["pantry"],
    "imagePath": "https://cdn0.woolworths.media/content/wowproductimages/large/332047.jpg",
    "cupPrice": "$1.10 / 100g",
    "unit": "each",
    "packageSize": "165g",
    "barcode": ["9310072025155"],
    "isAvailable": true,
    "locations": ["vic", "nsw", "qld", "wa", "sa", "tas", "nt", "act"]
  },
  {
    "id": "w80436-9310072031538",
    "store": "woolworths",
    "name": "Arnott's Tim Tam Crafted Collection Manuka Honey & Cream",
    "brand": "Arnott's",
    "price": 1.82,
    "orgPrice": 3.65,
    "categoryIds": ["pantry"],
    "imagePath": "https://cdn0.woolworths.media/content/wowproductimages/large/080436.jpg",
    "cupPrice": "$1.14 / 100g",
    "unit": "each",
    "packageSize": "160g",
    "barcode": ["9310072031538"],
    "isAvailable": true,
    "locations": ["vic", "nsw", "qld", "wa", "sa", "tas", "nt", "act"]
  },
  {
    "id": "w80434-9310072031514",
    "store": "woolworths",
    "name": "Arnott's Tim Tam Crafted Collection Murray River Salted Caramel",
    "brand": "Arnott's",
    "price": 1.82,
    "orgPrice": 3.65,
    "categoryIds": ["pantry"],
    "imagePath": "https://cdn0.woolworths.media/content/wowproductimages/large/080434.jpg",
    "cupPrice": "$1.04 / 100g",
    "unit": "each",
    "packageSize": "160g",
    "barcode": ["9310072031514"],
    "isAvailable": true,
    "locations": ["vic", "nsw", "qld", "wa", "sa", "tas", "nt", "act"]
  },
  {
    "id": "w80399-9310072031545",
    "store": "woolworths",
    "name": "Arnott's Tim Tam Crafted Gisborne Orange & Dark Chocolate",
    "brand": "Arnott's",
    "price": 1.82,
    "orgPrice": 3.65,
    "categoryIds": ["pantry"],
    "imagePath": "https://cdn0.woolworths.media/content/wowproductimages/large/080399.jpg",
    "cupPrice": "$1.14 / 100g",
    "unit": "each",
    "packageSize": "160g",
    "barcode": ["9310072031545"],
    "isAvailable": true,
    "locations": ["vic", "nsw", "qld", "wa", "sa", "tas", "nt", "act"]
  },
  {
    "id": "w80435-9310072031521",
    "store": "woolworths",
    "name": "Arnott's Tim Tam Crafted Sunshine Coast Strawberries & Cream",
    "brand": "Arnott's",
    "price": 1.82,
    "orgPrice": 3.65,
    "categoryIds": ["pantry"],
    "imagePath": "https://cdn0.woolworths.media/content/wowproductimages/large/080435.jpg",
    "cupPrice": "$1.14 / 100g",
    "unit": "each",
    "packageSize": "160g",
    "barcode": ["9310072031521"],
    "isAvailable": true,
    "locations": ["vic", "nsw", "qld", "wa", "sa", "tas", "nt", "act"]
  },
  {
    "id": "w37259-9352744000220",
    "store": "woolworths",
    "name": "Australian Organic Food Co Fruit Puree Apple & Strawberry ",
    "brand": "Australian Organic Food Co",
    "price": 1.45,
    "orgPrice": 2.9,
    "categoryIds": ["pantry"],
    "imagePath": "https://cdn0.woolworths.media/content/wowproductimages/large/037259.jpg",
    "cupPrice": "$12.08 / 1kg",
    "unit": "each",
    "packageSize": "120g",
    "barcode": ["9352744000220"],
    "isAvailable": true,
    "locations": ["vic", "nsw", "qld", "wa", "sa", "tas", "nt", "act"]
  },
  {
    "id": "w37273-9352744000237",
    "store": "woolworths",
    "name": "Australian Organic Food Co Fruit Puree Apple & Watermelon ",
    "brand": "Australian Organic Food Co",
    "price": 1.45,
    "orgPrice": 2.9,
    "categoryIds": ["pantry"],
    "imagePath": "https://cdn0.woolworths.media/content/wowproductimages/large/037273.jpg",
    "cupPrice": "$12.08 / 1kg",
    "unit": "each",
    "packageSize": "120g",
    "barcode": ["9352744000237"],
    "isAvailable": true,
    "locations": ["vic", "nsw", "qld", "wa", "sa", "tas", "nt", "act"]
  },
  {
    "id": "w37281-9352744000251",
    "store": "woolworths",
    "name": "Australian Organic Food Co Fruit Puree Apple Plum Apricot & Peach",
    "brand": "Australian Organic Food Co",
    "price": 1.45,
    "orgPrice": 2.9,
    "categoryIds": ["pantry"],
    "imagePath": "https://cdn0.woolworths.media/content/wowproductimages/large/037281.jpg",
    "cupPrice": "$12.08 / 1kg",
    "unit": "each",
    "packageSize": "120g",
    "barcode": ["9352744000251"],
    "isAvailable": true,
    "locations": ["vic", "nsw", "qld", "wa", "sa", "tas", "nt", "act"]
  },
  {
    "id": "w37941-9352744000244",
    "store": "woolworths",
    "name": "Australian Organic Food Co Fruit Puree Pear Peach Nectarine",
    "brand": "Australian Organic Food Co",
    "price": 1.45,
    "orgPrice": 2.9,
    "categoryIds": ["pantry"],
    "imagePath": "https://cdn0.woolworths.media/content/wowproductimages/large/037941.jpg",
    "cupPrice": "$12.08 / 1kg",
    "unit": "each",
    "packageSize": "120g",
    "barcode": ["9352744000244"],
    "isAvailable": true,
    "locations": ["vic", "nsw", "qld", "wa", "sa", "tas", "nt", "act"]
  },
  {
    "id": "w751153-9352042001776",
    "store": "woolworths",
    "name": "Bega Dark Roast Crunchy Peanut Butter",
    "brand": "Bega",
    "price": 2.85,
    "orgPrice": 5.7,
    "categoryIds": ["pantry"],
    "imagePath": "https://cdn0.woolworths.media/content/wowproductimages/large/751153.jpg",
    "cupPrice": "$0.61 / 100g",
    "unit": "each",
    "packageSize": "470g",
    "barcode": ["9352042001776"],
    "isAvailable": true,
    "locations": ["vic", "nsw", "qld", "wa", "sa", "tas", "nt", "act"]
  },
  {
    "id": "w751160-9352042001769",
    "store": "woolworths",
    "name": "Bega Dark Roast Smooth Peanut Butter",
    "brand": "Bega",
    "price": 2.85,
    "orgPrice": 5.7,
    "categoryIds": ["pantry"],
    "imagePath": "https://cdn0.woolworths.media/content/wowproductimages/large/751160.jpg",
    "cupPrice": "$0.61 / 100g",
    "unit": "each",
    "packageSize": "470g",
    "barcode": ["9352042001769"],
    "isAvailable": true,
    "locations": ["vic", "nsw", "qld", "wa", "sa", "tas", "nt", "act"]
  },
  {
    "id": "w98047-9352042002834",
    "store": "woolworths",
    "name": "Bega Light Peanut Butter Smooth ",
    "brand": "Bega",
    "price": 2.85,
    "orgPrice": 5.7,
    "categoryIds": ["pantry"],
    "imagePath": "https://cdn0.woolworths.media/content/wowproductimages/large/098047.jpg",
    "cupPrice": "$0.61 / 100g",
    "unit": "each",
    "packageSize": "470g",
    "barcode": ["9352042002834"],
    "isAvailable": true,
    "locations": ["vic", "nsw", "qld", "wa", "sa", "tas", "nt", "act"]
  },
  {
    "id": "w98048-9352042002841",
    "store": "woolworths",
    "name": "Bega Light Peanut Spread Crunchy ",
    "brand": "Bega",
    "price": 2.85,
    "orgPrice": 5.7,
    "categoryIds": ["pantry"],
    "imagePath": "https://cdn0.woolworths.media/content/wowproductimages/large/098048.jpg",
    "cupPrice": "$0.61 / 100g",
    "unit": "each",
    "packageSize": "470g",
    "barcode": ["9352042002841"],
    "isAvailable": true,
    "locations": ["vic", "nsw", "qld", "wa", "sa", "tas", "nt", "act"]
  },
  {
    "id": "w506995-9300650024779",
    "store": "woolworths",
    "name": "Bega Peanut Butter Super Crunchy",
    "brand": "Bega",
    "price": 2.85,
    "orgPrice": 5.7,
    "categoryIds": ["pantry"],
    "imagePath": "https://cdn0.woolworths.media/content/wowproductimages/large/506995.jpg",
    "cupPrice": "$0.61 / 100g",
    "unit": "each",
    "packageSize": "470g",
    "barcode": ["9300650024779"],
    "isAvailable": true,
    "locations": ["vic", "nsw", "qld", "wa", "sa", "tas", "nt", "act"]
  },
  {
    "id": "w98049-9352042002827",
    "store": "woolworths",
    "name": "Bega Peanut Butter Crunchy ",
    "brand": "Bega",
    "price": 2.85,
    "orgPrice": 5.7,
    "categoryIds": ["pantry"],
    "imagePath": "https://cdn0.woolworths.media/content/wowproductimages/large/098049.jpg",
    "cupPrice": "$0.61 / 100g",
    "unit": "each",
    "packageSize": "470g",
    "barcode": ["9352042002827"],
    "isAvailable": true,
    "locations": ["vic", "nsw", "qld", "wa", "sa", "tas", "nt", "act"]
  },
  {
    "id": "w98046-9352042002810",
    "store": "woolworths",
    "name": "Bega Peanut Butter Smooth ",
    "brand": "Bega",
    "price": 2.85,
    "orgPrice": 5.7,
    "categoryIds": ["pantry"],
    "imagePath": "https://cdn0.woolworths.media/content/wowproductimages/large/098046.jpg",
    "cupPrice": "$0.61 / 100g",
    "unit": "each",
    "packageSize": "470g",
    "barcode": ["9352042002810"],
    "isAvailable": true,
    "locations": ["vic", "nsw", "qld", "wa", "sa", "tas", "nt", "act"]
  },
  {
    "id": "w25975-9310034001340",
    "store": "woolworths",
    "name": "Cadbury Biscuit Bar Chocolate ",
    "brand": "Cadbury",
    "price": 2,
    "orgPrice": 4,
    "categoryIds": ["pantry"],
    "imagePath": "https://cdn0.woolworths.media/content/wowproductimages/large/025975.jpg",
    "cupPrice": "$1.54 / 100g",
    "unit": "each",
    "packageSize": "130g",
    "barcode": ["9310034001340"],
    "isAvailable": true,
    "locations": ["vic", "nsw", "qld", "wa", "sa", "tas", "nt", "act"]
  },
  {
    "id": "w225067-9300617302834",
    "store": "woolworths",
    "name": "Cadbury Boost ",
    "brand": "Cadbury",
    "price": 1,
    "orgPrice": 2,
    "categoryIds": ["pantry"],
    "imagePath": "https://cdn0.woolworths.media/content/wowproductimages/large/225067.jpg",
    "cupPrice": "$1.67 / 100g",
    "unit": "each",
    "packageSize": "60g bar",
    "barcode": ["9300617302834"],
    "isAvailable": true,
    "locations": ["vic", "nsw", "qld", "wa", "sa", "tas", "nt", "act"]
  },
  {
    "id": "w320108-9300617408741",
    "store": "woolworths",
    "name": "Cadbury Cherry Ripe ",
    "brand": "Cadbury",
    "price": 1,
    "orgPrice": 2,
    "categoryIds": ["pantry"],
    "imagePath": "https://cdn0.woolworths.media/content/wowproductimages/large/320108.jpg",
    "cupPrice": "$1.92 / 100g",
    "unit": "each",
    "packageSize": "52g bar",
    "barcode": ["9300617408741"],
    "isAvailable": true,
    "locations": ["vic", "nsw", "qld", "wa", "sa", "tas", "nt", "act"]
  },
  {
    "id": "w843820-9300617045182",
    "store": "woolworths",
    "name": "Cadbury Cherry Ripe Double Dipped",
    "brand": "Cadbury",
    "price": 1,
    "orgPrice": 2,
    "categoryIds": ["pantry"],
    "imagePath": "https://cdn0.woolworths.media/content/wowproductimages/large/843820.jpg",
    "cupPrice": "$2.13 / 100g",
    "unit": "each",
    "packageSize": "47g bar",
    "barcode": ["9300617045182"],
    "isAvailable": true,
    "locations": ["vic", "nsw", "qld", "wa", "sa", "tas", "nt", "act"]
  },
  {
    "id": "w98368-9300617322863",
    "store": "woolworths",
    "name": "Cadbury Crunchie ",
    "brand": "Cadbury",
    "price": 1,
    "orgPrice": 2,
    "categoryIds": ["pantry"],
    "imagePath": "https://cdn0.woolworths.media/content/wowproductimages/large/098368.jpg",
    "cupPrice": "$2.00 / 100g",
    "unit": "each",
    "packageSize": "50g bar",
    "barcode": ["9300617322863"],
    "isAvailable": true,
    "locations": ["vic", "nsw", "qld", "wa", "sa", "tas", "nt", "act"]
  },
  {
    "id": "w8877-9300617041962",
    "store": "woolworths",
    "name": "Cadbury Dairy Milk Chocolate Caramello",
    "brand": "Cadbury",
    "price": 1,
    "orgPrice": 2,
    "categoryIds": ["pantry"],
    "imagePath": "https://cdn0.woolworths.media/content/wowproductimages/large/008877.jpg",
    "cupPrice": "$1.82 / 100g",
    "unit": "each",
    "packageSize": "55g bar",
    "barcode": ["9300617041962"],
    "isAvailable": true,
    "locations": ["vic", "nsw", "qld", "wa", "sa", "tas", "nt", "act"]
  },
  {
    "id": "w328896-9300617043089",
    "store": "woolworths",
    "name": "Cadbury Dairy Milk Chocolate Fruit & Nut",
    "brand": "Cadbury",
    "price": 1,
    "orgPrice": 2,
    "categoryIds": ["pantry"],
    "imagePath": "https://cdn0.woolworths.media/content/wowproductimages/large/328896.jpg",
    "cupPrice": "$2.00 / 100g",
    "unit": "each",
    "packageSize": "50g bar",
    "barcode": ["9300617043089"],
    "isAvailable": true,
    "locations": ["vic", "nsw", "qld", "wa", "sa", "tas", "nt", "act"]
  },
  {
    "id": "w8874-9300617042068",
    "store": "woolworths",
    "name": "Cadbury Dairy Milk Chocolate Hazelnut",
    "brand": "Cadbury",
    "price": 1,
    "orgPrice": 2,
    "categoryIds": ["pantry"],
    "imagePath": "https://cdn0.woolworths.media/content/wowproductimages/large/008874.jpg",
    "cupPrice": "$1.82 / 100g",
    "unit": "each",
    "packageSize": "55g bar",
    "barcode": ["9300617042068"],
    "isAvailable": true,
    "locations": ["vic", "nsw", "qld", "wa", "sa", "tas", "nt", "act"]
  },
  {
    "id": "w3158-9300617320319",
    "store": "woolworths",
    "name": "Cadbury Dairy Milk Chocolate ",
    "brand": "Cadbury",
    "price": 1,
    "orgPrice": 2,
    "categoryIds": ["pantry"],
    "imagePath": "https://cdn0.woolworths.media/content/wowproductimages/large/003158.jpg",
    "cupPrice": "$1.82 / 100g",
    "unit": "each",
    "packageSize": "55g roll",
    "barcode": ["9300617320319"],
    "isAvailable": true,
    "locations": ["vic", "nsw", "qld", "wa", "sa", "tas", "nt", "act"]
  },
  {
    "id": "w320105-9300617042310",
    "store": "woolworths",
    "name": "Cadbury Dairy Milk Chocolate ",
    "brand": "Cadbury",
    "price": 1,
    "orgPrice": 2,
    "categoryIds": ["pantry"],
    "imagePath": "https://cdn0.woolworths.media/content/wowproductimages/large/320105.jpg",
    "cupPrice": "$2.00 / 100g",
    "unit": "each",
    "packageSize": "50g bar",
    "barcode": ["9300617042310"],
    "isAvailable": true,
    "locations": ["vic", "nsw", "qld", "wa", "sa", "tas", "nt", "act"]
  },
  {
    "id": "w701666-9300617070146",
    "store": "woolworths",
    "name": "Cadbury Dairy Milk Freddo Milky Top Bar",
    "brand": "Cadbury",
    "price": 1,
    "orgPrice": 2,
    "categoryIds": ["pantry"],
    "imagePath": "https://cdn0.woolworths.media/content/wowproductimages/large/701666.jpg",
    "cupPrice": "$2.22 / 100g",
    "unit": "each",
    "packageSize": "45g",
    "barcode": ["9300617070146"],
    "isAvailable": true,
    "locations": ["vic", "nsw", "qld", "wa", "sa", "tas", "nt", "act"]
  },
  {
    "id": "w85094-9300617289432",
    "store": "woolworths",
    "name": "Cadbury Dairy Milk Marble Chocolate Bar",
    "brand": "Cadbury",
    "price": 1,
    "orgPrice": 2,
    "categoryIds": ["pantry"],
    "imagePath": "https://cdn0.woolworths.media/content/wowproductimages/large/085094.jpg",
    "cupPrice": "$1.85 / 100g",
    "unit": "each",
    "packageSize": "54g",
    "barcode": ["9300617289432"],
    "isAvailable": true,
    "locations": ["vic", "nsw", "qld", "wa", "sa", "tas", "nt", "act"]
  },
  {
    "id": "w142709-9300617042266",
    "store": "woolworths",
    "name": "Cadbury Dream White Chocolate White Chocolate",
    "brand": "Cadbury",
    "price": 1,
    "orgPrice": 2,
    "categoryIds": ["pantry"],
    "imagePath": "https://cdn0.woolworths.media/content/wowproductimages/large/142709.jpg",
    "cupPrice": "$2.00 / 100g",
    "unit": "each",
    "packageSize": "50g bar",
    "barcode": ["9300617042266"],
    "isAvailable": true,
    "locations": ["vic", "nsw", "qld", "wa", "sa", "tas", "nt", "act"]
  },
  {
    "id": "w98372-93617406",
    "store": "woolworths",
    "name": "Cadbury Flake ",
    "brand": "Cadbury",
    "price": 1,
    "orgPrice": 2,
    "categoryIds": ["pantry"],
    "imagePath": "https://cdn0.woolworths.media/content/wowproductimages/large/098372.jpg",
    "cupPrice": "$3.33 / 100g",
    "unit": "each",
    "packageSize": "30g bar",
    "barcode": ["93617406"],
    "isAvailable": true,
    "locations": ["vic", "nsw", "qld", "wa", "sa", "tas", "nt", "act"]
  },
  {
    "id": "w98390-9300617320289",
    "store": "woolworths",
    "name": "Cadbury Fry's Turkish Delight ",
    "brand": "Cadbury",
    "price": 1,
    "orgPrice": 2,
    "categoryIds": ["pantry"],
    "imagePath": "https://cdn0.woolworths.media/content/wowproductimages/large/098390.jpg",
    "cupPrice": "$1.82 / 100g",
    "unit": "each",
    "packageSize": "55g bar",
    "barcode": ["9300617320289"],
    "isAvailable": true,
    "locations": ["vic", "nsw", "qld", "wa", "sa", "tas", "nt", "act"]
  },
  {
    "id": "w65271-9300617067160",
    "store": "woolworths",
    "name": "Cadbury Peppermint Bar ",
    "brand": "Cadbury",
    "price": 1,
    "orgPrice": 2,
    "categoryIds": ["pantry"],
    "imagePath": "https://cdn0.woolworths.media/content/wowproductimages/large/065271.jpg",
    "cupPrice": "$1.82 / 100g",
    "unit": "each",
    "packageSize": "55g",
    "barcode": ["9300617067160"],
    "isAvailable": true,
    "locations": ["vic", "nsw", "qld", "wa", "sa", "tas", "nt", "act"]
  },
  {
    "id": "w320106-9300617408642",
    "store": "woolworths",
    "name": "Cadbury Picnic ",
    "brand": "Cadbury",
    "price": 1,
    "orgPrice": 2,
    "categoryIds": ["pantry"],
    "imagePath": "https://cdn0.woolworths.media/content/wowproductimages/large/320106.jpg",
    "cupPrice": "$2.17 / 100g",
    "unit": "each",
    "packageSize": "46g bar",
    "barcode": ["9300617408642"],
    "isAvailable": true,
    "locations": ["vic", "nsw", "qld", "wa", "sa", "tas", "nt", "act"]
  },
  {
    "id": "w87855-9300617325079",
    "store": "woolworths",
    "name": "Cadbury Time Out ",
    "brand": "Cadbury",
    "price": 1,
    "orgPrice": 2,
    "categoryIds": ["pantry"],
    "imagePath": "https://cdn0.woolworths.media/content/wowproductimages/large/087855.jpg",
    "cupPrice": "$2.50 / 100g",
    "unit": "each",
    "packageSize": "40g bar",
    "barcode": ["9300617325079"],
    "isAvailable": true,
    "locations": ["vic", "nsw", "qld", "wa", "sa", "tas", "nt", "act"]
  },
  {
    "id": "w320104-9300617408710",
    "store": "woolworths",
    "name": "Cadbury Twirl ",
    "brand": "Cadbury",
    "price": 1,
    "orgPrice": 2,
    "categoryIds": ["pantry"],
    "imagePath": "https://cdn0.woolworths.media/content/wowproductimages/large/320104.jpg",
    "cupPrice": "$2.56 / 100g",
    "unit": "each",
    "packageSize": "39g bar",
    "barcode": ["9300617408710"],
    "isAvailable": true,
    "locations": ["vic", "nsw", "qld", "wa", "sa", "tas", "nt", "act"]
  },
  {
    "id": "w65270-9300617288084",
    "store": "woolworths",
    "name": "Cadbury Twirl Caramilk ",
    "brand": "Cadbury",
    "price": 1,
    "orgPrice": 2,
    "categoryIds": ["pantry"],
    "imagePath": "https://cdn0.woolworths.media/content/wowproductimages/large/065270.jpg",
    "cupPrice": "$2.56 / 100g",
    "unit": "each",
    "packageSize": "39g",
    "barcode": ["9300617288084"],
    "isAvailable": true,
    "locations": ["vic", "nsw", "qld", "wa", "sa", "tas", "nt", "act"]
  },
  {
    "id": "w451725-9300830037704",
    "store": "woolworths",
    "name": "Continental Pasta Bacon & Parmesan Boscaiola",
    "brand": "Continental",
    "price": 1.36,
    "orgPrice": 2.75,
    "categoryIds": ["pantry"],
    "imagePath": "https://cdn0.woolworths.media/content/wowproductimages/large/451725.jpg",
    "cupPrice": "$1.42 / 100g",
    "unit": "each",
    "packageSize": "96g",
    "barcode": ["9300830037704"],
    "isAvailable": true,
    "locations": ["vic", "nsw", "qld", "wa", "sa", "tas", "nt", "act"]
  },
  {
    "id": "w840892-9300830023905",
    "store": "woolworths",
    "name": "Continental Pasta Chicken Pesto & Spring Onion",
    "brand": "Continental",
    "price": 1.36,
    "orgPrice": 2.75,
    "categoryIds": ["pantry"],
    "imagePath": "https://cdn0.woolworths.media/content/wowproductimages/large/840892.jpg",
    "cupPrice": "$1.48 / 100g",
    "unit": "each",
    "packageSize": "102g",
    "barcode": ["9300830023905"],
    "isAvailable": true,
    "locations": ["vic", "nsw", "qld", "wa", "sa", "tas", "nt", "act"]
  },
  {
    "id": "w840898-9300830023929",
    "store": "woolworths",
    "name": "Continental Pasta Creamy Tomato Parmesan & Basil",
    "brand": "Continental",
    "price": 1.36,
    "orgPrice": 2.75,
    "categoryIds": ["pantry"],
    "imagePath": "https://cdn0.woolworths.media/content/wowproductimages/large/840898.jpg",
    "cupPrice": "$1.39 / 100g",
    "unit": "each",
    "packageSize": "98g",
    "barcode": ["9300830023929"],
    "isAvailable": true,
    "locations": ["vic", "nsw", "qld", "wa", "sa", "tas", "nt", "act"]
  },
  {
    "id": "w840899-9300830023943",
    "store": "woolworths",
    "name": "Continental Pasta Spinach Parmesan & Bacon",
    "brand": "Continental",
    "price": 1.36,
    "orgPrice": 2.75,
    "categoryIds": ["pantry"],
    "imagePath": "https://cdn0.woolworths.media/content/wowproductimages/large/840899.jpg",
    "cupPrice": "$1.49 / 100g",
    "unit": "each",
    "packageSize": "97g",
    "barcode": ["9300830023943"],
    "isAvailable": true,
    "locations": ["vic", "nsw", "qld", "wa", "sa", "tas", "nt", "act"]
  },
  {
    "id": "w456372-9300830037667",
    "store": "woolworths",
    "name": "Continental Pumpkin Risotto Bacon & Sour Cream",
    "brand": "Continental",
    "price": 1.36,
    "orgPrice": 2.75,
    "categoryIds": ["pantry"],
    "imagePath": "https://cdn0.woolworths.media/content/wowproductimages/large/456372.jpg",
    "cupPrice": "$1.18 / 100g",
    "unit": "each",
    "packageSize": "115g",
    "barcode": ["9300830037667"],
    "isAvailable": true,
    "locations": ["vic", "nsw", "qld", "wa", "sa", "tas", "nt", "act"]
  },
  {
    "id": "w611541-9300830040186",
    "store": "woolworths",
    "name": "Continental Rice Spinach Ricotta Parmesan",
    "brand": "Continental",
    "price": 1.36,
    "orgPrice": 2.75,
    "categoryIds": ["pantry"],
    "imagePath": "https://cdn0.woolworths.media/content/wowproductimages/large/611541.jpg",
    "cupPrice": "$1.30 / 100g",
    "unit": "each",
    "packageSize": "105g",
    "barcode": ["9300830040186"],
    "isAvailable": true,
    "locations": ["vic", "nsw", "qld", "wa", "sa", "tas", "nt", "act"]
  },
  {
    "id": "w840885-9300830023974",
    "store": "woolworths",
    "name": "Continental Rice Thai Coconut & Lemon Grass",
    "brand": "Continental",
    "price": 1.36,
    "orgPrice": 2.75,
    "categoryIds": ["pantry"],
    "imagePath": "https://cdn0.woolworths.media/content/wowproductimages/large/840885.jpg",
    "cupPrice": "$1.18 / 100g",
    "unit": "each",
    "packageSize": "115g",
    "barcode": ["9300830023974"],
    "isAvailable": true,
    "locations": ["vic", "nsw", "qld", "wa", "sa", "tas", "nt", "act"]
  },
  {
    "id": "w82711-9300830057597",
    "store": "woolworths",
    "name": "Continental Soup Sensations Cheesy Broccoli & Potato",
    "brand": "Continental",
    "price": 1.25,
    "orgPrice": 2.5,
    "categoryIds": ["pantry"],
    "imagePath": "https://cdn0.woolworths.media/content/wowproductimages/large/082711.jpg",
    "cupPrice": "$2.23 / 100g",
    "unit": "each",
    "packageSize": "56g",
    "barcode": ["9300830057597"],
    "isAvailable": true,
    "locations": ["vic", "nsw", "qld", "wa", "sa", "tas", "nt", "act"]
  },
  {
    "id": "w82796-9300830057573",
    "store": "woolworths",
    "name": "Continental Soup Sensations Creamy Roast Chicken & Spring Onion",
    "brand": "Continental",
    "price": 1.25,
    "orgPrice": 2.5,
    "categoryIds": ["pantry"],
    "imagePath": "https://cdn0.woolworths.media/content/wowproductimages/large/082796.jpg",
    "cupPrice": "$2.05 / 100g",
    "unit": "each",
    "packageSize": "61g",
    "barcode": ["9300830057573"],
    "isAvailable": true,
    "locations": ["vic", "nsw", "qld", "wa", "sa", "tas", "nt", "act"]
  },
  {
    "id": "w82417-9300830057542",
    "store": "woolworths",
    "name": "Continental Soup Sensations Farmhouse Potato & Leek",
    "brand": "Continental",
    "price": 1.25,
    "orgPrice": 2.5,
    "categoryIds": ["pantry"],
    "imagePath": "https://cdn0.woolworths.media/content/wowproductimages/large/082417.jpg",
    "cupPrice": "$2.08 / 100g",
    "unit": "each",
    "packageSize": "60g",
    "barcode": ["9300830057542"],
    "isAvailable": true,
    "locations": ["vic", "nsw", "qld", "wa", "sa", "tas", "nt", "act"]
  },
  {
    "id": "w80788-9300830057566",
    "store": "woolworths",
    "name": "Continental Soup Sensations Garden Cauliflower & Four Cheese",
    "brand": "Continental",
    "price": 1.25,
    "orgPrice": 2.5,
    "categoryIds": ["pantry"],
    "imagePath": "https://cdn0.woolworths.media/content/wowproductimages/large/080788.jpg",
    "cupPrice": "$2.02 / 100g",
    "unit": "each",
    "packageSize": "62g",
    "barcode": ["9300830057566"],
    "isAvailable": true,
    "locations": ["vic", "nsw", "qld", "wa", "sa", "tas", "nt", "act"]
  },
  {
    "id": "w82418-9300830057580",
    "store": "woolworths",
    "name": "Continental Soup Sensations Harvest Pumpkin & Sour Cream",
    "brand": "Continental",
    "price": 1.25,
    "orgPrice": 2.5,
    "categoryIds": ["pantry"],
    "imagePath": "https://cdn0.woolworths.media/content/wowproductimages/large/082418.jpg",
    "cupPrice": "$1.79 / 100g",
    "unit": "each",
    "packageSize": "70g",
    "barcode": ["9300830057580"],
    "isAvailable": true,
    "locations": ["vic", "nsw", "qld", "wa", "sa", "tas", "nt", "act"]
  },
  {
    "id": "w82828-9300830057504",
    "store": "woolworths",
    "name": "Continental Soup Sensations Moroccan Vegetable Medley",
    "brand": "Continental",
    "price": 1.25,
    "orgPrice": 2.5,
    "categoryIds": ["pantry"],
    "imagePath": "https://cdn0.woolworths.media/content/wowproductimages/large/082828.jpg",
    "cupPrice": "$1.84 / 100g",
    "unit": "each",
    "packageSize": "68g",
    "barcode": ["9300830057504"],
    "isAvailable": true,
    "locations": ["vic", "nsw", "qld", "wa", "sa", "tas", "nt", "act"]
  },
  {
    "id": "w81497-9300830057528",
    "store": "woolworths",
    "name": "Continental Soup Sensations Mushroom & Bacon",
    "brand": "Continental",
    "price": 1.25,
    "orgPrice": 2.5,
    "categoryIds": ["pantry"],
    "imagePath": "https://cdn0.woolworths.media/content/wowproductimages/large/081497.jpg",
    "cupPrice": "$2.60 / 100g",
    "unit": "each",
    "packageSize": "48g",
    "barcode": ["9300830057528"],
    "isAvailable": true,
    "locations": ["vic", "nsw", "qld", "wa", "sa", "tas", "nt", "act"]
  },
  {
    "id": "w81686-9300830057511",
    "store": "woolworths",
    "name": "Continental Soup Sensations Sweet Potato Pumpkin & Caramelised Onion",
    "brand": "Continental",
    "price": 1.25,
    "orgPrice": 2.5,
    "categoryIds": ["pantry"],
    "imagePath": "https://cdn0.woolworths.media/content/wowproductimages/large/081686.jpg",
    "cupPrice": "$1.98 / 100g",
    "unit": "each",
    "packageSize": "63g",
    "barcode": ["9300830057511"],
    "isAvailable": true,
    "locations": ["vic", "nsw", "qld", "wa", "sa", "tas", "nt", "act"]
  },
  {
    "id": "w80787-9300830057535",
    "store": "woolworths",
    "name": "Continental Soup Sensations Thai Pumpkin & Coconut",
    "brand": "Continental",
    "price": 1.25,
    "orgPrice": 2.5,
    "categoryIds": ["pantry"],
    "imagePath": "https://cdn0.woolworths.media/content/wowproductimages/large/080787.jpg",
    "cupPrice": "$2.02 / 100g",
    "unit": "each",
    "packageSize": "62g",
    "barcode": ["9300830057535"],
    "isAvailable": true,
    "locations": ["vic", "nsw", "qld", "wa", "sa", "tas", "nt", "act"]
  },
  {
    "id": "w82852-9300830057559",
    "store": "woolworths",
    "name": "Continental Soup Sensations Vine Ripened Tomato & Ricotta",
    "brand": "Continental",
    "price": 1.25,
    "orgPrice": 2.5,
    "categoryIds": ["pantry"],
    "imagePath": "https://cdn0.woolworths.media/content/wowproductimages/large/082852.jpg",
    "cupPrice": "$2.31 / 100g",
    "unit": "each",
    "packageSize": "54g",
    "barcode": ["9300830057559"],
    "isAvailable": true,
    "locations": ["vic", "nsw", "qld", "wa", "sa", "tas", "nt", "act"]
  },
  {
    "id": "w840897-9300830024025",
    "store": "woolworths",
    "name": "Continental Side Dish Mushroom & Chive Risotto",
    "brand": "Continental",
    "price": 1.36,
    "orgPrice": 2.75,
    "categoryIds": ["pantry"],
    "imagePath": "https://cdn0.woolworths.media/content/wowproductimages/large/840897.jpg",
    "cupPrice": "$1.18 / 100g",
    "unit": "each",
    "packageSize": "115g",
    "barcode": ["9300830024025"],
    "isAvailable": true,
    "locations": ["vic", "nsw", "qld", "wa", "sa", "tas", "nt", "act"]
  },
  {
    "id": "w840886-9300830024018",
    "store": "woolworths",
    "name": "Continental Side Dish Roast Chicken & Leek Risotto",
    "brand": "Continental",
    "price": 1.36,
    "orgPrice": 2.75,
    "categoryIds": ["pantry"],
    "imagePath": "https://cdn0.woolworths.media/content/wowproductimages/large/840886.jpg",
    "cupPrice": "$1.18 / 100g",
    "unit": "each",
    "packageSize": "115g",
    "barcode": ["9300830024018"],
    "isAvailable": true,
    "locations": ["vic", "nsw", "qld", "wa", "sa", "tas", "nt", "act"]
  },
  {
    "id": "w840865-9300830023981",
    "store": "woolworths",
    "name": "Continental Side Dish Teriyaki & Garlic Rice",
    "brand": "Continental",
    "price": 1.36,
    "orgPrice": 2.75,
    "categoryIds": ["pantry"],
    "imagePath": "https://cdn0.woolworths.media/content/wowproductimages/large/840865.jpg",
    "cupPrice": "$1.18 / 100g",
    "unit": "each",
    "packageSize": "115g",
    "barcode": ["9300830023981"],
    "isAvailable": true,
    "locations": ["vic", "nsw", "qld", "wa", "sa", "tas", "nt", "act"]
  },
  {
    "id": "w804275-9310881910062",
    "store": "woolworths",
    "name": "Darrell Lea Allsorts Liquorice ",
    "brand": "Darrell Lea",
    "price": 2,
    "orgPrice": 4,
    "categoryIds": ["pantry"],
    "imagePath": "https://cdn0.woolworths.media/content/wowproductimages/large/804275.jpg",
    "cupPrice": "$0.74 / 100g",
    "unit": "each",
    "packageSize": "270g",
    "barcode": ["9310881910062"],
    "isAvailable": true,
    "locations": ["vic", "nsw", "qld", "wa", "sa", "tas", "nt", "act"]
  },
  {
    "id": "w815733-9310881910369",
    "store": "woolworths",
    "name": "Darrell Lea Batch 37 Liquorice ",
    "brand": "Darrell Lea",
    "price": 2,
    "orgPrice": 4,
    "categoryIds": ["pantry"],
    "imagePath": "https://cdn0.woolworths.media/content/wowproductimages/large/815733.jpg",
    "cupPrice": "$0.77 / 100g",
    "unit": "each",
    "packageSize": "260g",
    "barcode": ["9310881910369"],
    "isAvailable": true,
    "locations": ["vic", "nsw", "qld", "wa", "sa", "tas", "nt", "act"]
  },
  {
    "id": "w89610-9310881987910",
    "store": "woolworths",
    "name": "Darrell Lea Bear Hug Milk Chocolate Block ",
    "brand": "Darrell Lea",
    "price": 2.5,
    "orgPrice": 5,
    "categoryIds": ["pantry"],
    "imagePath": "https://cdn0.woolworths.media/content/wowproductimages/large/089610.jpg",
    "cupPrice": "$1.56 / 100g",
    "unit": "each",
    "packageSize": "160g",
    "barcode": ["9310881987910"],
    "isAvailable": true,
    "locations": ["vic", "nsw", "qld", "wa", "sa", "tas", "nt", "act"]
  },
  {
    "id": "w4572-9310881910963",
    "store": "woolworths",
    "name": "Darrell Lea Caramel Craving Block",
    "brand": "Darrell Lea",
    "price": 2.5,
    "orgPrice": 5,
    "categoryIds": ["pantry"],
    "imagePath": "https://cdn0.woolworths.media/content/wowproductimages/large/004572.jpg",
    "cupPrice": "$1.39 / 100g",
    "unit": "each",
    "packageSize": "180g",
    "barcode": ["9310881910963"],
    "isAvailable": true,
    "locations": ["vic", "nsw", "qld", "wa", "sa", "tas", "nt", "act"]
  },
  {
    "id": "w90346-9310881987873",
    "store": "woolworths",
    "name": "Darrell Lea Dark Chocolate Block ",
    "brand": "Darrell Lea",
    "price": 2.5,
    "orgPrice": 5,
    "categoryIds": ["pantry"],
    "imagePath": "https://cdn0.woolworths.media/content/wowproductimages/large/090346.jpg",
    "cupPrice": "$1.47 / 100g",
    "unit": "each",
    "packageSize": "170g",
    "barcode": ["9310881987873"],
    "isAvailable": true,
    "locations": ["vic", "nsw", "qld", "wa", "sa", "tas", "nt", "act"]
  },
  {
    "id": "w74733-9310881911601",
    "store": "woolworths",
    "name": "Darrell Lea Dark Liquorice Block ",
    "brand": "Darrell Lea",
    "price": 2.5,
    "orgPrice": 5,
    "categoryIds": ["pantry"],
    "imagePath": "https://cdn0.woolworths.media/content/wowproductimages/large/074733.jpg",
    "cupPrice": "$1.39 / 100g",
    "unit": "each",
    "packageSize": "180g",
    "barcode": ["9310881911601"],
    "isAvailable": true,
    "locations": ["vic", "nsw", "qld", "wa", "sa", "tas", "nt", "act"]
  },
  {
    "id": "w4706-9310881910970",
    "store": "woolworths",
    "name": "Darrell Lea Fruitier & Nuttier Block",
    "brand": "Darrell Lea",
    "price": 2.5,
    "orgPrice": 5,
    "categoryIds": ["pantry"],
    "imagePath": "https://cdn0.woolworths.media/content/wowproductimages/large/004706.jpg",
    "cupPrice": "$1.39 / 100g",
    "unit": "each",
    "packageSize": "180g",
    "barcode": ["9310881910970"],
    "isAvailable": true,
    "locations": ["vic", "nsw", "qld", "wa", "sa", "tas", "nt", "act"]
  },
  {
    "id": "w815732-9310881910437",
    "store": "woolworths",
    "name": "Darrell Lea Liqourice Twist Milk Chocolate Raspberry",
    "brand": "Darrell Lea",
    "price": 2,
    "orgPrice": 4,
    "categoryIds": ["pantry"],
    "imagePath": "https://cdn0.woolworths.media/content/wowproductimages/large/815732.jpg",
    "cupPrice": "$1.00 / 100g",
    "unit": "each",
    "packageSize": "200g",
    "barcode": ["9310881910437"],
    "isAvailable": true,
    "locations": ["vic", "nsw", "qld", "wa", "sa", "tas", "nt", "act"]
  },
  {
    "id": "w815735-9310881910383",
    "store": "woolworths",
    "name": "Darrell Lea Liquorice Twists ",
    "brand": "Darrell Lea",
    "price": 2,
    "orgPrice": 4,
    "categoryIds": ["pantry"],
    "imagePath": "https://cdn0.woolworths.media/content/wowproductimages/large/815735.jpg",
    "cupPrice": "$0.71 / 100g",
    "unit": "each",
    "packageSize": "280g",
    "barcode": ["9310881910383"],
    "isAvailable": true,
    "locations": ["vic", "nsw", "qld", "wa", "sa", "tas", "nt", "act"]
  },
  {
    "id": "w90167-9310881987897",
    "store": "woolworths",
    "name": "Darrell Lea Malted Milk Bar Milk Chocolate",
    "brand": "Darrell Lea",
    "price": 2.5,
    "orgPrice": 5,
    "categoryIds": ["pantry"],
    "imagePath": "https://cdn0.woolworths.media/content/wowproductimages/large/090167.jpg",
    "cupPrice": "$1.56 / 100g",
    "unit": "each",
    "packageSize": "160g",
    "barcode": ["9310881987897"],
    "isAvailable": true,
    "locations": ["vic", "nsw", "qld", "wa", "sa", "tas", "nt", "act"]
  },
  {
    "id": "w86085-9310881911656",
    "store": "woolworths",
    "name": "Darrell Lea Mixed Flavour Liqourice ",
    "brand": "Darrell Lea",
    "price": 2,
    "orgPrice": 4,
    "categoryIds": ["pantry"],
    "imagePath": "https://cdn0.woolworths.media/content/wowproductimages/large/086085.jpg",
    "cupPrice": "$1.00 / 100g",
    "unit": "each",
    "packageSize": "200g",
    "barcode": ["9310881911656"],
    "isAvailable": true,
    "locations": ["vic", "nsw", "qld", "wa", "sa", "tas", "nt", "act"]
  },
  {
    "id": "w4565-9310881910949",
    "store": "woolworths",
    "name": "Darrell Lea Peanut Brittle Block",
    "brand": "Darrell Lea",
    "price": 2.5,
    "orgPrice": 5,
    "categoryIds": ["pantry"],
    "imagePath": "https://cdn0.woolworths.media/content/wowproductimages/large/004565.jpg",
    "cupPrice": "$1.39 / 100g",
    "unit": "each",
    "packageSize": "180g",
    "barcode": ["9310881910949"],
    "isAvailable": true,
    "locations": ["vic", "nsw", "qld", "wa", "sa", "tas", "nt", "act"]
  },
  {
    "id": "w4704-9310881910956",
    "store": "woolworths",
    "name": "Darrell Lea Peppermint Party Time Block",
    "brand": "Darrell Lea",
    "price": 2.5,
    "orgPrice": 5,
    "categoryIds": ["pantry"],
    "imagePath": "https://cdn0.woolworths.media/content/wowproductimages/large/004704.jpg",
    "cupPrice": "$1.39 / 100g",
    "unit": "each",
    "packageSize": "180g",
    "barcode": ["9310881910956"],
    "isAvailable": true,
    "locations": ["vic", "nsw", "qld", "wa", "sa", "tas", "nt", "act"]
  },
  {
    "id": "w62550-9310881911571",
    "store": "woolworths",
    "name": "Darrell Lea Raspberry Liquorice Block Milk Chocolate Block",
    "brand": "Darrell Lea",
    "price": 2.5,
    "orgPrice": 5,
    "categoryIds": ["pantry"],
    "imagePath": "https://cdn0.woolworths.media/content/wowproductimages/large/062550.jpg",
    "cupPrice": "$1.39 / 100g",
    "unit": "each",
    "packageSize": "180g",
    "barcode": ["9310881911571"],
    "isAvailable": true,
    "locations": ["vic", "nsw", "qld", "wa", "sa", "tas", "nt", "act"]
  },
  {
    "id": "w4559-9310881911069",
    "store": "woolworths",
    "name": "Darrell Lea Rocklea Road Block",
    "brand": "Darrell Lea",
    "price": 2.5,
    "orgPrice": 5,
    "categoryIds": ["pantry"],
    "imagePath": "https://cdn0.woolworths.media/content/wowproductimages/large/004559.jpg",
    "cupPrice": "$1.39 / 100g",
    "unit": "each",
    "packageSize": "180g",
    "barcode": ["9310881911069"],
    "isAvailable": true,
    "locations": ["vic", "nsw", "qld", "wa", "sa", "tas", "nt", "act"]
  },
  {
    "id": "w4712-9310881910932",
    "store": "woolworths",
    "name": "Darrell Lea Traditional Liquorice Block",
    "brand": "Darrell Lea",
    "price": 2.5,
    "orgPrice": 5,
    "categoryIds": ["pantry"],
    "imagePath": "https://cdn0.woolworths.media/content/wowproductimages/large/004712.jpg",
    "cupPrice": "$1.39 / 100g",
    "unit": "each",
    "packageSize": "180g",
    "barcode": ["9310881910932"],
    "isAvailable": true,
    "locations": ["vic", "nsw", "qld", "wa", "sa", "tas", "nt", "act"]
  },
  {
    "id": "w90066-9310881987866",
    "store": "woolworths",
    "name": "Darrell Lea Traditional Milk Chocolate Block",
    "brand": "Darrell Lea",
    "price": 2.5,
    "orgPrice": 5,
    "categoryIds": ["pantry"],
    "imagePath": "https://cdn0.woolworths.media/content/wowproductimages/large/090066.jpg",
    "cupPrice": "$1.47 / 100g",
    "unit": "each",
    "packageSize": "170g",
    "barcode": ["9310881987866"],
    "isAvailable": true,
    "locations": ["vic", "nsw", "qld", "wa", "sa", "tas", "nt", "act"]
  },
  {
    "id": "w815731-9310881910406",
    "store": "woolworths",
    "name": "Darrell Lea Twists Dark Chocolate Liquorice",
    "brand": "Darrell Lea",
    "price": 2,
    "orgPrice": 4,
    "categoryIds": ["pantry"],
    "imagePath": "https://cdn0.woolworths.media/content/wowproductimages/large/815731.jpg",
    "cupPrice": "$1.00 / 100g",
    "unit": "each",
    "packageSize": "200g",
    "barcode": ["9310881910406"],
    "isAvailable": true,
    "locations": ["vic", "nsw", "qld", "wa", "sa", "tas", "nt", "act"]
  },
  {
    "id": "w815736-9310881910390",
    "store": "woolworths",
    "name": "Darrell Lea Twists Raspberry Liquorice",
    "brand": "Darrell Lea",
    "price": 2,
    "orgPrice": 4,
    "categoryIds": ["pantry"],
    "imagePath": "https://cdn0.woolworths.media/content/wowproductimages/large/815736.jpg",
    "cupPrice": "$0.71 / 100g",
    "unit": "each",
    "packageSize": "280g",
    "barcode": ["9310881910390"],
    "isAvailable": true,
    "locations": ["vic", "nsw", "qld", "wa", "sa", "tas", "nt", "act"]
  },
  {
    "id": "w683792-38900092627",
    "store": "woolworths",
    "name": "Dole Tropical Fruit Chunks In Juice",
    "brand": "Dole",
    "price": 1.5,
    "orgPrice": 3,
    "categoryIds": ["pantry"],
    "imagePath": "https://cdn0.woolworths.media/content/wowproductimages/large/683792.jpg",
    "cupPrice": "$0.38 / 100g",
    "unit": "each",
    "packageSize": "400g",
    "barcode": ["38900092627"],
    "isAvailable": true,
    "locations": ["vic", "nsw", "qld", "wa", "sa", "tas", "nt", "act"]
  },
  {
    "id": "w683968-38900092795",
    "store": "woolworths",
    "name": "Dole Tropical Gold Pineapple Chunks In Juice",
    "brand": "Dole",
    "price": 1.5,
    "orgPrice": 3,
    "categoryIds": ["pantry"],
    "imagePath": "https://cdn0.woolworths.media/content/wowproductimages/large/683968.jpg",
    "cupPrice": "$0.38 / 100g",
    "unit": "each",
    "packageSize": "400g",
    "barcode": ["38900092795"],
    "isAvailable": true,
    "locations": ["vic", "nsw", "qld", "wa", "sa", "tas", "nt", "act"]
  },
  {
    "id": "w683794-38900092856",
    "store": "woolworths",
    "name": "Dole Tropical Gold Pineapple Pieces In Juice",
    "brand": "Dole",
    "price": 1.5,
    "orgPrice": 3,
    "categoryIds": ["pantry"],
    "imagePath": "https://cdn0.woolworths.media/content/wowproductimages/large/683794.jpg",
    "cupPrice": "$0.38 / 100g",
    "unit": "each",
    "packageSize": "400g",
    "barcode": ["38900092856"],
    "isAvailable": true,
    "locations": ["vic", "nsw", "qld", "wa", "sa", "tas", "nt", "act"]
  },
  {
    "id": "w320102-9300617408963",
    "store": "woolworths",
    "name": "Europe Nougat Honey Log ",
    "brand": "Europe",
    "price": 1,
    "orgPrice": 2,
    "categoryIds": ["pantry"],
    "imagePath": "https://cdn0.woolworths.media/content/wowproductimages/large/320102.jpg",
    "cupPrice": "$2.50 / 100g",
    "unit": "each",
    "packageSize": "40g bar",
    "barcode": ["9300617408963"],
    "isAvailable": true,
    "locations": ["vic", "nsw", "qld", "wa", "sa", "tas", "nt", "act"]
  },
  {
    "id": "w320103-9300617408802",
    "store": "woolworths",
    "name": "Europe Summer Roll ",
    "brand": "Europe",
    "price": 1,
    "orgPrice": 2,
    "categoryIds": ["pantry"],
    "imagePath": "https://cdn0.woolworths.media/content/wowproductimages/large/320103.jpg",
    "cupPrice": "$2.50 / 100g",
    "unit": "each",
    "packageSize": "40g bar",
    "barcode": ["9300617408802"],
    "isAvailable": true,
    "locations": ["vic", "nsw", "qld", "wa", "sa", "tas", "nt", "act"]
  },
  {
    "id": "w85631-9315090211283",
    "store": "woolworths",
    "name": "Freedom Foods Arnold's Farm Almond Raspberry Porridge Sachets",
    "brand": "Freedom Foods",
    "price": 2.5,
    "orgPrice": 5,
    "categoryIds": ["pantry"],
    "imagePath": "https://cdn0.woolworths.media/content/wowproductimages/large/085631.jpg",
    "cupPrice": "$0.74 / 100g",
    "unit": "each",
    "packageSize": "8 pack",
    "barcode": ["9315090211283"],
    "isAvailable": true,
    "locations": ["vic", "nsw", "qld", "wa", "sa", "tas", "nt", "act"]
  },
  {
    "id": "w86521-9315090211290",
    "store": "woolworths",
    "name": "Freedom Foods Arnold's Farm Blueberry & Goji Berry Porridge Sachets",
    "brand": "Freedom Foods",
    "price": 2.5,
    "orgPrice": 5,
    "categoryIds": ["pantry"],
    "imagePath": "https://cdn0.woolworths.media/content/wowproductimages/large/086521.jpg",
    "cupPrice": "$0.74 / 100g",
    "unit": "each",
    "packageSize": "8 pack",
    "barcode": ["9315090211290"],
    "isAvailable": true,
    "locations": ["vic", "nsw", "qld", "wa", "sa", "tas", "nt", "act"]
  },
  {
    "id": "w86583-9315090211306",
    "store": "woolworths",
    "name": "Freedom Foods Arnold's Farm Honey Spice Porridge Sachets",
    "brand": "Freedom Foods",
    "price": 2.5,
    "orgPrice": 5,
    "categoryIds": ["pantry"],
    "imagePath": "https://cdn0.woolworths.media/content/wowproductimages/large/086583.jpg",
    "cupPrice": "$0.74 / 100g",
    "unit": "each",
    "packageSize": "8 pack",
    "barcode": ["9315090211306"],
    "isAvailable": true,
    "locations": ["vic", "nsw", "qld", "wa", "sa", "tas", "nt", "act"]
  },
  {
    "id": "w53375-9300617074755",
    "store": "woolworths",
    "name": "Green & Black's Dark Chocolate Crisps Raisin & Hazelnuts",
    "brand": "Green & Black's",
    "price": 2.75,
    "orgPrice": 5.5,
    "categoryIds": ["pantry"],
    "imagePath": "https://cdn0.woolworths.media/content/wowproductimages/large/053375.jpg",
    "cupPrice": "$2.29 / 100g",
    "unit": "each",
    "packageSize": "120g",
    "barcode": ["9300617074755"],
    "isAvailable": true,
    "locations": ["vic", "nsw", "qld", "wa", "sa", "tas", "nt", "act"]
  },
  {
    "id": "w53378-9300617074731",
    "store": "woolworths",
    "name": "Green & Black's Dark Chocolate Crisps Slated Caramel & Almonds",
    "brand": "Green & Black's",
    "price": 2.75,
    "orgPrice": 5.5,
    "categoryIds": ["pantry"],
    "imagePath": "https://cdn0.woolworths.media/content/wowproductimages/large/053378.jpg",
    "cupPrice": "$2.29 / 100g",
    "unit": "each",
    "packageSize": "120g",
    "barcode": ["9300617074731"],
    "isAvailable": true,
    "locations": ["vic", "nsw", "qld", "wa", "sa", "tas", "nt", "act"]
  },
  {
    "id": "w82416-9350007003353",
    "store": "woolworths",
    "name": "Hart & Soul Beef Bone Broth Soup ",
    "brand": "Hart & Soul",
    "price": 2,
    "orgPrice": 4,
    "categoryIds": ["pantry"],
    "imagePath": "https://cdn0.woolworths.media/content/wowproductimages/large/082416.jpg",
    "cupPrice": "$0.57 / 100g",
    "unit": "each",
    "packageSize": "350g",
    "barcode": ["9350007003353"],
    "isAvailable": true,
    "locations": ["vic", "nsw", "qld", "wa", "sa", "tas", "nt", "act"]
  },
  {
    "id": "w81271-9350007003360",
    "store": "woolworths",
    "name": "Hart & Soul Chicken Bone Broth Soup ",
    "brand": "Hart & Soul",
    "price": 2,
    "orgPrice": 4,
    "categoryIds": ["pantry"],
    "imagePath": "https://cdn0.woolworths.media/content/wowproductimages/large/081271.jpg",
    "cupPrice": "$0.57 / 100g",
    "unit": "each",
    "packageSize": "350g",
    "barcode": ["9350007003360"],
    "isAvailable": true,
    "locations": ["vic", "nsw", "qld", "wa", "sa", "tas", "nt", "act"]
  },
  {
    "id": "w82554-9350007003377",
    "store": "woolworths",
    "name": "Hart & Soul Vegetable Broth Soup ",
    "brand": "Hart & Soul",
    "price": 2,
    "orgPrice": 4,
    "categoryIds": ["pantry"],
    "imagePath": "https://cdn0.woolworths.media/content/wowproductimages/large/082554.jpg",
    "cupPrice": "$0.57 / 100g",
    "unit": "each",
    "packageSize": "350g",
    "barcode": ["9350007003377"],
    "isAvailable": true,
    "locations": ["vic", "nsw", "qld", "wa", "sa", "tas", "nt", "act"]
  },
  {
    "id": "w65220-9349809003098",
    "store": "woolworths",
    "name": "Health Lab Choc Caramel Collagen Protein Ball",
    "brand": "Health Lab",
    "price": 1.65,
    "orgPrice": 3.3,
    "categoryIds": ["pantry"],
    "imagePath": "https://cdn0.woolworths.media/content/wowproductimages/large/065220.jpg",
    "cupPrice": "$4.13 / 100g",
    "unit": "each",
    "packageSize": "40g",
    "barcode": ["9349809003098"],
    "isAvailable": true,
    "locations": ["vic", "nsw", "qld", "wa", "sa", "tas", "nt", "act"]
  },
  {
    "id": "w751140-9349809000578",
    "store": "woolworths",
    "name": "Health Lab Choc Matcha Probiotic Ball",
    "brand": "Health Lab",
    "price": 1.65,
    "orgPrice": 3.3,
    "categoryIds": ["pantry"],
    "imagePath": "https://cdn0.woolworths.media/content/wowproductimages/large/751140.jpg",
    "cupPrice": "$4.13 / 100g",
    "unit": "each",
    "packageSize": "40g",
    "barcode": ["9349809000578"],
    "isAvailable": true,
    "locations": ["vic", "nsw", "qld", "wa", "sa", "tas", "nt", "act"]
  },
  {
    "id": "w802989-9349809000998",
    "store": "woolworths",
    "name": "Health Lab Collagen Choc Cherry Ball",
    "brand": "Health Lab",
    "price": 1.65,
    "orgPrice": 3.3,
    "categoryIds": ["pantry"],
    "imagePath": "https://cdn0.woolworths.media/content/wowproductimages/large/802989.jpg",
    "cupPrice": "$4.13 / 100g",
    "unit": "each",
    "packageSize": "40g",
    "barcode": ["9349809000998"],
    "isAvailable": true,
    "locations": ["vic", "nsw", "qld", "wa", "sa", "tas", "nt", "act"]
  },
  {
    "id": "w802995-9349809001025",
    "store": "woolworths",
    "name": "Health Lab Collagen Choc Sea Salt Ball",
    "brand": "Health Lab",
    "price": 1.65,
    "orgPrice": 3.3,
    "categoryIds": ["pantry"],
    "imagePath": "https://cdn0.woolworths.media/content/wowproductimages/large/802995.jpg",
    "cupPrice": "$4.13 / 100g",
    "unit": "each",
    "packageSize": "40g",
    "barcode": ["9349809001025"],
    "isAvailable": true,
    "locations": ["vic", "nsw", "qld", "wa", "sa", "tas", "nt", "act"]
  },
  {
    "id": "w751155-9349809000561",
    "store": "woolworths",
    "name": "Health Lab Mixed Berry Probiotic Ball",
    "brand": "Health Lab",
    "price": 1.65,
    "orgPrice": 3.3,
    "categoryIds": ["pantry"],
    "imagePath": "https://cdn0.woolworths.media/content/wowproductimages/large/751155.jpg",
    "cupPrice": "$4.13 / 100g",
    "unit": "each",
    "packageSize": "40g",
    "barcode": ["9349809000561"],
    "isAvailable": true,
    "locations": ["vic", "nsw", "qld", "wa", "sa", "tas", "nt", "act"]
  },
  {
    "id": "w34331-9300657005009",
    "store": "woolworths",
    "name": "Heinz Canned Soup Big Red Tomato",
    "brand": "Heinz",
    "price": 1,
    "orgPrice": 2.2,
    "categoryIds": ["pantry"],
    "imagePath": "https://cdn0.woolworths.media/content/wowproductimages/large/034331.jpg",
    "cupPrice": "$0.24 / 100g",
    "unit": "each",
    "packageSize": "420g",
    "barcode": ["9300657005009"],
    "isAvailable": true,
    "locations": ["vic", "nsw", "qld", "wa", "sa", "tas", "nt", "act"]
  },
  {
    "id": "w79077-9300657006075",
    "store": "woolworths",
    "name": "Heinz Canned Soup Big Red Tomato Salt Reduced",
    "brand": "Heinz",
    "price": 1,
    "orgPrice": 2.2,
    "categoryIds": ["pantry"],
    "imagePath": "https://cdn0.woolworths.media/content/wowproductimages/large/079077.jpg",
    "cupPrice": "$0.24 / 100g",
    "unit": "each",
    "packageSize": "420g",
    "barcode": ["9300657006075"],
    "isAvailable": true,
    "locations": ["vic", "nsw", "qld", "wa", "sa", "tas", "nt", "act"]
  },
  {
    "id": "w66527-80052760",
    "store": "woolworths",
    "name": "Kinder Bueno Chocolate ",
    "brand": "Kinder",
    "price": 1,
    "orgPrice": 2,
    "categoryIds": ["pantry"],
    "imagePath": "https://cdn0.woolworths.media/content/wowproductimages/large/066527.jpg",
    "cupPrice": "$2.33 / 100g",
    "unit": "each",
    "packageSize": "43g bar",
    "barcode": ["80052760"],
    "isAvailable": true,
    "locations": ["vic", "nsw", "qld", "wa", "sa", "tas", "nt", "act"]
  },
  {
    "id": "w532344-93698108",
    "store": "woolworths",
    "name": "Kinder Bueno White ",
    "brand": "Kinder",
    "price": 1,
    "orgPrice": 2,
    "categoryIds": ["pantry"],
    "imagePath": "https://cdn0.woolworths.media/content/wowproductimages/large/532344.jpg",
    "cupPrice": "$2.56 / 100g",
    "unit": "each",
    "packageSize": "39g",
    "barcode": ["93698108"],
    "isAvailable": true,
    "locations": ["vic", "nsw", "qld", "wa", "sa", "tas", "nt", "act"]
  },
  {
    "id": "w60901-9310064005387",
    "store": "woolworths",
    "name": "Lucky Smart Snax Mind & Body Mix",
    "brand": "Lucky",
    "price": 2.5,
    "orgPrice": 5,
    "categoryIds": ["pantry"],
    "imagePath": "https://cdn0.woolworths.media/content/wowproductimages/large/060901.jpg",
    "cupPrice": "$17.86 / 1kg",
    "unit": "each",
    "packageSize": "140g",
    "barcode": ["9310064005387"],
    "isAvailable": true,
    "locations": ["vic", "nsw", "qld", "wa", "sa", "tas", "nt", "act"]
  },
  {
    "id": "w60713-9310064004892",
    "store": "woolworths",
    "name": "Lucky Smart Snax Natural Antioxidants Mix",
    "brand": "Lucky",
    "price": 2.5,
    "orgPrice": 5,
    "categoryIds": ["pantry"],
    "imagePath": "https://cdn0.woolworths.media/content/wowproductimages/large/060713.jpg",
    "cupPrice": "$17.86 / 1kg",
    "unit": "each",
    "packageSize": "140g",
    "barcode": ["9310064004892"],
    "isAvailable": true,
    "locations": ["vic", "nsw", "qld", "wa", "sa", "tas", "nt", "act"]
  },
  {
    "id": "w60912-9310064005431",
    "store": "woolworths",
    "name": "Lucky Smart Snax Protein Mix ",
    "brand": "Lucky",
    "price": 2.5,
    "orgPrice": 5,
    "categoryIds": ["pantry"],
    "imagePath": "https://cdn0.woolworths.media/content/wowproductimages/large/060912.jpg",
    "cupPrice": "$16.67 / 1kg",
    "unit": "each",
    "packageSize": "150g",
    "barcode": ["9310064005431"],
    "isAvailable": true,
    "locations": ["vic", "nsw", "qld", "wa", "sa", "tas", "nt", "act"]
  },
  {
    "id": "w854807-9300682052061",
    "store": "woolworths",
    "name": "Maltesers Milk Chocolate Block",
    "brand": "Maltesers",
    "price": 2.4,
    "orgPrice": 4.8,
    "categoryIds": ["pantry"],
    "imagePath": "https://cdn0.woolworths.media/content/wowproductimages/large/854807.jpg",
    "cupPrice": "$1.64 / 100g",
    "unit": "each",
    "packageSize": "146g",
    "barcode": ["9300682052061"],
    "isAvailable": true,
    "locations": ["vic", "nsw", "qld", "wa", "sa", "tas", "nt", "act"]
  },
  {
    "id": "w87797-9300682056595",
    "store": "woolworths",
    "name": "Maltesers Teasers Honeycomb Chocolate Block",
    "brand": "Maltesers",
    "price": 2.4,
    "orgPrice": 4.8,
    "categoryIds": ["pantry"],
    "imagePath": "https://cdn0.woolworths.media/content/wowproductimages/large/087797.jpg",
    "cupPrice": "$1.64 / 100g",
    "unit": "each",
    "packageSize": "146g",
    "barcode": ["9300682056595"],
    "isAvailable": true,
    "locations": ["vic", "nsw", "qld", "wa", "sa", "tas", "nt", "act"]
  },
  {
    "id": "w305370-5000396022308",
    "store": "woolworths",
    "name": "Mcvitie's Digestives Biscuit Dark Chocolate",
    "brand": "Mcvitie's",
    "price": 1.97,
    "orgPrice": 3.95,
    "categoryIds": ["pantry"],
    "imagePath": "https://cdn0.woolworths.media/content/wowproductimages/large/305370.jpg",
    "cupPrice": "$0.66 / 100g",
    "unit": "each",
    "packageSize": "300g",
    "barcode": ["5000396022308"],
    "isAvailable": true,
    "locations": ["vic", "nsw", "qld", "wa", "sa", "tas", "nt", "act"]
  },
  {
    "id": "w294162-5000396015898",
    "store": "woolworths",
    "name": "Mcvitie's Digestives Biscuit Milk Chocolate",
    "brand": "Mcvitie's",
    "price": 1.97,
    "orgPrice": 3.95,
    "categoryIds": ["pantry"],
    "imagePath": "https://cdn0.woolworths.media/content/wowproductimages/large/294162.jpg",
    "cupPrice": "$0.66 / 100g",
    "unit": "each",
    "packageSize": "300g",
    "barcode": ["5000396015898"],
    "isAvailable": true,
    "locations": ["vic", "nsw", "qld", "wa", "sa", "tas", "nt", "act"]
  },
  {
    "id": "w294160-5000396015935",
    "store": "woolworths",
    "name": "Mcvitie's Digestives Biscuits Plain Original",
    "brand": "Mcvitie's",
    "price": 1.97,
    "orgPrice": 3.95,
    "categoryIds": ["pantry"],
    "imagePath": "https://cdn0.woolworths.media/content/wowproductimages/large/294160.jpg",
    "cupPrice": "$0.49 / 100g",
    "unit": "each",
    "packageSize": "400g",
    "barcode": ["5000396015935"],
    "isAvailable": true,
    "locations": ["vic", "nsw", "qld", "wa", "sa", "tas", "nt", "act"]
  },
  {
    "id": "w830566-5000396035995",
    "store": "woolworths",
    "name": "Mcvitie's Go Ahead Crispy Slices Sultana & Apple (5x3pk)",
    "brand": "Mcvitie's",
    "price": 1.97,
    "orgPrice": 3.95,
    "categoryIds": ["pantry"],
    "imagePath": "https://cdn0.woolworths.media/content/wowproductimages/large/830566.jpg",
    "cupPrice": "$0.90 / 100g",
    "unit": "each",
    "packageSize": "218g",
    "barcode": ["5000396035995"],
    "isAvailable": true,
    "locations": ["vic", "nsw", "qld", "wa", "sa", "tas", "nt", "act"]
  },
  {
    "id": "w830601-5000396036152",
    "store": "woolworths",
    "name": "Mcvitie's Go Ahead Crispy Slices Sultana & Forest Fruit (5x3p)",
    "brand": "Mcvitie's",
    "price": 1.97,
    "orgPrice": 3.95,
    "categoryIds": ["pantry"],
    "imagePath": "https://cdn0.woolworths.media/content/wowproductimages/large/830601.jpg",
    "cupPrice": "$0.90 / 100g",
    "unit": "each",
    "packageSize": "218g",
    "barcode": ["5000396036152"],
    "isAvailable": true,
    "locations": ["vic", "nsw", "qld", "wa", "sa", "tas", "nt", "act"]
  },
  {
    "id": "w830564-5000396037449",
    "store": "woolworths",
    "name": "Mcvitie's Go Ahead Crispy Slices Sultana & Raspberry (5x3pk)",
    "brand": "Mcvitie's",
    "price": 1.97,
    "orgPrice": 3.95,
    "categoryIds": ["pantry"],
    "imagePath": "https://cdn0.woolworths.media/content/wowproductimages/large/830564.jpg",
    "cupPrice": "$0.90 / 100g",
    "unit": "each",
    "packageSize": "218g",
    "barcode": ["5000396037449"],
    "isAvailable": true,
    "locations": ["vic", "nsw", "qld", "wa", "sa", "tas", "nt", "act"]
  },
  {
    "id": "w294164-5000396022315",
    "store": "woolworths",
    "name": "Mcvitie's Hobnobs Milk Chocolate",
    "brand": "Mcvitie's",
    "price": 1.97,
    "orgPrice": 3.95,
    "categoryIds": ["pantry"],
    "imagePath": "https://cdn0.woolworths.media/content/wowproductimages/large/294164.jpg",
    "cupPrice": "$0.66 / 100g",
    "unit": "each",
    "packageSize": "300g",
    "barcode": ["5000396022315"],
    "isAvailable": true,
    "locations": ["vic", "nsw", "qld", "wa", "sa", "tas", "nt", "act"]
  },
  {
    "id": "w662228-5000396042672",
    "store": "woolworths",
    "name": "Mcvitie's Hobnobs ",
    "brand": "Mcvitie's",
    "price": 1.5,
    "orgPrice": 3,
    "categoryIds": ["pantry"],
    "imagePath": "https://cdn0.woolworths.media/content/wowproductimages/large/662228.jpg",
    "cupPrice": "$0.50 / 100g",
    "unit": "each",
    "packageSize": "300g",
    "barcode": ["5000396042672"],
    "isAvailable": true,
    "locations": ["vic", "nsw", "qld", "wa", "sa", "tas", "nt", "act"]
  },
  {
    "id": "w687769-8711000396698",
    "store": "woolworths",
    "name": "Moccona Wholebean Barista Crema",
    "brand": "Moccona",
    "price": 9,
    "orgPrice": 18,
    "categoryIds": ["drinks", "pantry"],
    "imagePath": "https://cdn0.woolworths.media/content/wowproductimages/large/687769.jpg",
    "cupPrice": "$5.14 / 100g",
    "unit": "each",
    "packageSize": "175g",
    "barcode": ["8711000396698"],
    "isAvailable": true,
    "locations": ["vic", "nsw", "qld", "wa", "sa", "tas", "nt", "act"]
  },
  {
    "id": "w687794-8711000396728",
    "store": "woolworths",
    "name": "Moccona Wholebean Barista Rich Espresso",
    "brand": "Moccona",
    "price": 9,
    "orgPrice": 18,
    "categoryIds": ["drinks", "pantry"],
    "imagePath": "https://cdn0.woolworths.media/content/wowproductimages/large/687794.jpg",
    "cupPrice": "$5.14 / 100g",
    "unit": "each",
    "packageSize": "175g",
    "barcode": ["8711000396728"],
    "isAvailable": true,
    "locations": ["vic", "nsw", "qld", "wa", "sa", "tas", "nt", "act"]
  },
  {
    "id": "w687799-8711000396759",
    "store": "woolworths",
    "name": "Moccona Wholebean Barista Smooth Espresso",
    "brand": "Moccona",
    "price": 9,
    "orgPrice": 18,
    "categoryIds": ["drinks", "pantry"],
    "imagePath": "https://cdn0.woolworths.media/content/wowproductimages/large/687799.jpg",
    "cupPrice": "$5.14 / 100g",
    "unit": "each",
    "packageSize": "175g",
    "barcode": ["8711000396759"],
    "isAvailable": true,
    "locations": ["vic", "nsw", "qld", "wa", "sa", "tas", "nt", "act"]
  },
  {
    "id": "w869235-93698535",
    "store": "woolworths",
    "name": "Nutella & Go Hazelnut Spread With Breadsticks",
    "brand": "Nutella",
    "price": 1.25,
    "orgPrice": 2.5,
    "categoryIds": ["pantry"],
    "imagePath": "https://cdn0.woolworths.media/content/wowproductimages/large/869235.jpg",
    "cupPrice": "$2.60 / 100g",
    "unit": "each",
    "packageSize": "48g",
    "barcode": ["93698535"],
    "isAvailable": true,
    "locations": ["vic", "nsw", "qld", "wa", "sa", "tas", "nt", "act"]
  },
  {
    "id": "w819604-9310034001227",
    "store": "woolworths",
    "name": "Oreo Wafer Bites Chocolate",
    "brand": "Oreo",
    "price": 0.75,
    "orgPrice": 1.5,
    "categoryIds": ["pantry"],
    "imagePath": "https://cdn0.woolworths.media/content/wowproductimages/large/819604.jpg",
    "cupPrice": "$1.60 / 100g",
    "unit": "each",
    "packageSize": "47g",
    "barcode": ["9310034001227"],
    "isAvailable": true,
    "locations": ["vic", "nsw", "qld", "wa", "sa", "tas", "nt", "act"]
  },
  {
    "id": "w819744-9310034001197",
    "store": "woolworths",
    "name": "Oreo Wafer Bites Vanilla",
    "brand": "Oreo",
    "price": 0.75,
    "orgPrice": 1.5,
    "categoryIds": ["pantry"],
    "imagePath": "https://cdn0.woolworths.media/content/wowproductimages/large/819744.jpg",
    "cupPrice": "$1.60 / 100g",
    "unit": "each",
    "packageSize": "47g",
    "barcode": ["9310034001197"],
    "isAvailable": true,
    "locations": ["vic", "nsw", "qld", "wa", "sa", "tas", "nt", "act"]
  },
  {
    "id": "w676717-9334279005277",
    "store": "woolworths",
    "name": "Passage To India Jalfrezi ",
    "brand": "Passage To",
    "price": 2.35,
    "orgPrice": 4.7,
    "categoryIds": ["pantry"],
    "imagePath": "https://cdn0.woolworths.media/content/wowproductimages/large/676717.jpg",
    "cupPrice": "$0.63 / 100g",
    "unit": "each",
    "packageSize": "375g",
    "barcode": ["9334279005277"],
    "isAvailable": true,
    "locations": ["vic", "nsw", "qld", "wa", "sa", "tas", "nt", "act"]
  },
  {
    "id": "w676750-9334279005291",
    "store": "woolworths",
    "name": "Passage To India Saag Curry ",
    "brand": "Passage To",
    "price": 2.35,
    "orgPrice": 4.7,
    "categoryIds": ["pantry"],
    "imagePath": "https://cdn0.woolworths.media/content/wowproductimages/large/676750.jpg",
    "cupPrice": "$0.63 / 100g",
    "unit": "each",
    "packageSize": "375g",
    "barcode": ["9334279005291"],
    "isAvailable": true,
    "locations": ["vic", "nsw", "qld", "wa", "sa", "tas", "nt", "act"]
  },
  {
    "id": "w186114-9325763000038",
    "store": "woolworths",
    "name": "Passage To India Simmer Sauce Butter Chicken",
    "brand": "Passage To",
    "price": 2.35,
    "orgPrice": 4.7,
    "categoryIds": ["pantry"],
    "imagePath": "https://cdn0.woolworths.media/content/wowproductimages/large/186114.jpg",
    "cupPrice": "$0.63 / 100g",
    "unit": "each",
    "packageSize": "375g",
    "barcode": ["9325763000038"],
    "isAvailable": true,
    "locations": ["vic", "nsw", "qld", "wa", "sa", "tas", "nt", "act"]
  },
  {
    "id": "w318949-9334279000432",
    "store": "woolworths",
    "name": "Passage To India Simmer Sauce Curry Balti",
    "brand": "Passage To",
    "price": 2.35,
    "orgPrice": 4.7,
    "categoryIds": ["pantry"],
    "imagePath": "https://cdn0.woolworths.media/content/wowproductimages/large/318949.jpg",
    "cupPrice": "$0.63 / 100g",
    "unit": "each",
    "packageSize": "375g",
    "barcode": ["9334279000432"],
    "isAvailable": true,
    "locations": ["vic", "nsw", "qld", "wa", "sa", "tas", "nt", "act"]
  },
  {
    "id": "w186115-9325763000052",
    "store": "woolworths",
    "name": "Passage To India Simmer Sauce Curry Korma",
    "brand": "Passage To",
    "price": 2.35,
    "orgPrice": 4.7,
    "categoryIds": ["pantry"],
    "imagePath": "https://cdn0.woolworths.media/content/wowproductimages/large/186115.jpg",
    "cupPrice": "$0.63 / 100g",
    "unit": "each",
    "packageSize": "375g",
    "barcode": ["9325763000052"],
    "isAvailable": true,
    "locations": ["vic", "nsw", "qld", "wa", "sa", "tas", "nt", "act"]
  },
  {
    "id": "w826262-9334279003860",
    "store": "woolworths",
    "name": "Passage To India Simmer Sauce Extra Mild Butter Chicken",
    "brand": "Passage To",
    "price": 2.35,
    "orgPrice": 4.7,
    "categoryIds": ["pantry"],
    "imagePath": "https://cdn0.woolworths.media/content/wowproductimages/large/826262.jpg",
    "cupPrice": "$0.63 / 100g",
    "unit": "each",
    "packageSize": "375g",
    "barcode": ["9334279003860"],
    "isAvailable": true,
    "locations": ["vic", "nsw", "qld", "wa", "sa", "tas", "nt", "act"]
  },
  {
    "id": "w370576-9334279000463",
    "store": "woolworths",
    "name": "Passage To India Simmer Sauce Mango Chicken",
    "brand": "Passage To",
    "price": 2.35,
    "orgPrice": 4.7,
    "categoryIds": ["pantry"],
    "imagePath": "https://cdn0.woolworths.media/content/wowproductimages/large/370576.jpg",
    "cupPrice": "$0.63 / 100g",
    "unit": "each",
    "packageSize": "375g",
    "barcode": ["9334279000463"],
    "isAvailable": true,
    "locations": ["vic", "nsw", "qld", "wa", "sa", "tas", "nt", "act"]
  },
  {
    "id": "w186117-9325763000090",
    "store": "woolworths",
    "name": "Passage To India Simmer Sauce Rogan Josh",
    "brand": "Passage To",
    "price": 2.35,
    "orgPrice": 4.7,
    "categoryIds": ["pantry"],
    "imagePath": "https://cdn0.woolworths.media/content/wowproductimages/large/186117.jpg",
    "cupPrice": "$0.63 / 100g",
    "unit": "each",
    "packageSize": "375g",
    "barcode": ["9325763000090"],
    "isAvailable": true,
    "locations": ["vic", "nsw", "qld", "wa", "sa", "tas", "nt", "act"]
  },
  {
    "id": "w186116-9325763000083",
    "store": "woolworths",
    "name": "Passage To India Simmer Sauce Tikka Masala",
    "brand": "Passage To",
    "price": 2.35,
    "orgPrice": 4.7,
    "categoryIds": ["pantry"],
    "imagePath": "https://cdn0.woolworths.media/content/wowproductimages/large/186116.jpg",
    "cupPrice": "$0.63 / 100g",
    "unit": "each",
    "packageSize": "375g",
    "barcode": ["9325763000083"],
    "isAvailable": true,
    "locations": ["vic", "nsw", "qld", "wa", "sa", "tas", "nt", "act"]
  },
  {
    "id": "w186118-9325763000076",
    "store": "woolworths",
    "name": "Passage To India Simmer Sauce Vindaloo Hot",
    "brand": "Passage To",
    "price": 2.35,
    "orgPrice": 4.7,
    "categoryIds": ["pantry"],
    "imagePath": "https://cdn0.woolworths.media/content/wowproductimages/large/186118.jpg",
    "cupPrice": "$0.63 / 100g",
    "unit": "each",
    "packageSize": "375g",
    "barcode": ["9325763000076"],
    "isAvailable": true,
    "locations": ["vic", "nsw", "qld", "wa", "sa", "tas", "nt", "act"]
  },
  {
    "id": "w715602-9334279001910",
    "store": "woolworths",
    "name": "Passage To Sri Lanka Simmer Sauce Chicken Curry",
    "brand": "Passage To",
    "price": 2.35,
    "orgPrice": 4.7,
    "categoryIds": ["pantry"],
    "imagePath": "https://cdn0.woolworths.media/content/wowproductimages/large/715602.jpg",
    "cupPrice": "$0.63 / 100g",
    "unit": "each",
    "packageSize": "375g",
    "barcode": ["9334279001910"],
    "isAvailable": true,
    "locations": ["vic", "nsw", "qld", "wa", "sa", "tas", "nt", "act"]
  },
  {
    "id": "w715568-9334279001927",
    "store": "woolworths",
    "name": "Passage To Sri Lanka Simmer Sauce Coconut & Cashew Chicken",
    "brand": "Passage To",
    "price": 2.35,
    "orgPrice": 4.7,
    "categoryIds": ["pantry"],
    "imagePath": "https://cdn0.woolworths.media/content/wowproductimages/large/715568.jpg",
    "cupPrice": "$0.63 / 100g",
    "unit": "each",
    "packageSize": "375g",
    "barcode": ["9334279001927"],
    "isAvailable": true,
    "locations": ["vic", "nsw", "qld", "wa", "sa", "tas", "nt", "act"]
  },
  {
    "id": "w91795-9310015250002",
    "store": "woolworths",
    "name": "Smith's Crinkle Cut Bbq Meat Lovers ",
    "brand": "Smith's",
    "price": 1.75,
    "orgPrice": 3.5,
    "categoryIds": ["pantry"],
    "imagePath": "https://cdn0.woolworths.media/content/wowproductimages/large/091795.jpg",
    "cupPrice": "$1.17 / 100g",
    "unit": "each",
    "packageSize": "150g",
    "barcode": ["9310015250002"],
    "isAvailable": true,
    "locations": ["vic", "nsw", "qld", "wa", "sa", "tas", "nt", "act"]
  },
  {
    "id": "w95394-9310006419470",
    "store": "woolworths",
    "name": "Spc Baked Beans Rich Tomato ",
    "brand": "Spc",
    "price": 5,
    "orgPrice": 10.5,
    "categoryIds": ["pantry"],
    "imagePath": "https://cdn0.woolworths.media/content/wowproductimages/large/095394.jpg",
    "cupPrice": "$0.30 / 100g",
    "unit": "each",
    "packageSize": "140g x12 pack",
    "barcode": ["9310006419470"],
    "isAvailable": true,
    "locations": ["vic", "nsw", "qld", "wa", "sa", "tas", "nt", "act"]
  },
  {
    "id": "w95412-9310006828821",
    "store": "woolworths",
    "name": "Spc Spaghetti Rich Tomato ",
    "brand": "Spc",
    "price": 5,
    "orgPrice": 10.5,
    "categoryIds": ["pantry"],
    "imagePath": "https://cdn0.woolworths.media/content/wowproductimages/large/095412.jpg",
    "cupPrice": "$0.30 / 100g",
    "unit": "each",
    "packageSize": "140g x12 pack",
    "barcode": ["9310006828821"],
    "isAvailable": true,
    "locations": ["vic", "nsw", "qld", "wa", "sa", "tas", "nt", "act"]
  },
  {
    "id": "w28406-9403110042716",
    "store": "woolworths",
    "name": "Tasti Made Simple Protein Bars Cacao Brownie",
    "brand": "Tasti",
    "price": 2.75,
    "orgPrice": 5.5,
    "categoryIds": ["pantry"],
    "imagePath": "https://cdn0.woolworths.media/content/wowproductimages/large/028406.jpg",
    "cupPrice": "$1.83 / 100g",
    "unit": "each",
    "packageSize": "5 pack",
    "barcode": ["9403110042716"],
    "isAvailable": true,
    "locations": ["vic", "nsw", "qld", "wa", "sa", "tas", "nt", "act"]
  },
  {
    "id": "w28409-9403110042723",
    "store": "woolworths",
    "name": "Tasti Made Simple Protein Bars Peanut Butter & Berry",
    "brand": "Tasti",
    "price": 2.75,
    "orgPrice": 5.5,
    "categoryIds": ["pantry"],
    "imagePath": "https://cdn0.woolworths.media/content/wowproductimages/large/028409.jpg",
    "cupPrice": "$1.83 / 100g",
    "unit": "each",
    "packageSize": "5 pack",
    "barcode": ["9403110042723"],
    "isAvailable": true,
    "locations": ["vic", "nsw", "qld", "wa", "sa", "tas", "nt", "act"]
  },
  {
    "id": "w29516-9403110042402",
    "store": "woolworths",
    "name": "Tasti Made Simple Wholefood Balls Berry Cashew & Cacao",
    "brand": "Tasti",
    "price": 2.75,
    "orgPrice": 5.5,
    "categoryIds": ["pantry"],
    "imagePath": "https://cdn0.woolworths.media/content/wowproductimages/large/029516.jpg",
    "cupPrice": "$1.99 / 100g",
    "unit": "each",
    "packageSize": "4 pack",
    "barcode": ["9403110042402"],
    "isAvailable": true,
    "locations": ["vic", "nsw", "qld", "wa", "sa", "tas", "nt", "act"]
  },
  {
    "id": "w29525-9403110042419",
    "store": "woolworths",
    "name": "Tasti Made Simple Wholefood Balls Peanut Butter & Caramel",
    "brand": "Tasti",
    "price": 2.75,
    "orgPrice": 5.5,
    "categoryIds": ["pantry"],
    "imagePath": "https://cdn0.woolworths.media/content/wowproductimages/large/029525.jpg",
    "cupPrice": "$1.99 / 100g",
    "unit": "each",
    "packageSize": "4 pack",
    "barcode": ["9403110042419"],
    "isAvailable": true,
    "locations": ["vic", "nsw", "qld", "wa", "sa", "tas", "nt", "act"]
  },
  {
    "id": "w59505-5052675001078",
    "store": "woolworths",
    "name": "The Spice Tailor Tandoori Marinade Classic ",
    "brand": "The Spice Tailor",
    "price": 2.5,
    "orgPrice": 5,
    "categoryIds": ["pantry"],
    "imagePath": "https://cdn0.woolworths.media/content/wowproductimages/large/059505.jpg",
    "cupPrice": "$1.47 / 100g",
    "unit": "each",
    "packageSize": "170g",
    "barcode": ["5052675001078"],
    "isAvailable": true,
    "locations": ["vic", "nsw", "qld", "wa", "sa", "tas", "nt", "act"]
  },
  {
    "id": "w59506-5052675001092",
    "store": "woolworths",
    "name": "The Spice Tailor Tandoori Marinade Spicy ",
    "brand": "The Spice Tailor",
    "price": 2.5,
    "orgPrice": 5,
    "categoryIds": ["pantry"],
    "imagePath": "https://cdn0.woolworths.media/content/wowproductimages/large/059506.jpg",
    "cupPrice": "$1.47 / 100g",
    "unit": "each",
    "packageSize": "170g",
    "barcode": ["5052675001092"],
    "isAvailable": true,
    "locations": ["vic", "nsw", "qld", "wa", "sa", "tas", "nt", "act"]
  },
  {
    "id": "w47011-76145513",
    "store": "woolworths",
    "name": "Toblerone Milk Chocolate Bar ",
    "brand": "Toblerone",
    "price": 1,
    "orgPrice": 2,
    "categoryIds": ["pantry"],
    "imagePath": "https://cdn0.woolworths.media/content/wowproductimages/large/047011.jpg",
    "cupPrice": "$2.00 / 100g",
    "unit": "each",
    "packageSize": "50g",
    "barcode": ["76145513"],
    "isAvailable": true,
    "locations": ["vic", "nsw", "qld", "wa", "sa", "tas", "nt", "act"]
  },
  {
    "id": "w701969-70177225667",
    "store": "woolworths",
    "name": "Twinings In'fuse Watermelon Strawberry & Mint",
    "brand": "Twinings",
    "price": 1,
    "orgPrice": 2,
    "categoryIds": ["drinks", "pantry"],
    "imagePath": "https://cdn0.woolworths.media/content/wowproductimages/large/701969.jpg",
    "cupPrice": "$0.33 / 1ea",
    "unit": "each",
    "packageSize": "3 pack",
    "barcode": ["70177225667"],
    "isAvailable": true,
    "locations": ["vic", "nsw", "qld", "wa", "sa", "tas", "nt", "act"]
  },
  {
    "id": "w701972-70177225650",
    "store": "woolworths",
    "name": "Twinings Infuse Blueberry Apple & Blackcurrant",
    "brand": "Twinings",
    "price": 1,
    "orgPrice": 2,
    "categoryIds": ["drinks", "pantry"],
    "imagePath": "https://cdn0.woolworths.media/content/wowproductimages/large/701972.jpg",
    "cupPrice": "$0.33 / 1ea",
    "unit": "each",
    "packageSize": "3 pack",
    "barcode": ["70177225650"],
    "isAvailable": true,
    "locations": ["vic", "nsw", "qld", "wa", "sa", "tas", "nt", "act"]
  },
  {
    "id": "w701975-70177225674",
    "store": "woolworths",
    "name": "Twinings Infuse Passionfruit Mango & Blood Orange",
    "brand": "Twinings",
    "price": 1,
    "orgPrice": 2,
    "categoryIds": ["drinks", "pantry"],
    "imagePath": "https://cdn0.woolworths.media/content/wowproductimages/large/701975.jpg",
    "cupPrice": "$0.33 / 1ea",
    "unit": "each",
    "packageSize": "3 pack",
    "barcode": ["70177225674"],
    "isAvailable": true,
    "locations": ["vic", "nsw", "qld", "wa", "sa", "tas", "nt", "act"]
  },
  {
    "id": "w37562-9310060012037",
    "store": "woolworths",
    "name": "Uncle Tobys Oats Quick Porridge",
    "brand": "Uncle Tobys",
    "price": 3,
    "orgPrice": 6,
    "categoryIds": ["pantry"],
    "imagePath": "https://cdn0.woolworths.media/content/wowproductimages/large/037562.jpg",
    "cupPrice": "$0.30 / 100g",
    "unit": "each",
    "packageSize": "1kg",
    "barcode": ["9310060012037"],
    "isAvailable": true,
    "locations": ["vic", "nsw", "qld", "wa", "sa", "tas", "nt", "act"]
  },
  {
    "id": "w33036-9310060011030",
    "store": "woolworths",
    "name": "Uncle Tobys Oats Traditional Porridge",
    "brand": "Uncle Tobys",
    "price": 3,
    "orgPrice": 6,
    "categoryIds": ["pantry"],
    "imagePath": "https://cdn0.woolworths.media/content/wowproductimages/large/033036.jpg",
    "cupPrice": "$0.30 / 100g",
    "unit": "each",
    "packageSize": "1kg",
    "barcode": ["9310060011030"],
    "isAvailable": true,
    "locations": ["vic", "nsw", "qld", "wa", "sa", "tas", "nt", "act"]
  },
  {
    "id": "w61683-9350007005043",
    "store": "woolworths",
    "name": "Upbeat Blueberry Coconut Porridge",
    "brand": "Upbeat",
    "price": 2,
    "orgPrice": 4,
    "categoryIds": ["pantry"],
    "imagePath": "https://cdn0.woolworths.media/content/wowproductimages/large/061683.jpg",
    "cupPrice": "$3.08 / 100g",
    "unit": "each",
    "packageSize": "65g",
    "barcode": ["9350007005043"],
    "isAvailable": true,
    "locations": ["vic", "nsw", "qld", "wa", "sa", "tas", "nt", "act"]
  },
  {
    "id": "w61682-9350007005029",
    "store": "woolworths",
    "name": "Upbeat Chocolate Porridge ",
    "brand": "Upbeat",
    "price": 2,
    "orgPrice": 4,
    "categoryIds": ["pantry"],
    "imagePath": "https://cdn0.woolworths.media/content/wowproductimages/large/061682.jpg",
    "cupPrice": "$3.08 / 100g",
    "unit": "each",
    "packageSize": "65g",
    "barcode": ["9350007005029"],
    "isAvailable": true,
    "locations": ["vic", "nsw", "qld", "wa", "sa", "tas", "nt", "act"]
  },
  {
    "id": "w61687-9350007006026",
    "store": "woolworths",
    "name": "Upbeat Coconut Curried Lentils ",
    "brand": "Upbeat",
    "price": 2.5,
    "orgPrice": 5,
    "categoryIds": ["pantry"],
    "imagePath": "https://cdn0.woolworths.media/content/wowproductimages/large/061687.jpg",
    "cupPrice": "$3.13 / 100g",
    "unit": "each",
    "packageSize": "80g",
    "barcode": ["9350007006026"],
    "isAvailable": true,
    "locations": ["vic", "nsw", "qld", "wa", "sa", "tas", "nt", "act"]
  },
  {
    "id": "w61686-9350007006019",
    "store": "woolworths",
    "name": "Upbeat Creamy Mushroom Buckwheat",
    "brand": "Upbeat",
    "price": 2.5,
    "orgPrice": 5,
    "categoryIds": ["pantry"],
    "imagePath": "https://cdn0.woolworths.media/content/wowproductimages/large/061686.jpg",
    "cupPrice": "$3.13 / 100g",
    "unit": "each",
    "packageSize": "80g",
    "barcode": ["9350007006019"],
    "isAvailable": true,
    "locations": ["vic", "nsw", "qld", "wa", "sa", "tas", "nt", "act"]
  },
  {
    "id": "w61711-9350007005036",
    "store": "woolworths",
    "name": "Upbeat Spiced Apricot Buckwheat Porridge",
    "brand": "Upbeat",
    "price": 2,
    "orgPrice": 4,
    "categoryIds": ["pantry"],
    "imagePath": "https://cdn0.woolworths.media/content/wowproductimages/large/061711.jpg",
    "cupPrice": "$3.08 / 100g",
    "unit": "each",
    "packageSize": "65g",
    "barcode": ["9350007005036"],
    "isAvailable": true,
    "locations": ["vic", "nsw", "qld", "wa", "sa", "tas", "nt", "act"]
  },
  {
    "id": "w61674-9350007005067",
    "store": "woolworths",
    "name": "Upbeat Tex Mex Quinoa ",
    "brand": "Upbeat",
    "price": 2.5,
    "orgPrice": 5,
    "categoryIds": ["pantry"],
    "imagePath": "https://cdn0.woolworths.media/content/wowproductimages/large/061674.jpg",
    "cupPrice": "$3.13 / 100g",
    "unit": "each",
    "packageSize": "80g",
    "barcode": ["9350007005067"],
    "isAvailable": true,
    "locations": ["vic", "nsw", "qld", "wa", "sa", "tas", "nt", "act"]
  },
  {
    "id": "w61684-9350007005050",
    "store": "woolworths",
    "name": "Upbeat Three Grain Raspberry Porridge",
    "brand": "Upbeat",
    "price": 2,
    "orgPrice": 4,
    "categoryIds": ["pantry"],
    "imagePath": "https://cdn0.woolworths.media/content/wowproductimages/large/061684.jpg",
    "cupPrice": "$2.86 / 100g",
    "unit": "each",
    "packageSize": "70g",
    "barcode": ["9350007005050"],
    "isAvailable": true,
    "locations": ["vic", "nsw", "qld", "wa", "sa", "tas", "nt", "act"]
  },
  {
    "id": "w96154-9315991022025",
    "store": "woolworths",
    "name": "Vege Chips Barbeque ",
    "brand": "Vege Chips",
    "price": 1.9,
    "orgPrice": 3.8,
    "categoryIds": ["pantry"],
    "imagePath": "https://cdn0.woolworths.media/content/wowproductimages/large/096154.jpg",
    "cupPrice": "$1.90 / 100g",
    "unit": "each",
    "packageSize": "100g",
    "barcode": ["9315991022025"],
    "isAvailable": true,
    "locations": ["vic", "nsw", "qld", "wa", "sa", "tas", "nt", "act"]
  },
  {
    "id": "w793382-9315991023534",
    "store": "woolworths",
    "name": "Vege Chips Chicken Style",
    "brand": "Vege Chips",
    "price": 1.9,
    "orgPrice": 3.8,
    "categoryIds": ["pantry"],
    "imagePath": "https://cdn0.woolworths.media/content/wowproductimages/large/793382.jpg",
    "cupPrice": "$1.90 / 100g",
    "unit": "each",
    "packageSize": "100g",
    "barcode": ["9315991023534"],
    "isAvailable": true,
    "locations": ["vic", "nsw", "qld", "wa", "sa", "tas", "nt", "act"]
  },
  {
    "id": "w62842-9315991022001",
    "store": "woolworths",
    "name": "Vege Chips Natural ",
    "brand": "Vege Chips",
    "price": 1.9,
    "orgPrice": 3.8,
    "categoryIds": ["pantry"],
    "imagePath": "https://cdn0.woolworths.media/content/wowproductimages/large/062842.jpg",
    "cupPrice": "$1.90 / 100g",
    "unit": "each",
    "packageSize": "100g",
    "barcode": ["9315991022001"],
    "isAvailable": true,
    "locations": ["vic", "nsw", "qld", "wa", "sa", "tas", "nt", "act"]
  },
  {
    "id": "w65464-9315991023886",
    "store": "woolworths",
    "name": "Vege Chips Rice Crackers Cheese ",
    "brand": "Vege Chips",
    "price": 1.9,
    "orgPrice": 3.8,
    "categoryIds": ["pantry"],
    "imagePath": "https://cdn0.woolworths.media/content/wowproductimages/large/065464.jpg",
    "cupPrice": "$2.53 / 100g",
    "unit": "each",
    "packageSize": "75g",
    "barcode": ["9315991023886"],
    "isAvailable": true,
    "locations": ["vic", "nsw", "qld", "wa", "sa", "tas", "nt", "act"]
  },
  {
    "id": "w65466-9315991023879",
    "store": "woolworths",
    "name": "Vege Chips Rice Crackers Sour Cream & Chives",
    "brand": "Vege Chips",
    "price": 1.9,
    "orgPrice": 3.8,
    "categoryIds": ["pantry"],
    "imagePath": "https://cdn0.woolworths.media/content/wowproductimages/large/065466.jpg",
    "cupPrice": "$2.53 / 100g",
    "unit": "each",
    "packageSize": "75g",
    "barcode": ["9315991023879"],
    "isAvailable": true,
    "locations": ["vic", "nsw", "qld", "wa", "sa", "tas", "nt", "act"]
  },
  {
    "id": "w263796-9315991022186",
    "store": "woolworths",
    "name": "Vege Chips Salt & Vinegar",
    "brand": "Vege Chips",
    "price": 1.9,
    "orgPrice": 3.8,
    "categoryIds": ["pantry"],
    "imagePath": "https://cdn0.woolworths.media/content/wowproductimages/large/263796.jpg",
    "cupPrice": "$1.90 / 100g",
    "unit": "each",
    "packageSize": "100g",
    "barcode": ["9315991022186"],
    "isAvailable": true,
    "locations": ["vic", "nsw", "qld", "wa", "sa", "tas", "nt", "act"]
  },
  {
    "id": "w66638-9315991022124",
    "store": "woolworths",
    "name": "Vege Chips Sweet & Sour",
    "brand": "Vege Chips",
    "price": 1.9,
    "orgPrice": 3.8,
    "categoryIds": ["pantry"],
    "imagePath": "https://cdn0.woolworths.media/content/wowproductimages/large/066638.jpg",
    "cupPrice": "$1.90 / 100g",
    "unit": "each",
    "packageSize": "100g",
    "barcode": ["9315991022124"],
    "isAvailable": true,
    "locations": ["vic", "nsw", "qld", "wa", "sa", "tas", "nt", "act"]
  },
  {
    "id": "w806270-9315991023855",
    "store": "woolworths",
    "name": "Vege Chips Twists Cheese Max ",
    "brand": "Vege Chips",
    "price": 1.9,
    "orgPrice": 3.8,
    "categoryIds": ["pantry"],
    "imagePath": "https://cdn0.woolworths.media/content/wowproductimages/large/806270.jpg",
    "cupPrice": "$2.53 / 100g",
    "unit": "each",
    "packageSize": "75g",
    "barcode": ["9315991023855"],
    "isAvailable": true,
    "locations": ["vic", "nsw", "qld", "wa", "sa", "tas", "nt", "act"]
  },
  {
    "id": "w65468-9315991023947",
    "store": "woolworths",
    "name": "Vege Chips Twists Chicken ",
    "brand": "Vege Chips",
    "price": 1.9,
    "orgPrice": 3.8,
    "categoryIds": ["pantry"],
    "imagePath": "https://cdn0.woolworths.media/content/wowproductimages/large/065468.jpg",
    "cupPrice": "$2.53 / 100g",
    "unit": "each",
    "packageSize": "75g",
    "barcode": ["9315991023947"],
    "isAvailable": true,
    "locations": ["vic", "nsw", "qld", "wa", "sa", "tas", "nt", "act"]
  },
  {
    "id": "w682306-9310047217455",
    "store": "woolworths",
    "name": "White Wings Cake In A Cup Butterscotch Brownie",
    "brand": "White Wings",
    "price": 2.5,
    "orgPrice": 5,
    "categoryIds": ["pantry"],
    "imagePath": "https://cdn0.woolworths.media/content/wowproductimages/large/682306.jpg",
    "cupPrice": "$1.14 / 100g",
    "unit": "each",
    "packageSize": "220g",
    "barcode": ["9310047217455"],
    "isAvailable": true,
    "locations": ["vic", "nsw", "qld", "wa", "sa", "tas", "nt", "act"]
  },
  {
    "id": "w443382-9310047215567",
    "store": "woolworths",
    "name": "White Wings Cake In A Cup Double Chocolate",
    "brand": "White Wings",
    "price": 2.5,
    "orgPrice": 5,
    "categoryIds": ["pantry"],
    "imagePath": "https://cdn0.woolworths.media/content/wowproductimages/large/443382.jpg",
    "cupPrice": "$1.14 / 100g",
    "unit": "each",
    "packageSize": "220g",
    "barcode": ["9310047215567"],
    "isAvailable": true,
    "locations": ["vic", "nsw", "qld", "wa", "sa", "tas", "nt", "act"]
  },
  {
    "id": "w575689-9310047216083",
    "store": "woolworths",
    "name": "White Wings Cake In A Cup Triple Choc Brownie",
    "brand": "White Wings",
    "price": 2.5,
    "orgPrice": 5,
    "categoryIds": ["pantry"],
    "imagePath": "https://cdn0.woolworths.media/content/wowproductimages/large/575689.jpg",
    "cupPrice": "$1.14 / 100g",
    "unit": "each",
    "packageSize": "4pk 220g",
    "barcode": ["9310047216083"],
    "isAvailable": true,
    "locations": ["vic", "nsw", "qld", "wa", "sa", "tas", "nt", "act"]
  },
  {
    "id": "w805852-9310047218230",
    "store": "woolworths",
    "name": "White Wings Cake In A Cup Cinnamon Donut ",
    "brand": "White Wings",
    "price": 2.5,
    "orgPrice": 5,
    "categoryIds": ["pantry"],
    "imagePath": "https://cdn0.woolworths.media/content/wowproductimages/large/805852.jpg",
    "cupPrice": "$1.14 / 100g",
    "unit": "each",
    "packageSize": "220g",
    "barcode": ["9310047218230"],
    "isAvailable": true,
    "locations": ["vic", "nsw", "qld", "wa", "sa", "tas", "nt", "act"]
  },
  {
    "id": "w839429-9310081105961",
    "store": "woolworths",
    "name": "Birds Eye Deli Seasoned Roast Potatoes Rosemary & Garlic",
    "brand": "Birds Eye",
    "price": 1.97,
    "orgPrice": 3.95,
    "categoryIds": ["freezer"],
    "imagePath": "https://cdn0.woolworths.media/content/wowproductimages/large/839429.jpg",
    "cupPrice": "$3.28 / 1kg",
    "unit": "each",
    "packageSize": "600g",
    "barcode": ["9310081105961"],
    "isAvailable": true,
    "locations": ["vic", "nsw", "qld", "wa", "sa", "tas", "nt", "act"]
  },
  {
    "id": "w115996-9310161003804",
    "store": "woolworths",
    "name": "Bulla Choc Bars Malt, Peppermint & Vanilla",
    "brand": "Bulla",
    "price": 3.5,
    "orgPrice": 7,
    "categoryIds": ["freezer"],
    "imagePath": "https://cdn0.woolworths.media/content/wowproductimages/large/115996.jpg",
    "cupPrice": "$0.46 / 100ml",
    "unit": "each",
    "packageSize": "10 pack",
    "barcode": ["9310161003804"],
    "isAvailable": true,
    "locations": ["vic", "nsw", "qld", "wa", "sa", "tas", "nt", "act"]
  },
  {
    "id": "w41430-9310161003033",
    "store": "woolworths",
    "name": "Bulla Choc Bars Vanilla",
    "brand": "Bulla",
    "price": 3.5,
    "orgPrice": 7,
    "categoryIds": ["freezer"],
    "imagePath": "https://cdn0.woolworths.media/content/wowproductimages/large/041430.jpg",
    "cupPrice": "$0.46 / 100ml",
    "unit": "each",
    "packageSize": "10 pack",
    "barcode": ["9310161003033"],
    "isAvailable": true,
    "locations": ["vic", "nsw", "qld", "wa", "sa", "tas", "nt", "act"]
  },
  {
    "id": "w698998-9310161013834",
    "store": "woolworths",
    "name": "Bulla Cinnamon Donut Ice Cream",
    "brand": "Bulla",
    "price": 3.5,
    "orgPrice": 7,
    "categoryIds": ["freezer"],
    "imagePath": "https://cdn0.woolworths.media/content/wowproductimages/large/698998.jpg",
    "cupPrice": "$0.65 / 100ml",
    "unit": "each",
    "packageSize": "6 pack",
    "barcode": ["9310161013834"],
    "isAvailable": true,
    "locations": ["vic", "nsw", "qld", "wa", "sa", "tas", "nt", "act"]
  },
  {
    "id": "w191046-9310161001480",
    "store": "woolworths",
    "name": "Bulla Creamy Classics Ice Cream Cookies & Cream",
    "brand": "Bulla",
    "price": 4.25,
    "orgPrice": 8.5,
    "categoryIds": ["freezer"],
    "imagePath": "https://cdn0.woolworths.media/content/wowproductimages/large/191046.jpg",
    "cupPrice": "$0.21 / 100ml",
    "unit": "each",
    "packageSize": "2l tub",
    "barcode": ["9310161001480"],
    "isAvailable": true,
    "locations": ["vic", "nsw", "qld", "wa", "sa", "tas", "nt", "act"]
  },
  {
    "id": "w259612-9310161005488",
    "store": "woolworths",
    "name": "Bulla Creamy Classics Ice Cream Mint Choc Chip",
    "brand": "Bulla",
    "price": 4.25,
    "orgPrice": 8.5,
    "categoryIds": ["freezer"],
    "imagePath": "https://cdn0.woolworths.media/content/wowproductimages/large/259612.jpg",
    "cupPrice": "$0.21 / 100ml",
    "unit": "each",
    "packageSize": "2l tub",
    "barcode": ["9310161005488"],
    "isAvailable": true,
    "locations": ["vic", "nsw", "qld", "wa", "sa", "tas", "nt", "act"]
  },
  {
    "id": "w191048-9310161001497",
    "store": "woolworths",
    "name": "Bulla Creamy Classics Ice Cream Rich Choc Chip",
    "brand": "Bulla",
    "price": 4.25,
    "orgPrice": 8.5,
    "categoryIds": ["freezer"],
    "imagePath": "https://cdn0.woolworths.media/content/wowproductimages/large/191048.jpg",
    "cupPrice": "$0.21 / 100ml",
    "unit": "each",
    "packageSize": "2l tub",
    "barcode": ["9310161001497"],
    "isAvailable": true,
    "locations": ["vic", "nsw", "qld", "wa", "sa", "tas", "nt", "act"]
  },
  {
    "id": "w191043-9310161001343",
    "store": "woolworths",
    "name": "Bulla Creamy Classics Ice Cream Vanilla",
    "brand": "Bulla",
    "price": 4.25,
    "orgPrice": 8.5,
    "categoryIds": ["freezer"],
    "imagePath": "https://cdn0.woolworths.media/content/wowproductimages/large/191043.jpg",
    "cupPrice": "$0.21 / 100ml",
    "unit": "each",
    "packageSize": "2l tub",
    "barcode": ["9310161001343"],
    "isAvailable": true,
    "locations": ["vic", "nsw", "qld", "wa", "sa", "tas", "nt", "act"]
  },
  {
    "id": "w574618-9310161012110",
    "store": "woolworths",
    "name": "Bulla Creamy Classics Ice Cream Vanilla & Boysenberry",
    "brand": "Bulla",
    "price": 4.25,
    "orgPrice": 8.5,
    "categoryIds": ["freezer"],
    "imagePath": "https://cdn0.woolworths.media/content/wowproductimages/large/574618.jpg",
    "cupPrice": "$0.21 / 100ml",
    "unit": "each",
    "packageSize": "2l",
    "barcode": ["9310161012110"],
    "isAvailable": true,
    "locations": ["vic", "nsw", "qld", "wa", "sa", "tas", "nt", "act"]
  },
  {
    "id": "w9772-9310161003521",
    "store": "woolworths",
    "name": "Bulla Crunch Double Choc",
    "brand": "Bulla",
    "price": 3.5,
    "orgPrice": 7,
    "categoryIds": ["freezer"],
    "imagePath": "https://cdn0.woolworths.media/content/wowproductimages/large/009772.jpg",
    "cupPrice": "$0.55 / 100ml",
    "unit": "each",
    "packageSize": "8 pack",
    "barcode": ["9310161003521"],
    "isAvailable": true,
    "locations": ["vic", "nsw", "qld", "wa", "sa", "tas", "nt", "act"]
  },
  {
    "id": "w18883-9310161013896",
    "store": "woolworths",
    "name": "Bulla Crunch Blue Heaven ",
    "brand": "Bulla",
    "price": 3.5,
    "orgPrice": 7,
    "categoryIds": ["freezer"],
    "imagePath": "https://cdn0.woolworths.media/content/wowproductimages/large/018883.jpg",
    "cupPrice": "$0.55 / 100ml",
    "unit": "each",
    "packageSize": "8 pack",
    "barcode": ["9310161013896"],
    "isAvailable": true,
    "locations": ["vic", "nsw", "qld", "wa", "sa", "tas", "nt", "act"]
  },
  {
    "id": "w178946-9310161001404",
    "store": "woolworths",
    "name": "Bulla Crunch Caramel, Strawberry & Honeycomb",
    "brand": "Bulla",
    "price": 3.5,
    "orgPrice": 7,
    "categoryIds": ["freezer"],
    "imagePath": "https://cdn0.woolworths.media/content/wowproductimages/large/178946.jpg",
    "cupPrice": "$0.55 / 100ml",
    "unit": "each",
    "packageSize": "8 pack",
    "barcode": ["9310161001404"],
    "isAvailable": true,
    "locations": ["vic", "nsw", "qld", "wa", "sa", "tas", "nt", "act"]
  },
  {
    "id": "w249170-9310161005433",
    "store": "woolworths",
    "name": "Bulla Crunch Ice Cream Orange Mint Vanilla",
    "brand": "Bulla",
    "price": 3.5,
    "orgPrice": 7,
    "categoryIds": ["freezer"],
    "imagePath": "https://cdn0.woolworths.media/content/wowproductimages/large/249170.jpg",
    "cupPrice": "$0.55 / 100ml",
    "unit": "each",
    "packageSize": "8 pack",
    "barcode": ["9310161005433"],
    "isAvailable": true,
    "locations": ["vic", "nsw", "qld", "wa", "sa", "tas", "nt", "act"]
  },
  {
    "id": "w318641-9310161006515",
    "store": "woolworths",
    "name": "Bulla Frozen Yoghurt Strawberry, Mango & Wildberry",
    "brand": "Bulla",
    "price": 3.5,
    "orgPrice": 7,
    "categoryIds": ["freezer"],
    "imagePath": "https://cdn0.woolworths.media/content/wowproductimages/large/318641.jpg",
    "cupPrice": "$0.74 / 100g",
    "unit": "each",
    "packageSize": "8 pack",
    "barcode": ["9310161006515"],
    "isAvailable": true,
    "locations": ["vic", "nsw", "qld", "wa", "sa", "tas", "nt", "act"]
  },
  {
    "id": "w279664-9310161006690",
    "store": "woolworths",
    "name": "Bulla Mini Frozen Yoghurt Assorted Flavours",
    "brand": "Bulla",
    "price": 3.5,
    "orgPrice": 7,
    "categoryIds": ["freezer"],
    "imagePath": "https://cdn0.woolworths.media/content/wowproductimages/large/279664.jpg",
    "cupPrice": "$0.69 / 100g",
    "unit": "each",
    "packageSize": "14 pack",
    "barcode": ["9310161006690"],
    "isAvailable": true,
    "locations": ["vic", "nsw", "qld", "wa", "sa", "tas", "nt", "act"]
  },
  {
    "id": "w313661-9310161006911",
    "store": "woolworths",
    "name": "Bulla Mini Splits Tropical & Raspberry",
    "brand": "Bulla",
    "price": 3.5,
    "orgPrice": 7,
    "categoryIds": ["freezer"],
    "imagePath": "https://cdn0.woolworths.media/content/wowproductimages/large/313661.jpg",
    "cupPrice": "$0.63 / 100ml",
    "unit": "each",
    "packageSize": "14 pack",
    "barcode": ["9310161006911"],
    "isAvailable": true,
    "locations": ["vic", "nsw", "qld", "wa", "sa", "tas", "nt", "act"]
  },
  {
    "id": "w63739-9310161015449",
    "store": "woolworths",
    "name": "Bulla Nourish Cloudy Apple Sticks ",
    "brand": "Bulla",
    "price": 3.5,
    "orgPrice": 7,
    "categoryIds": ["freezer"],
    "imagePath": "https://cdn0.woolworths.media/content/wowproductimages/large/063739.jpg",
    "cupPrice": "$0.78 / 100ml",
    "unit": "each",
    "packageSize": "6 pack",
    "barcode": ["9310161015449"],
    "isAvailable": true,
    "locations": ["vic", "nsw", "qld", "wa", "sa", "tas", "nt", "act"]
  },
  {
    "id": "w63639-9310161015456",
    "store": "woolworths",
    "name": "Bulla Nourish Mango And Coconut Sticks",
    "brand": "Bulla",
    "price": 3.5,
    "orgPrice": 7,
    "categoryIds": ["freezer"],
    "imagePath": "https://cdn0.woolworths.media/content/wowproductimages/large/063639.jpg",
    "cupPrice": "$0.78 / 100ml",
    "unit": "each",
    "packageSize": "6 pack",
    "barcode": ["9310161015456"],
    "isAvailable": true,
    "locations": ["vic", "nsw", "qld", "wa", "sa", "tas", "nt", "act"]
  },
  {
    "id": "w63792-9310161015463",
    "store": "woolworths",
    "name": "Bulla Nourish Strawberry Sticks ",
    "brand": "Bulla",
    "price": 3.5,
    "orgPrice": 7,
    "categoryIds": ["freezer"],
    "imagePath": "https://cdn0.woolworths.media/content/wowproductimages/large/063792.jpg",
    "cupPrice": "$0.78 / 100ml",
    "unit": "each",
    "packageSize": "6 pack",
    "barcode": ["9310161015463"],
    "isAvailable": true,
    "locations": ["vic", "nsw", "qld", "wa", "sa", "tas", "nt", "act"]
  },
  {
    "id": "w52302-9310161014831",
    "store": "woolworths",
    "name": "Bulla Peach, Lemon, Mango Ice Tea ",
    "brand": "Bulla",
    "price": 3.5,
    "orgPrice": 7,
    "categoryIds": ["freezer"],
    "imagePath": "https://cdn0.woolworths.media/content/wowproductimages/large/052302.jpg",
    "cupPrice": "$0.50 / 100ml",
    "unit": "each",
    "packageSize": "10 pack",
    "barcode": ["9310161014831"],
    "isAvailable": true,
    "locations": ["vic", "nsw", "qld", "wa", "sa", "tas", "nt", "act"]
  },
  {
    "id": "w40975-9310161003118",
    "store": "woolworths",
    "name": "Bulla Splits Raspberry",
    "brand": "Bulla",
    "price": 3.5,
    "orgPrice": 7,
    "categoryIds": ["freezer"],
    "imagePath": "https://cdn0.woolworths.media/content/wowproductimages/large/040975.jpg",
    "cupPrice": "$0.47 / 100ml",
    "unit": "each",
    "packageSize": "10 pack",
    "barcode": ["9310161003118"],
    "isAvailable": true,
    "locations": ["vic", "nsw", "qld", "wa", "sa", "tas", "nt", "act"]
  },
  {
    "id": "w178943-9310161001411",
    "store": "woolworths",
    "name": "Bulla Splits Ice Cream Wildberry Orange Tropical",
    "brand": "Bulla",
    "price": 3.5,
    "orgPrice": 7,
    "categoryIds": ["freezer"],
    "imagePath": "https://cdn0.woolworths.media/content/wowproductimages/large/178943.jpg",
    "cupPrice": "$0.47 / 100ml",
    "unit": "each",
    "packageSize": "10 pack",
    "barcode": ["9310161001411"],
    "isAvailable": true,
    "locations": ["vic", "nsw", "qld", "wa", "sa", "tas", "nt", "act"]
  },
  {
    "id": "w140646-9310161002579",
    "store": "woolworths",
    "name": "Bulla Splits Multipack Raspberry, Mango & Lemon Lime",
    "brand": "Bulla",
    "price": 3.5,
    "orgPrice": 7,
    "categoryIds": ["freezer"],
    "imagePath": "https://cdn0.woolworths.media/content/wowproductimages/large/140646.jpg",
    "cupPrice": "$0.47 / 100ml",
    "unit": "each",
    "packageSize": "10 pack",
    "barcode": ["9310161002579"],
    "isAvailable": true,
    "locations": ["vic", "nsw", "qld", "wa", "sa", "tas", "nt", "act"]
  },
  {
    "id": "w52287-9310161014824",
    "store": "woolworths",
    "name": "Bulla Splits Spider ",
    "brand": "Bulla",
    "price": 3.5,
    "orgPrice": 7,
    "categoryIds": ["freezer"],
    "imagePath": "https://cdn0.woolworths.media/content/wowproductimages/large/052287.jpg",
    "cupPrice": "$0.47 / 100ml",
    "unit": "each",
    "packageSize": "10 pack",
    "barcode": ["9310161014824"],
    "isAvailable": true,
    "locations": ["vic", "nsw", "qld", "wa", "sa", "tas", "nt", "act"]
  },
  {
    "id": "w86334-9311008005449",
    "store": "woolworths",
    "name": "Four'n Twenty Beef Cheese & Bacon Pie ",
    "brand": "Four'n Twenty",
    "price": 1.6,
    "orgPrice": 3.2,
    "categoryIds": ["freezer"],
    "imagePath": "https://cdn0.woolworths.media/content/wowproductimages/large/086334.jpg",
    "cupPrice": "$1.00 / 100g",
    "unit": "each",
    "packageSize": "160g",
    "barcode": ["9311008005449"],
    "isAvailable": true,
    "locations": ["vic", "nsw", "qld", "wa", "sa", "tas", "nt", "act"]
  },
  {
    "id": "w86431-9311008005555",
    "store": "woolworths",
    "name": "Four'n Twenty Philly Cheese Steak Pie ",
    "brand": "Four'n Twenty",
    "price": 1.6,
    "orgPrice": 3.2,
    "categoryIds": ["freezer"],
    "imagePath": "https://cdn0.woolworths.media/content/wowproductimages/large/086431.jpg",
    "cupPrice": "$1.00 / 100g",
    "unit": "each",
    "packageSize": "160g",
    "barcode": ["9311008005555"],
    "isAvailable": true,
    "locations": ["vic", "nsw", "qld", "wa", "sa", "tas", "nt", "act"]
  },
  {
    "id": "w22497-9310076666361",
    "store": "woolworths",
    "name": "Golden Wok Asian Mini Dim Sims",
    "brand": "Golden Wok",
    "price": 5,
    "orgPrice": 10,
    "categoryIds": ["freezer"],
    "imagePath": "https://cdn0.woolworths.media/content/wowproductimages/large/022497.jpg",
    "cupPrice": "$0.76 / 100g",
    "unit": "each",
    "packageSize": "660g",
    "barcode": ["9310076666361"],
    "isAvailable": true,
    "locations": ["vic", "nsw", "qld", "wa", "sa", "tas", "nt", "act"]
  },
  {
    "id": "w815792-9310161014534",
    "store": "woolworths",
    "name": "Hershey's Cookies & Cream Tub",
    "brand": "Hershey's",
    "price": 4.25,
    "orgPrice": 8.5,
    "categoryIds": ["freezer"],
    "imagePath": "https://cdn0.woolworths.media/content/wowproductimages/large/815792.jpg",
    "cupPrice": "$0.90 / 100ml",
    "unit": "each",
    "packageSize": "473ml",
    "barcode": ["9310161014534"],
    "isAvailable": true,
    "locations": ["vic", "nsw", "qld", "wa", "sa", "tas", "nt", "act"]
  },
  {
    "id": "w659505-9318122383828",
    "store": "woolworths",
    "name": "Hong Kong Dim Sim Kitchen Bbq Pork Buns",
    "brand": "Hong Kong Dim Sim Kitchen",
    "price": 2.5,
    "orgPrice": 5,
    "categoryIds": ["freezer"],
    "imagePath": "https://cdn0.woolworths.media/content/wowproductimages/large/659505.jpg",
    "cupPrice": "$1.25 / 100g",
    "unit": "each",
    "packageSize": "200g",
    "barcode": ["9318122383828"],
    "isAvailable": true,
    "locations": ["vic", "nsw", "qld", "wa", "sa", "tas", "nt", "act"]
  },
  {
    "id": "w758703-9318122381008",
    "store": "woolworths",
    "name": "Hong Kong Dim Sim Kitchen Pork & Chive Dumplings",
    "brand": "Hong Kong Dim Sim Kitchen",
    "price": 2.5,
    "orgPrice": 5,
    "categoryIds": ["freezer"],
    "imagePath": "https://cdn0.woolworths.media/content/wowproductimages/large/758703.jpg",
    "cupPrice": "$1.25 / 100g",
    "unit": "each",
    "packageSize": "200g",
    "barcode": ["9318122381008"],
    "isAvailable": true,
    "locations": ["vic", "nsw", "qld", "wa", "sa", "tas", "nt", "act"]
  },
  {
    "id": "w87392-9311008461016",
    "store": "woolworths",
    "name": "Louis & Marie Meringue Semifreddo ",
    "brand": "Louis & Marie",
    "price": 4,
    "orgPrice": 8,
    "categoryIds": ["freezer"],
    "imagePath": "https://cdn0.woolworths.media/content/wowproductimages/large/087392.jpg",
    "cupPrice": "$3.33 / 100g",
    "unit": "each",
    "packageSize": "120g",
    "barcode": ["9311008461016"],
    "isAvailable": true,
    "locations": ["vic", "nsw", "qld", "wa", "sa", "tas", "nt", "act"]
  },
  {
    "id": "w430266-9347043000903",
    "store": "woolworths",
    "name": "Nestle Milo Ice Cream Tub",
    "brand": "Nestle",
    "price": 3.5,
    "orgPrice": 7,
    "categoryIds": ["freezer"],
    "imagePath": "https://cdn0.woolworths.media/content/wowproductimages/large/430266.jpg",
    "cupPrice": "$0.74 / 100ml",
    "unit": "each",
    "packageSize": "470ml",
    "barcode": ["9347043000903"],
    "isAvailable": true,
    "locations": ["vic", "nsw", "qld", "wa", "sa", "tas", "nt", "act"]
  },
  {
    "id": "w815781-9310161014510",
    "store": "woolworths",
    "name": "Reese's Peanut Butter Chocolate Ice Cream Tub",
    "brand": "Reese's",
    "price": 4.25,
    "orgPrice": 8.5,
    "categoryIds": ["freezer"],
    "imagePath": "https://cdn0.woolworths.media/content/wowproductimages/large/815781.jpg",
    "cupPrice": "$0.90 / 100ml",
    "unit": "each",
    "packageSize": "473ml",
    "barcode": ["9310161014510"],
    "isAvailable": true,
    "locations": ["vic", "nsw", "qld", "wa", "sa", "tas", "nt", "act"]
  },
  {
    "id": "w858555-9310161014572",
    "store": "woolworths",
    "name": "Reese's Peanut Butter Chocolate Cone ",
    "brand": "Reese's",
    "price": 4.25,
    "orgPrice": 8.5,
    "categoryIds": ["freezer"],
    "imagePath": "https://cdn0.woolworths.media/content/wowproductimages/large/858555.jpg",
    "cupPrice": "$0.90 / 100ml",
    "unit": "each",
    "packageSize": "4 pack",
    "barcode": ["9310161014572"],
    "isAvailable": true,
    "locations": ["vic", "nsw", "qld", "wa", "sa", "tas", "nt", "act"]
  },
  {
    "id": "w263645-9310135020400",
    "store": "woolworths",
    "name": "Sara Lee Strawberry Cheesecake ",
    "brand": "Sara Lee",
    "price": 3.12,
    "orgPrice": 6.25,
    "categoryIds": ["freezer"],
    "imagePath": "https://cdn0.woolworths.media/content/wowproductimages/large/263645.jpg",
    "cupPrice": "$0.76 / 100g",
    "unit": "each",
    "packageSize": "410g",
    "barcode": ["9310135020400"],
    "isAvailable": true,
    "locations": ["vic", "nsw", "qld", "wa", "sa", "tas", "nt", "act"]
  },
  {
    "id": "w739139-9310135020530",
    "store": "woolworths",
    "name": "Sara Lee Tiramisu ",
    "brand": "Sara Lee",
    "price": 3.5,
    "orgPrice": 8.15,
    "categoryIds": ["freezer"],
    "imagePath": "https://cdn0.woolworths.media/content/wowproductimages/large/739139.jpg",
    "cupPrice": "$0.84 / 100g",
    "unit": "each",
    "packageSize": "415g",
    "barcode": ["9310135020530"],
    "isAvailable": true,
    "locations": ["vic", "nsw", "qld", "wa", "sa", "tas", "nt", "act"]
  },
  {
    "id": "w263636-9310135020387",
    "store": "woolworths",
    "name": "Sara Lee French Cream Cheesecake",
    "brand": "Sara Lee",
    "price": 3.12,
    "orgPrice": 6.25,
    "categoryIds": ["freezer"],
    "imagePath": "https://cdn0.woolworths.media/content/wowproductimages/large/263636.jpg",
    "cupPrice": "$0.87 / 100g",
    "unit": "each",
    "packageSize": "360g",
    "barcode": ["9310135020387"],
    "isAvailable": true,
    "locations": ["vic", "nsw", "qld", "wa", "sa", "tas", "nt", "act"]
  },
  {
    "id": "w635342-9343317000266",
    "store": "woolworths",
    "name": "Simply Wize Gluten Free Spring Rolls",
    "brand": "Simply Wize",
    "price": 6.4,
    "orgPrice": 8,
    "categoryIds": ["freezer"],
    "imagePath": "https://cdn0.woolworths.media/content/wowproductimages/large/635342.jpg",
    "cupPrice": "$2.81 / 100g",
    "unit": "each",
    "packageSize": "228g",
    "barcode": ["9343317000266"],
    "isAvailable": true,
    "locations": ["vic", "nsw", "qld", "wa", "sa", "tas", "nt", "act"]
  },
  {
    "id": "w77958-36632075376",
    "store": "woolworths",
    "name": "So Delicious Dairy Free Chocolate Cookies N Cr?me Cashew Ice Cream",
    "brand": "So Delicious",
    "price": 6,
    "orgPrice": 12,
    "categoryIds": ["freezer"],
    "imagePath": "https://cdn0.woolworths.media/content/wowproductimages/large/077958.jpg",
    "cupPrice": "$1.27 / 100ml",
    "unit": "each",
    "packageSize": "473ml",
    "barcode": ["36632075376"],
    "isAvailable": true,
    "locations": ["vic", "nsw", "qld", "wa", "sa", "tas", "nt", "act"]
  },
  {
    "id": "w78096-36632075345",
    "store": "woolworths",
    "name": "So Delicious Dairy Free Dipped Mocha Fudge Almond Ice Cream",
    "brand": "So Delicious",
    "price": 5.5,
    "orgPrice": 11,
    "categoryIds": ["freezer"],
    "imagePath": "https://cdn0.woolworths.media/content/wowproductimages/large/078096.jpg",
    "cupPrice": "$2.02 / 100ml",
    "unit": "each",
    "packageSize": "4 pack",
    "barcode": ["36632075345"],
    "isAvailable": true,
    "locations": ["vic", "nsw", "qld", "wa", "sa", "tas", "nt", "act"]
  },
  {
    "id": "w79122-36632075383",
    "store": "woolworths",
    "name": "So Delicious Dairy Free Salted Caramel N Choc Chip Cashew Ice Cream",
    "brand": "So Delicious",
    "price": 6,
    "orgPrice": 12,
    "categoryIds": ["freezer"],
    "imagePath": "https://cdn0.woolworths.media/content/wowproductimages/large/079122.jpg",
    "cupPrice": "$1.27 / 100ml",
    "unit": "each",
    "packageSize": "473ml",
    "barcode": ["36632075383"],
    "isAvailable": true,
    "locations": ["vic", "nsw", "qld", "wa", "sa", "tas", "nt", "act"]
  },
  {
    "id": "w78745-36632075369",
    "store": "woolworths",
    "name": "So Delicious Dairy Free Very Vanilla Cashew Ice Cream",
    "brand": "So Delicious",
    "price": 6,
    "orgPrice": 12,
    "categoryIds": ["freezer"],
    "imagePath": "https://cdn0.woolworths.media/content/wowproductimages/large/078745.jpg",
    "cupPrice": "$1.27 / 100ml",
    "unit": "each",
    "packageSize": "473ml",
    "barcode": ["36632075369"],
    "isAvailable": true,
    "locations": ["vic", "nsw", "qld", "wa", "sa", "tas", "nt", "act"]
  },
  {
    "id": "w54686-9349282000638",
    "store": "woolworths",
    "name": "Bodiez Vitalise Berry 15g Protein Water",
    "brand": "Bodiez",
    "price": 1.8,
    "orgPrice": 3.6,
    "categoryIds": ["drinks"],
    "imagePath": "https://cdn0.woolworths.media/content/wowproductimages/large/054686.jpg",
    "cupPrice": "$3.60 / 1l",
    "unit": "each",
    "packageSize": "500ml",
    "barcode": ["9349282000638"],
    "isAvailable": true,
    "locations": ["vic", "nsw", "qld", "wa", "sa", "tas", "nt", "act"]
  },
  {
    "id": "w54675-9349282000645",
    "store": "woolworths",
    "name": "Bodiez Vitalise Lemon Lime 15g Protein Water",
    "brand": "Bodiez",
    "price": 1.8,
    "orgPrice": 3.6,
    "categoryIds": ["drinks"],
    "imagePath": "https://cdn0.woolworths.media/content/wowproductimages/large/054675.jpg",
    "cupPrice": "$3.60 / 1l",
    "unit": "each",
    "packageSize": "500ml",
    "barcode": ["9349282000645"],
    "isAvailable": true,
    "locations": ["vic", "nsw", "qld", "wa", "sa", "tas", "nt", "act"]
  },
  {
    "id": "w61962-9313820000473",
    "store": "woolworths",
    "name": "Pepsi Max Bottles ",
    "brand": "Pepsi",
    "price": 2.92,
    "orgPrice": 5.85,
    "categoryIds": ["drinks"],
    "imagePath": "https://cdn0.woolworths.media/content/wowproductimages/large/061962.jpg",
    "cupPrice": "$2.43 / 1l",
    "unit": "each",
    "packageSize": "300ml x4 pack",
    "barcode": ["9313820000473"],
    "isAvailable": true,
    "locations": ["vic", "nsw", "qld", "wa", "sa", "tas", "nt", "act"]
  },
  {
    "id": "w253771-9315596000602",
    "store": "woolworths",
    "name": "Schweppes Bitter Lemon ",
    "brand": "Schweppes",
    "price": 2.92,
    "orgPrice": 5.85,
    "categoryIds": ["drinks"],
    "imagePath": "https://cdn0.woolworths.media/content/wowproductimages/large/253771.jpg",
    "cupPrice": "$2.43 / 1l",
    "unit": "each",
    "packageSize": "4 x300ml",
    "barcode": ["9315596000602"],
    "isAvailable": true,
    "locations": ["vic", "nsw", "qld", "wa", "sa", "tas", "nt", "act"]
  },
  {
    "id": "w253811-9315596000640",
    "store": "woolworths",
    "name": "Schweppes Dry Ginger Ale ",
    "brand": "Schweppes",
    "price": 2.92,
    "orgPrice": 5.85,
    "categoryIds": ["drinks"],
    "imagePath": "https://cdn0.woolworths.media/content/wowproductimages/large/253811.jpg",
    "cupPrice": "$2.43 / 1l",
    "unit": "each",
    "packageSize": "4 x300ml",
    "barcode": ["9315596000640"],
    "isAvailable": true,
    "locations": ["vic", "nsw", "qld", "wa", "sa", "tas", "nt", "act"]
  },
  {
    "id": "w253773-9315596000725",
    "store": "woolworths",
    "name": "Schweppes Dry Ginger Ale Zero Sugar ",
    "brand": "Schweppes",
    "price": 2.92,
    "orgPrice": 5.85,
    "categoryIds": ["drinks"],
    "imagePath": "https://cdn0.woolworths.media/content/wowproductimages/large/253773.jpg",
    "cupPrice": "$2.43 / 1l",
    "unit": "each",
    "packageSize": "4 x300ml",
    "barcode": ["9315596000725"],
    "isAvailable": true,
    "locations": ["vic", "nsw", "qld", "wa", "sa", "tas", "nt", "act"]
  },
  {
    "id": "w253808-9315596000589",
    "store": "woolworths",
    "name": "Schweppes Indian Tonic Water ",
    "brand": "Schweppes",
    "price": 2.92,
    "orgPrice": 5.85,
    "categoryIds": ["drinks"],
    "imagePath": "https://cdn0.woolworths.media/content/wowproductimages/large/253808.jpg",
    "cupPrice": "$2.43 / 1l",
    "unit": "each",
    "packageSize": "4 x300ml",
    "barcode": ["9315596000589"],
    "isAvailable": true,
    "locations": ["vic", "nsw", "qld", "wa", "sa", "tas", "nt", "act"]
  },
  {
    "id": "w253760-9315596000718",
    "store": "woolworths",
    "name": "Schweppes Indian Tonic Water Zero Sugar ",
    "brand": "Schweppes",
    "price": 2.92,
    "orgPrice": 5.85,
    "categoryIds": ["drinks"],
    "imagePath": "https://cdn0.woolworths.media/content/wowproductimages/large/253760.jpg",
    "cupPrice": "$2.43 / 1l",
    "unit": "each",
    "packageSize": "4 x300ml",
    "barcode": ["9315596000718"],
    "isAvailable": true,
    "locations": ["vic", "nsw", "qld", "wa", "sa", "tas", "nt", "act"]
  },
  {
    "id": "w253766-9315596000633",
    "store": "woolworths",
    "name": "Schweppes Lemon Lime & Bitters ",
    "brand": "Schweppes",
    "price": 2.92,
    "orgPrice": 5.85,
    "categoryIds": ["drinks"],
    "imagePath": "https://cdn0.woolworths.media/content/wowproductimages/large/253766.jpg",
    "cupPrice": "$2.43 / 1l",
    "unit": "each",
    "packageSize": "4 x300ml",
    "barcode": ["9315596000633"],
    "isAvailable": true,
    "locations": ["vic", "nsw", "qld", "wa", "sa", "tas", "nt", "act"]
  },
  {
    "id": "w253828-9315596000657",
    "store": "woolworths",
    "name": "Schweppes Lemonade ",
    "brand": "Schweppes",
    "price": 2.92,
    "orgPrice": 5.85,
    "categoryIds": ["drinks"],
    "imagePath": "https://cdn0.woolworths.media/content/wowproductimages/large/253828.jpg",
    "cupPrice": "$2.43 / 1l",
    "unit": "each",
    "packageSize": "4 x300ml",
    "barcode": ["9315596000657"],
    "isAvailable": true,
    "locations": ["vic", "nsw", "qld", "wa", "sa", "tas", "nt", "act"]
  },
  {
    "id": "w253762-9315596000596",
    "store": "woolworths",
    "name": "Schweppes Natural Mineral Water Water",
    "brand": "Schweppes",
    "price": 2.92,
    "orgPrice": 5.85,
    "categoryIds": ["drinks"],
    "imagePath": "https://cdn0.woolworths.media/content/wowproductimages/large/253762.jpg",
    "cupPrice": "$2.43 / 1l",
    "unit": "each",
    "packageSize": "4 x300ml",
    "barcode": ["9315596000596"],
    "isAvailable": true,
    "locations": ["vic", "nsw", "qld", "wa", "sa", "tas", "nt", "act"]
  },
  {
    "id": "w253770-9315596000572",
    "store": "woolworths",
    "name": "Schweppes Soda Water ",
    "brand": "Schweppes",
    "price": 2.92,
    "orgPrice": 5.85,
    "categoryIds": ["drinks"],
    "imagePath": "https://cdn0.woolworths.media/content/wowproductimages/large/253770.jpg",
    "cupPrice": "$2.43 / 1l",
    "unit": "each",
    "packageSize": "4 x300ml",
    "barcode": ["9315596000572"],
    "isAvailable": true,
    "locations": ["vic", "nsw", "qld", "wa", "sa", "tas", "nt", "act"]
  },
  {
    "id": "w769629-9344960000016",
    "store": "woolworths",
    "name": "Thankyou. Still Water",
    "brand": "Thankyou.",
    "price": 0.6,
    "orgPrice": 2.1,
    "categoryIds": ["drinks"],
    "imagePath": "https://cdn0.woolworths.media/content/wowproductimages/large/769629.jpg",
    "cupPrice": "$0.40 / 1l",
    "unit": "each",
    "packageSize": "1.5l",
    "barcode": ["9344960000016"],
    "isAvailable": true,
    "locations": ["vic", "nsw", "qld", "wa", "sa", "tas", "nt", "act"]
  },
  {
    "id": "w88601-322591000901",
    "store": "woolworths",
    "name": "World's Best Cat Litter Clumping Cat Litter ",
    "brand": "World's Best Cat Litter",
    "price": 10,
    "orgPrice": 20,
    "categoryIds": ["pet"],
    "imagePath": "https://cdn0.woolworths.media/content/wowproductimages/large/088601.jpg",
    "cupPrice": "$2.75 / 1kg",
    "unit": "each",
    "packageSize": "3.63kg",
    "barcode": ["322591000901"],
    "isAvailable": true,
    "locations": ["vic", "nsw", "qld", "wa", "sa", "tas", "nt", "act"]
  },
  {
    "id": "w90482-322591006255",
    "store": "woolworths",
    "name": "World's Best Cat Litter Multiplie Cat Clumping Litter ",
    "brand": "World's Best Cat Litter",
    "price": 10,
    "orgPrice": 20,
    "categoryIds": ["pet"],
    "imagePath": "https://cdn0.woolworths.media/content/wowproductimages/large/090482.jpg",
    "cupPrice": "$2.75 / 1kg",
    "unit": "each",
    "packageSize": "3.63kg",
    "barcode": ["322591006255"],
    "isAvailable": true,
    "locations": ["vic", "nsw", "qld", "wa", "sa", "tas", "nt", "act"]
  },
  {
    "id": "w766335-9421027311077",
    "store": "woolworths",
    "name": "Earthwise Baby Body Wash Goats Milk",
    "brand": "Earthwise",
    "price": 3.5,
    "orgPrice": 7,
    "categoryIds": ["baby"],
    "imagePath": "https://cdn0.woolworths.media/content/wowproductimages/large/766335.jpg",
    "cupPrice": "$1.27 / 100ml",
    "unit": "each",
    "packageSize": "275ml",
    "barcode": ["9421027311077"],
    "isAvailable": true,
    "locations": ["vic", "nsw", "qld", "wa", "sa", "tas", "nt", "act"]
  },
  {
    "id": "w766316-9421027311060",
    "store": "woolworths",
    "name": "Earthwise Baby Shampoo With Goats Milk ",
    "brand": "Earthwise",
    "price": 3.5,
    "orgPrice": 7,
    "categoryIds": ["health-beauty", "baby"],
    "imagePath": "https://cdn0.woolworths.media/content/wowproductimages/large/766316.jpg",
    "cupPrice": "$1.27 / 100ml",
    "unit": "each",
    "packageSize": "275ml",
    "barcode": ["9421027311060"],
    "isAvailable": true,
    "locations": ["vic", "nsw", "qld", "wa", "sa", "tas", "nt", "act"]
  },
  {
    "id": "w4214-9421027313064",
    "store": "woolworths",
    "name": "Earthwise Nourish Baby Bedtime Bath ",
    "brand": "Earthwise",
    "price": 3.5,
    "orgPrice": 7,
    "categoryIds": ["baby"],
    "imagePath": "https://cdn0.woolworths.media/content/wowproductimages/large/004214.jpg",
    "cupPrice": "$1.27 / 100ml",
    "unit": "each",
    "packageSize": "275ml",
    "barcode": ["9421027313064"],
    "isAvailable": true,
    "locations": ["vic", "nsw", "qld", "wa", "sa", "tas", "nt", "act"]
  },
  {
    "id": "w17206-9339687093571",
    "store": "woolworths",
    "name": "Little Wishes Weaning Pots ",
    "brand": "Little Wishes",
    "price": 2,
    "orgPrice": 5,
    "categoryIds": ["baby"],
    "imagePath": "https://cdn0.woolworths.media/content/wowproductimages/large/017206.jpg",
    "cupPrice": "$1.00 / 1ea",
    "unit": "each",
    "packageSize": "2 pack",
    "barcode": ["9339687093571"],
    "isAvailable": true,
    "locations": ["vic", "nsw", "qld", "wa", "sa", "tas", "nt", "act"]
  },
  {
    "id": "w63111-9421029556551",
    "store": "woolworths",
    "name": "Bar None Conditioner Damaged Hair ",
    "brand": "Bar None",
    "price": 10,
    "orgPrice": 20,
    "categoryIds": ["health-beauty"],
    "imagePath": "https://cdn0.woolworths.media/content/wowproductimages/large/063111.jpg",
    "cupPrice": "$2.50 / 100ml",
    "unit": "each",
    "packageSize": "400ml",
    "barcode": ["9421029556551"],
    "isAvailable": true,
    "locations": ["vic", "nsw", "qld", "wa", "sa", "tas", "nt", "act"]
  },
  {
    "id": "w63124-9421029556612",
    "store": "woolworths",
    "name": "Bar None Conditioner Hydrating Hair ",
    "brand": "Bar None",
    "price": 10,
    "orgPrice": 20,
    "categoryIds": ["health-beauty"],
    "imagePath": "https://cdn0.woolworths.media/content/wowproductimages/large/063124.jpg",
    "cupPrice": "$2.50 / 100ml",
    "unit": "each",
    "packageSize": "400ml",
    "barcode": ["9421029556612"],
    "isAvailable": true,
    "locations": ["vic", "nsw", "qld", "wa", "sa", "tas", "nt", "act"]
  },
  {
    "id": "w63123-9421029556599",
    "store": "woolworths",
    "name": "Bar None Conditioner Normal Hair ",
    "brand": "Bar None",
    "price": 10,
    "orgPrice": 20,
    "categoryIds": ["health-beauty"],
    "imagePath": "https://cdn0.woolworths.media/content/wowproductimages/large/063123.jpg",
    "cupPrice": "$2.50 / 100ml",
    "unit": "each",
    "packageSize": "400ml",
    "barcode": ["9421029556599"],
    "isAvailable": true,
    "locations": ["vic", "nsw", "qld", "wa", "sa", "tas", "nt", "act"]
  },
  {
    "id": "w810677-9421029554014",
    "store": "woolworths",
    "name": "Bar None Hydrating Conditioner Bar",
    "brand": "Bar None",
    "price": 8,
    "orgPrice": 16,
    "categoryIds": ["health-beauty"],
    "imagePath": "https://cdn0.woolworths.media/content/wowproductimages/large/810677.jpg",
    "cupPrice": "$8.00 / 100g",
    "unit": "each",
    "packageSize": "100g",
    "barcode": ["9421029554014"],
    "isAvailable": true,
    "locations": ["vic", "nsw", "qld", "wa", "sa", "tas", "nt", "act"]
  },
  {
    "id": "w63110-9421029556544",
    "store": "woolworths",
    "name": "Bar None Shampoo Damaged Hair ",
    "brand": "Bar None",
    "price": 10,
    "orgPrice": 20,
    "categoryIds": ["health-beauty"],
    "imagePath": "https://cdn0.woolworths.media/content/wowproductimages/large/063110.jpg",
    "cupPrice": "$2.50 / 100ml",
    "unit": "each",
    "packageSize": "400ml",
    "barcode": ["9421029556544"],
    "isAvailable": true,
    "locations": ["vic", "nsw", "qld", "wa", "sa", "tas", "nt", "act"]
  },
  {
    "id": "w63115-9421029556605",
    "store": "woolworths",
    "name": "Bar None Shampoo Hydrating Hair ",
    "brand": "Bar None",
    "price": 10,
    "orgPrice": 20,
    "categoryIds": ["health-beauty"],
    "imagePath": "https://cdn0.woolworths.media/content/wowproductimages/large/063115.jpg",
    "cupPrice": "$2.50 / 100ml",
    "unit": "each",
    "packageSize": "400ml",
    "barcode": ["9421029556605"],
    "isAvailable": true,
    "locations": ["vic", "nsw", "qld", "wa", "sa", "tas", "nt", "act"]
  },
  {
    "id": "w63113-9421029556582",
    "store": "woolworths",
    "name": "Bar None Shampoo Normal Hair ",
    "brand": "Bar None",
    "price": 10,
    "orgPrice": 20,
    "categoryIds": ["health-beauty"],
    "imagePath": "https://cdn0.woolworths.media/content/wowproductimages/large/063113.jpg",
    "cupPrice": "$2.50 / 100ml",
    "unit": "each",
    "packageSize": "400ml",
    "barcode": ["9421029556582"],
    "isAvailable": true,
    "locations": ["vic", "nsw", "qld", "wa", "sa", "tas", "nt", "act"]
  },
  {
    "id": "w53310-5060144644008",
    "store": "woolworths",
    "name": "Bulldog Oil Control Face Wash",
    "brand": "Bulldog",
    "price": 5,
    "orgPrice": 10,
    "categoryIds": ["health-beauty"],
    "imagePath": "https://cdn0.woolworths.media/content/wowproductimages/large/053310.jpg",
    "cupPrice": "$3.33 / 100ml",
    "unit": "each",
    "packageSize": "150ml",
    "barcode": ["5060144644008"],
    "isAvailable": true,
    "locations": ["vic", "nsw", "qld", "wa", "sa", "tas", "nt", "act"]
  },
  {
    "id": "w53343-5060144643988",
    "store": "woolworths",
    "name": "Bulldog Oil Control Moisturiser",
    "brand": "Bulldog",
    "price": 6.25,
    "orgPrice": 12.5,
    "categoryIds": ["health-beauty"],
    "imagePath": "https://cdn0.woolworths.media/content/wowproductimages/large/053343.jpg",
    "cupPrice": "$6.25 / 100ml",
    "unit": "each",
    "packageSize": "100ml",
    "barcode": ["5060144643988"],
    "isAvailable": true,
    "locations": ["vic", "nsw", "qld", "wa", "sa", "tas", "nt", "act"]
  },
  {
    "id": "w780016-9300705604949",
    "store": "woolworths",
    "name": "Cenovis Cold Sore Complex Tablets",
    "brand": "Cenovis",
    "price": 7,
    "orgPrice": 14,
    "categoryIds": ["health-beauty"],
    "imagePath": "https://cdn0.woolworths.media/content/wowproductimages/large/780016.jpg",
    "cupPrice": "$23.33 / 100ea",
    "unit": "each",
    "packageSize": "30 pack",
    "barcode": ["9300705604949"],
    "isAvailable": true,
    "locations": ["vic", "nsw", "qld", "wa", "sa", "tas", "nt", "act"]
  },
  {
    "id": "w205649-9300705602648",
    "store": "woolworths",
    "name": "Cenovis Echinacea 5000 Capsules",
    "brand": "Cenovis",
    "price": 7.5,
    "orgPrice": 15,
    "categoryIds": ["health-beauty"],
    "imagePath": "https://cdn0.woolworths.media/content/wowproductimages/large/205649.jpg",
    "cupPrice": "$12.50 / 100ea",
    "unit": "each",
    "packageSize": "60 pack",
    "barcode": ["9300705602648"],
    "isAvailable": true,
    "locations": ["vic", "nsw", "qld", "wa", "sa", "tas", "nt", "act"]
  },
  {
    "id": "w82194-9300705031455",
    "store": "woolworths",
    "name": "Cenovis Echinacea, Garlic, Zinc + C Tablets",
    "brand": "Cenovis",
    "price": 8,
    "orgPrice": 16,
    "categoryIds": ["health-beauty"],
    "imagePath": "https://cdn0.woolworths.media/content/wowproductimages/large/082194.jpg",
    "cupPrice": "$13.33 / 100ea",
    "unit": "each",
    "packageSize": "60 pack",
    "barcode": ["9300705031455"],
    "isAvailable": true,
    "locations": ["vic", "nsw", "qld", "wa", "sa", "tas", "nt", "act"]
  },
  {
    "id": "w324756-9300705603768",
    "store": "woolworths",
    "name": "Cenovis Echinacea, Garlic, Zinc + C Tablets",
    "brand": "Cenovis",
    "price": 13,
    "orgPrice": 26,
    "categoryIds": ["health-beauty"],
    "imagePath": "https://cdn0.woolworths.media/content/wowproductimages/large/324756.jpg",
    "cupPrice": "$10.40 / 100ea",
    "unit": "each",
    "packageSize": "125 pack",
    "barcode": ["9300705603768"],
    "isAvailable": true,
    "locations": ["vic", "nsw", "qld", "wa", "sa", "tas", "nt", "act"]
  },
  {
    "id": "w233149-9300705602839",
    "store": "woolworths",
    "name": "Cenovis Garlic, Horseradish + C Complex Capsules",
    "brand": "Cenovis",
    "price": 8.2,
    "orgPrice": 16.5,
    "categoryIds": ["health-beauty"],
    "imagePath": "https://cdn0.woolworths.media/content/wowproductimages/large/233149.jpg",
    "cupPrice": "$6.83 / 100ea",
    "unit": "each",
    "packageSize": "120 pack",
    "barcode": ["9300705602839"],
    "isAvailable": true,
    "locations": ["vic", "nsw", "qld", "wa", "sa", "tas", "nt", "act"]
  },
  {
    "id": "w216943-9300705602662",
    "store": "woolworths",
    "name": "Cenovis Ginkgo Biloba 2000 Tablets Value Pack",
    "brand": "Cenovis",
    "price": 8,
    "orgPrice": 16,
    "categoryIds": ["health-beauty"],
    "imagePath": "https://cdn0.woolworths.media/content/wowproductimages/large/216943.jpg",
    "cupPrice": "$8.00 / 100ea",
    "unit": "each",
    "packageSize": "100 pack",
    "barcode": ["9300705602662"],
    "isAvailable": true,
    "locations": ["vic", "nsw", "qld", "wa", "sa", "tas", "nt", "act"]
  },
  {
    "id": "w61133-9300705605762",
    "store": "woolworths",
    "name": "Cenovis Hair, Skin & Nails Tablets",
    "brand": "Cenovis",
    "price": 8.25,
    "orgPrice": 16.5,
    "categoryIds": ["health-beauty"],
    "imagePath": "https://cdn0.woolworths.media/content/wowproductimages/large/061133.jpg",
    "cupPrice": "$13.75 / 100ea",
    "unit": "each",
    "packageSize": "60 pack",
    "barcode": ["9300705605762"],
    "isAvailable": true,
    "locations": ["vic", "nsw", "qld", "wa", "sa", "tas", "nt", "act"]
  },
  {
    "id": "w85959-9300705605922",
    "store": "woolworths",
    "name": "Cenovis Hello Calm Tablets ",
    "brand": "Cenovis",
    "price": 10,
    "orgPrice": 20,
    "categoryIds": ["health-beauty"],
    "imagePath": "https://cdn0.woolworths.media/content/wowproductimages/large/085959.jpg",
    "cupPrice": "$0.33 / 1ea",
    "unit": "each",
    "packageSize": "30 pack",
    "barcode": ["9300705605922"],
    "isAvailable": true,
    "locations": ["vic", "nsw", "qld", "wa", "sa", "tas", "nt", "act"]
  },
  {
    "id": "w85958-9300705605908",
    "store": "woolworths",
    "name": "Cenovis Hello Detox Capsules ",
    "brand": "Cenovis",
    "price": 10,
    "orgPrice": 20,
    "categoryIds": ["health-beauty"],
    "imagePath": "https://cdn0.woolworths.media/content/wowproductimages/large/085958.jpg",
    "cupPrice": "$0.33 / 1ea",
    "unit": "each",
    "packageSize": "30 pack",
    "barcode": ["9300705605908"],
    "isAvailable": true,
    "locations": ["vic", "nsw", "qld", "wa", "sa", "tas", "nt", "act"]
  },
  {
    "id": "w85956-9300705605892",
    "store": "woolworths",
    "name": "Cenovis Hello Energy Tablets ",
    "brand": "Cenovis",
    "price": 10,
    "orgPrice": 20,
    "categoryIds": ["health-beauty"],
    "imagePath": "https://cdn0.woolworths.media/content/wowproductimages/large/085956.jpg",
    "cupPrice": "$0.33 / 1ea",
    "unit": "each",
    "packageSize": "30 pack",
    "barcode": ["9300705605892"],
    "isAvailable": true,
    "locations": ["vic", "nsw", "qld", "wa", "sa", "tas", "nt", "act"]
  },
  {
    "id": "w85962-9300705605885",
    "store": "woolworths",
    "name": "Cenovis Hello Focus Tablets",
    "brand": "Cenovis",
    "price": 10,
    "orgPrice": 20,
    "categoryIds": ["health-beauty"],
    "imagePath": "https://cdn0.woolworths.media/content/wowproductimages/large/085962.jpg",
    "cupPrice": "$0.33 / 1ea",
    "unit": "each",
    "packageSize": "30 pack",
    "barcode": ["9300705605885"],
    "isAvailable": true,
    "locations": ["vic", "nsw", "qld", "wa", "sa", "tas", "nt", "act"]
  },
  {
    "id": "w85963-9300705605915",
    "store": "woolworths",
    "name": "Cenovis Hello Immunity Chewable Tablets",
    "brand": "Cenovis",
    "price": 10,
    "orgPrice": 20,
    "categoryIds": ["health-beauty"],
    "imagePath": "https://cdn0.woolworths.media/content/wowproductimages/large/085963.jpg",
    "cupPrice": "$0.33 / 1ea",
    "unit": "each",
    "packageSize": "30 pack",
    "barcode": ["9300705605915"],
    "isAvailable": true,
    "locations": ["vic", "nsw", "qld", "wa", "sa", "tas", "nt", "act"]
  },
  {
    "id": "w460962-9300705605441",
    "store": "woolworths",
    "name": "Cenovis Iron Plus Tablets",
    "brand": "Cenovis",
    "price": 6.5,
    "orgPrice": 13,
    "categoryIds": ["health-beauty"],
    "imagePath": "https://cdn0.woolworths.media/content/wowproductimages/large/460962.jpg",
    "cupPrice": "$8.13 / 100ea",
    "unit": "each",
    "packageSize": "80 pack",
    "barcode": ["9300705605441"],
    "isAvailable": true,
    "locations": ["vic", "nsw", "qld", "wa", "sa", "tas", "nt", "act"]
  },
  {
    "id": "w85594-9300705606028",
    "store": "woolworths",
    "name": "Cenovis Mega C 1000mg Chewable Tablets Orange Flavour",
    "brand": "Cenovis",
    "price": 7.5,
    "orgPrice": 15,
    "categoryIds": ["health-beauty"],
    "imagePath": "https://cdn0.woolworths.media/content/wowproductimages/large/085594.jpg",
    "cupPrice": "$7.50 / 100ea",
    "unit": "each",
    "packageSize": "100 pack",
    "barcode": ["9300705606028"],
    "isAvailable": true,
    "locations": ["vic", "nsw", "qld", "wa", "sa", "tas", "nt", "act"]
  },
  {
    "id": "w256184-9300705603072",
    "store": "woolworths",
    "name": "Cenovis Mega E 500iu Capsules Value Pack",
    "brand": "Cenovis",
    "price": 18.5,
    "orgPrice": 37,
    "categoryIds": ["health-beauty"],
    "imagePath": "https://cdn0.woolworths.media/content/wowproductimages/large/256184.jpg",
    "cupPrice": "$7.40 / 100ea",
    "unit": "each",
    "packageSize": "250 pack",
    "barcode": ["9300705603072"],
    "isAvailable": true,
    "locations": ["vic", "nsw", "qld", "wa", "sa", "tas", "nt", "act"]
  },
  {
    "id": "w532114-9300705605649",
    "store": "woolworths",
    "name": "Cenovis Once Daily Men's Multi Capsules",
    "brand": "Cenovis",
    "price": 8,
    "orgPrice": 16,
    "categoryIds": ["health-beauty"],
    "imagePath": "https://cdn0.woolworths.media/content/wowproductimages/large/532114.jpg",
    "cupPrice": "$16.00 / 100ea",
    "unit": "each",
    "packageSize": "50 pack",
    "barcode": ["9300705605649"],
    "isAvailable": true,
    "locations": ["vic", "nsw", "qld", "wa", "sa", "tas", "nt", "act"]
  },
  {
    "id": "w85592-9300705605847",
    "store": "woolworths",
    "name": "Cenovis Once Daily Men's Multi + Performance Capsules",
    "brand": "Cenovis",
    "price": 15,
    "orgPrice": 30,
    "categoryIds": ["health-beauty"],
    "imagePath": "https://cdn0.woolworths.media/content/wowproductimages/large/085592.jpg",
    "cupPrice": "$15.00 / 100ea",
    "unit": "each",
    "packageSize": "100 pack",
    "barcode": ["9300705605847"],
    "isAvailable": true,
    "locations": ["vic", "nsw", "qld", "wa", "sa", "tas", "nt", "act"]
  },
  {
    "id": "w532118-9300705605823",
    "store": "woolworths",
    "name": "Cenovis Once Daily Women's Multi Capsules",
    "brand": "Cenovis",
    "price": 8,
    "orgPrice": 16,
    "categoryIds": ["health-beauty"],
    "imagePath": "https://cdn0.woolworths.media/content/wowproductimages/large/532118.jpg",
    "cupPrice": "$16.00 / 100ea",
    "unit": "each",
    "packageSize": "50 pack",
    "barcode": ["9300705605823"],
    "isAvailable": true,
    "locations": ["vic", "nsw", "qld", "wa", "sa", "tas", "nt", "act"]
  },
  {
    "id": "w85596-9300705605861",
    "store": "woolworths",
    "name": "Cenovis Once Daily Women's Multi + Energy Boost Capsules",
    "brand": "Cenovis",
    "price": 15,
    "orgPrice": 30,
    "categoryIds": ["health-beauty"],
    "imagePath": "https://cdn0.woolworths.media/content/wowproductimages/large/085596.jpg",
    "cupPrice": "$15.00 / 100ea",
    "unit": "each",
    "packageSize": "100 pack",
    "barcode": ["9300705605861"],
    "isAvailable": true,
    "locations": ["vic", "nsw", "qld", "wa", "sa", "tas", "nt", "act"]
  },
  {
    "id": "w85593-9300705606004",
    "store": "woolworths",
    "name": "Cenovis Sugarless C 500mg Tablets Orange Flavour",
    "brand": "Cenovis",
    "price": 6,
    "orgPrice": 12,
    "categoryIds": ["health-beauty"],
    "imagePath": "https://cdn0.woolworths.media/content/wowproductimages/large/085593.jpg",
    "cupPrice": "$3.75 / 100ea",
    "unit": "each",
    "packageSize": "160 pack",
    "barcode": ["9300705606004"],
    "isAvailable": true,
    "locations": ["vic", "nsw", "qld", "wa", "sa", "tas", "nt", "act"]
  },
  {
    "id": "w828923-9300705605229",
    "store": "woolworths",
    "name": "Cenovis Vitamin C 250mg Tablets Orange Flavour",
    "brand": "Cenovis",
    "price": 5.25,
    "orgPrice": 10.5,
    "categoryIds": ["health-beauty"],
    "imagePath": "https://cdn0.woolworths.media/content/wowproductimages/large/828923.jpg",
    "cupPrice": "$3.50 / 100ea",
    "unit": "each",
    "packageSize": "150 pack",
    "barcode": ["9300705605229"],
    "isAvailable": true,
    "locations": ["vic", "nsw", "qld", "wa", "sa", "tas", "nt", "act"]
  },
  {
    "id": "w460958-9300705605397",
    "store": "woolworths",
    "name": "Cenovis Zinc Plus Tablets",
    "brand": "Cenovis",
    "price": 6.5,
    "orgPrice": 13,
    "categoryIds": ["health-beauty"],
    "imagePath": "https://cdn0.woolworths.media/content/wowproductimages/large/460958.jpg",
    "cupPrice": "$4.33 / 100ea",
    "unit": "each",
    "packageSize": "150 pack",
    "barcode": ["9300705605397"],
    "isAvailable": true,
    "locations": ["vic", "nsw", "qld", "wa", "sa", "tas", "nt", "act"]
  },
  {
    "id": "w570287-9300632088249",
    "store": "woolworths",
    "name": "Colgate 360 Degrees Advanced Active Plaque Removal Toothbrush Soft",
    "brand": "Colgate",
    "price": 3,
    "orgPrice": 6,
    "categoryIds": ["health-beauty"],
    "imagePath": "https://cdn0.woolworths.media/content/wowproductimages/large/570287.jpg",
    "cupPrice": "$3.00 / 1ea",
    "unit": "each",
    "packageSize": "each",
    "barcode": ["9300632088249"],
    "isAvailable": true,
    "locations": ["vic", "nsw", "qld", "wa", "sa", "tas", "nt", "act"]
  },
  {
    "id": "w570288-9300632088232",
    "store": "woolworths",
    "name": "Colgate 360 Degrees Advanced Plaque Removal Toothbrush Medium",
    "brand": "Colgate",
    "price": 3,
    "orgPrice": 6,
    "categoryIds": ["health-beauty"],
    "imagePath": "https://cdn0.woolworths.media/content/wowproductimages/large/570288.jpg",
    "cupPrice": "$3.00 / 1ea",
    "unit": "each",
    "packageSize": "each",
    "barcode": ["9300632088232"],
    "isAvailable": true,
    "locations": ["vic", "nsw", "qld", "wa", "sa", "tas", "nt", "act"]
  },
  {
    "id": "w214684-8714789183800",
    "store": "woolworths",
    "name": "Colgate 360 Degrees Whole Mouth Clean Compact Head Toothbrush Medium",
    "brand": "Colgate",
    "price": 2.5,
    "orgPrice": 5,
    "categoryIds": ["health-beauty"],
    "imagePath": "https://cdn0.woolworths.media/content/wowproductimages/large/214684.jpg",
    "cupPrice": "$2.50 / 1ea",
    "unit": "each",
    "packageSize": "each",
    "barcode": ["8714789183800"],
    "isAvailable": true,
    "locations": ["vic", "nsw", "qld", "wa", "sa", "tas", "nt", "act"]
  },
  {
    "id": "w214489-8714789183824",
    "store": "woolworths",
    "name": "Colgate 360 Degrees Whole Mouth Clean Compact Head Toothbrush Soft",
    "brand": "Colgate",
    "price": 2.5,
    "orgPrice": 5,
    "categoryIds": ["health-beauty"],
    "imagePath": "https://cdn0.woolworths.media/content/wowproductimages/large/214489.jpg",
    "cupPrice": "$2.50 / 1ea",
    "unit": "each",
    "packageSize": "each",
    "barcode": ["8714789183824"],
    "isAvailable": true,
    "locations": ["vic", "nsw", "qld", "wa", "sa", "tas", "nt", "act"]
  },
  {
    "id": "w819800-6920354823800",
    "store": "woolworths",
    "name": "Colgate Advanced Whitening Charcoal Fluoride Toothpaste",
    "brand": "Colgate",
    "price": 3.5,
    "orgPrice": 7,
    "categoryIds": ["health-beauty"],
    "imagePath": "https://cdn0.woolworths.media/content/wowproductimages/large/819800.jpg",
    "cupPrice": "$2.06 / 100g",
    "unit": "each",
    "packageSize": "170g",
    "barcode": ["6920354823800"],
    "isAvailable": true,
    "locations": ["vic", "nsw", "qld", "wa", "sa", "tas", "nt", "act"]
  },
  {
    "id": "w581409-8850006342701",
    "store": "woolworths",
    "name": "Colgate Advanced Whitening Fluoride Whiter Teeth Toothpaste",
    "brand": "Colgate",
    "price": 3.5,
    "orgPrice": 7,
    "categoryIds": ["health-beauty"],
    "imagePath": "https://cdn0.woolworths.media/content/wowproductimages/large/581409.jpg",
    "cupPrice": "$1.84 / 100g",
    "unit": "each",
    "packageSize": "190g",
    "barcode": ["8850006342701"],
    "isAvailable": true,
    "locations": ["vic", "nsw", "qld", "wa", "sa", "tas", "nt", "act"]
  },
  {
    "id": "w704088-8850006327517",
    "store": "woolworths",
    "name": "Colgate Advanced Whitening Tartar Control Toothpaste",
    "brand": "Colgate",
    "price": 3.5,
    "orgPrice": 7,
    "categoryIds": ["health-beauty"],
    "imagePath": "https://cdn0.woolworths.media/content/wowproductimages/large/704088.jpg",
    "cupPrice": "$1.84 / 100g",
    "unit": "each",
    "packageSize": "190g",
    "barcode": ["8850006327517"],
    "isAvailable": true,
    "locations": ["vic", "nsw", "qld", "wa", "sa", "tas", "nt", "act"]
  },
  {
    "id": "w704025-8850006327487",
    "store": "woolworths",
    "name": "Colgate Max Fresh Breath Toothpaste Cool Mint",
    "brand": "Colgate",
    "price": 3.5,
    "orgPrice": 7,
    "categoryIds": ["health-beauty"],
    "imagePath": "https://cdn0.woolworths.media/content/wowproductimages/large/704025.jpg",
    "cupPrice": "$1.84 / 100g",
    "unit": "each",
    "packageSize": "190g",
    "barcode": ["8850006327487"],
    "isAvailable": true,
    "locations": ["vic", "nsw", "qld", "wa", "sa", "tas", "nt", "act"]
  },
  {
    "id": "w822314-6920354823688",
    "store": "woolworths",
    "name": "Colgate Nature's Extracts Pure Clean Charcoal + Mint Toothpaste",
    "brand": "Colgate",
    "price": 4,
    "orgPrice": 8,
    "categoryIds": ["health-beauty"],
    "imagePath": "https://cdn0.woolworths.media/content/wowproductimages/large/822314.jpg",
    "cupPrice": "$4.00 / 100g",
    "unit": "each",
    "packageSize": "100g",
    "barcode": ["6920354823688"],
    "isAvailable": true,
    "locations": ["vic", "nsw", "qld", "wa", "sa", "tas", "nt", "act"]
  },
  {
    "id": "w24730-9400541425002",
    "store": "woolworths",
    "name": "Colgate Plax Alcohol Free Freshmint Mouthwash",
    "brand": "Colgate",
    "price": 3,
    "orgPrice": 6,
    "categoryIds": ["health-beauty"],
    "imagePath": "https://cdn0.woolworths.media/content/wowproductimages/large/024730.jpg",
    "cupPrice": "$0.60 / 100ml",
    "unit": "each",
    "packageSize": "500ml",
    "barcode": ["9400541425002"],
    "isAvailable": true,
    "locations": ["vic", "nsw", "qld", "wa", "sa", "tas", "nt", "act"]
  },
  {
    "id": "w750056-8850006305355",
    "store": "woolworths",
    "name": "Colgate Plax Alcohol Free Mouthwash Fresh Tea",
    "brand": "Colgate",
    "price": 3.15,
    "orgPrice": 6.3,
    "categoryIds": ["health-beauty"],
    "imagePath": "https://cdn0.woolworths.media/content/wowproductimages/large/750056.jpg",
    "cupPrice": "$0.63 / 100ml",
    "unit": "each",
    "packageSize": "500ml",
    "barcode": ["8850006305355"],
    "isAvailable": true,
    "locations": ["vic", "nsw", "qld", "wa", "sa", "tas", "nt", "act"]
  },
  {
    "id": "w25281-9400541425019",
    "store": "woolworths",
    "name": "Colgate Plax Alcohol Free Mouthwash Peppermint",
    "brand": "Colgate",
    "price": 3,
    "orgPrice": 6,
    "categoryIds": ["health-beauty"],
    "imagePath": "https://cdn0.woolworths.media/content/wowproductimages/large/025281.jpg",
    "cupPrice": "$0.60 / 100ml",
    "unit": "each",
    "packageSize": "500ml",
    "barcode": ["9400541425019"],
    "isAvailable": true,
    "locations": ["vic", "nsw", "qld", "wa", "sa", "tas", "nt", "act"]
  },
  {
    "id": "w829190-8718951242180",
    "store": "woolworths",
    "name": "Colgate Pro Clinical 250+ Rechargeable Electric Toothbrush Soft White",
    "brand": "Colgate",
    "price": 25,
    "orgPrice": 50,
    "categoryIds": ["health-beauty"],
    "imagePath": "https://cdn0.woolworths.media/content/wowproductimages/large/829190.jpg",
    "cupPrice": "$25.00 / 1ea",
    "unit": "each",
    "packageSize": "each",
    "barcode": ["8718951242180"],
    "isAvailable": true,
    "locations": ["vic", "nsw", "qld", "wa", "sa", "tas", "nt", "act"]
  },
  {
    "id": "w678603-9300632089314",
    "store": "woolworths",
    "name": "Colgate Slim Soft Advanced Ultra Soft Toothbrush Value",
    "brand": "Colgate",
    "price": 5,
    "orgPrice": 10,
    "categoryIds": ["health-beauty"],
    "imagePath": "https://cdn0.woolworths.media/content/wowproductimages/large/678603.jpg",
    "cupPrice": "$2.50 / 1ea",
    "unit": "each",
    "packageSize": "2 pack",
    "barcode": ["9300632089314"],
    "isAvailable": true,
    "locations": ["vic", "nsw", "qld", "wa", "sa", "tas", "nt", "act"]
  },
  {
    "id": "w822389-8850006344033",
    "store": "woolworths",
    "name": "Colgate Total Advanced Clean Fluoride Antibacterial Toothpaste",
    "brand": "Colgate",
    "price": 2.75,
    "orgPrice": 5.5,
    "categoryIds": ["health-beauty"],
    "imagePath": "https://cdn0.woolworths.media/content/wowproductimages/large/822389.jpg",
    "cupPrice": "$2.39 / 100g",
    "unit": "each",
    "packageSize": "115g",
    "barcode": ["8850006344033"],
    "isAvailable": true,
    "locations": ["vic", "nsw", "qld", "wa", "sa", "tas", "nt", "act"]
  },
  {
    "id": "w829375-8850006343999",
    "store": "woolworths",
    "name": "Colgate Total Advanced Fresh Antibacterial Gel Toothpaste",
    "brand": "Colgate",
    "price": 2.75,
    "orgPrice": 5.5,
    "categoryIds": ["health-beauty"],
    "imagePath": "https://cdn0.woolworths.media/content/wowproductimages/large/829375.jpg",
    "cupPrice": "$2.39 / 100g",
    "unit": "each",
    "packageSize": "115g",
    "barcode": ["8850006343999"],
    "isAvailable": true,
    "locations": ["vic", "nsw", "qld", "wa", "sa", "tas", "nt", "act"]
  },
  {
    "id": "w822383-8850006344101",
    "store": "woolworths",
    "name": "Colgate Total Advanced Whitening Antibacterial Toothpaste",
    "brand": "Colgate",
    "price": 2.75,
    "orgPrice": 5.5,
    "categoryIds": ["health-beauty"],
    "imagePath": "https://cdn0.woolworths.media/content/wowproductimages/large/822383.jpg",
    "cupPrice": "$2.39 / 100g",
    "unit": "each",
    "packageSize": "115g",
    "barcode": ["8850006344101"],
    "isAvailable": true,
    "locations": ["vic", "nsw", "qld", "wa", "sa", "tas", "nt", "act"]
  },
  {
    "id": "w819775-8850006344019",
    "store": "woolworths",
    "name": "Colgate Total Charcoal Deep Clean Antibacterial Toothpaste",
    "brand": "Colgate",
    "price": 2.75,
    "orgPrice": 5.5,
    "categoryIds": ["health-beauty"],
    "imagePath": "https://cdn0.woolworths.media/content/wowproductimages/large/819775.jpg",
    "cupPrice": "$2.39 / 100g",
    "unit": "each",
    "packageSize": "115g",
    "barcode": ["8850006344019"],
    "isAvailable": true,
    "locations": ["vic", "nsw", "qld", "wa", "sa", "tas", "nt", "act"]
  },
  {
    "id": "w822317-8850006344026",
    "store": "woolworths",
    "name": "Colgate Total Gum Health Antibacterial Fluoride Toothpaste",
    "brand": "Colgate",
    "price": 2.75,
    "orgPrice": 5.5,
    "categoryIds": ["health-beauty"],
    "imagePath": "https://cdn0.woolworths.media/content/wowproductimages/large/822317.jpg",
    "cupPrice": "$2.39 / 100g",
    "unit": "each",
    "packageSize": "115g",
    "barcode": ["8850006344026"],
    "isAvailable": true,
    "locations": ["vic", "nsw", "qld", "wa", "sa", "tas", "nt", "act"]
  },
  {
    "id": "w677757-9420015013450",
    "store": "woolworths",
    "name": "Ecostore Conditioner Dry Hair",
    "brand": "Ecostore",
    "price": 7,
    "orgPrice": 14,
    "categoryIds": ["health-beauty"],
    "imagePath": "https://cdn0.woolworths.media/content/wowproductimages/large/677757.jpg",
    "cupPrice": "$2.00 / 100ml",
    "unit": "each",
    "packageSize": "350ml",
    "barcode": ["9420015013450"],
    "isAvailable": true,
    "locations": ["vic", "nsw", "qld", "wa", "sa", "tas", "nt", "act"]
  },
  {
    "id": "w677751-9420015013467",
    "store": "woolworths",
    "name": "Ecostore Conditioner Normal Hair",
    "brand": "Ecostore",
    "price": 7,
    "orgPrice": 14,
    "categoryIds": ["health-beauty"],
    "imagePath": "https://cdn0.woolworths.media/content/wowproductimages/large/677751.jpg",
    "cupPrice": "$2.00 / 100ml",
    "unit": "each",
    "packageSize": "350ml",
    "barcode": ["9420015013467"],
    "isAvailable": true,
    "locations": ["vic", "nsw", "qld", "wa", "sa", "tas", "nt", "act"]
  },
  {
    "id": "w677756-9420015013504",
    "store": "woolworths",
    "name": "Ecostore Shampoo Dry Hair",
    "brand": "Ecostore",
    "price": 7,
    "orgPrice": 14,
    "categoryIds": ["health-beauty"],
    "imagePath": "https://cdn0.woolworths.media/content/wowproductimages/large/677756.jpg",
    "cupPrice": "$2.00 / 100ml",
    "unit": "each",
    "packageSize": "350ml",
    "barcode": ["9420015013504"],
    "isAvailable": true,
    "locations": ["vic", "nsw", "qld", "wa", "sa", "tas", "nt", "act"]
  },
  {
    "id": "w677750-9420015013511",
    "store": "woolworths",
    "name": "Ecostore Shampoo Normal Hair",
    "brand": "Ecostore",
    "price": 7,
    "orgPrice": 14,
    "categoryIds": ["health-beauty"],
    "imagePath": "https://cdn0.woolworths.media/content/wowproductimages/large/677750.jpg",
    "cupPrice": "$2.00 / 100ml",
    "unit": "each",
    "packageSize": "350ml",
    "barcode": ["9420015013511"],
    "isAvailable": true,
    "locations": ["vic", "nsw", "qld", "wa", "sa", "tas", "nt", "act"]
  },
  {
    "id": "w52871-3600542221061",
    "store": "woolworths",
    "name": "Garnier Fructis Aloe Vera Hair Food Mask",
    "brand": "Garnier",
    "price": 6,
    "orgPrice": 12,
    "categoryIds": ["health-beauty"],
    "imagePath": "https://cdn0.woolworths.media/content/wowproductimages/large/052871.jpg",
    "cupPrice": "$1.54 / 100ml",
    "unit": "each",
    "packageSize": "390ml",
    "barcode": ["3600542221061"],
    "isAvailable": true,
    "locations": ["vic", "nsw", "qld", "wa", "sa", "tas", "nt", "act"]
  },
  {
    "id": "w682765-3600542143585",
    "store": "woolworths",
    "name": "Garnier Fructis Nourishing Banana Hair Food",
    "brand": "Garnier",
    "price": 6,
    "orgPrice": 12,
    "categoryIds": ["health-beauty"],
    "imagePath": "https://cdn0.woolworths.media/content/wowproductimages/large/682765.jpg",
    "cupPrice": "$1.54 / 100ml",
    "unit": "each",
    "packageSize": "390ml",
    "barcode": ["3600542143585"],
    "isAvailable": true,
    "locations": ["vic", "nsw", "qld", "wa", "sa", "tas", "nt", "act"]
  },
  {
    "id": "w744980-3600541214804",
    "store": "woolworths",
    "name": "Garnier Fructis Oil Treatment Miraculous",
    "brand": "Garnier",
    "price": 5.95,
    "orgPrice": 11.95,
    "categoryIds": ["health-beauty"],
    "imagePath": "https://cdn0.woolworths.media/content/wowproductimages/large/744980.jpg",
    "cupPrice": "$3.97 / 100ml",
    "unit": "each",
    "packageSize": "150ml",
    "barcode": ["3600541214804"],
    "isAvailable": true,
    "locations": ["vic", "nsw", "qld", "wa", "sa", "tas", "nt", "act"]
  },
  {
    "id": "w682771-3600542143592",
    "store": "woolworths",
    "name": "Garnier Fructis Smoothing Macadamia Hair Food",
    "brand": "Garnier",
    "price": 6,
    "orgPrice": 12,
    "categoryIds": ["health-beauty"],
    "imagePath": "https://cdn0.woolworths.media/content/wowproductimages/large/682771.jpg",
    "cupPrice": "$1.54 / 100ml",
    "unit": "each",
    "packageSize": "390ml",
    "barcode": ["3600542143592"],
    "isAvailable": true,
    "locations": ["vic", "nsw", "qld", "wa", "sa", "tas", "nt", "act"]
  },
  {
    "id": "w682780-3600542143608",
    "store": "woolworths",
    "name": "Garnier Fructis Repairing Papaya Hair Food",
    "brand": "Garnier Fructis",
    "price": 6,
    "orgPrice": 12,
    "categoryIds": ["health-beauty"],
    "imagePath": "https://cdn0.woolworths.media/content/wowproductimages/large/682780.jpg",
    "cupPrice": "$1.54 / 100ml",
    "unit": "each",
    "packageSize": "390ml",
    "barcode": ["3600542143608"],
    "isAvailable": true,
    "locations": ["vic", "nsw", "qld", "wa", "sa", "tas", "nt", "act"]
  },
  {
    "id": "w52867-3600523817078",
    "store": "woolworths",
    "name": "L'oreal Elvive Dream Lengths Cream",
    "brand": "L'oreal",
    "price": 6,
    "orgPrice": 12,
    "categoryIds": ["health-beauty"],
    "imagePath": "https://cdn0.woolworths.media/content/wowproductimages/large/052867.jpg",
    "cupPrice": "$3.00 / 100ml",
    "unit": "each",
    "packageSize": "200ml",
    "barcode": ["3600523817078"],
    "isAvailable": true,
    "locations": ["vic", "nsw", "qld", "wa", "sa", "tas", "nt", "act"]
  },
  {
    "id": "w687098-6923700909777",
    "store": "woolworths",
    "name": "L'oreal Extraordinary Oil ",
    "brand": "L'oreal",
    "price": 5,
    "orgPrice": 10,
    "categoryIds": ["health-beauty"],
    "imagePath": "https://cdn0.woolworths.media/content/wowproductimages/large/687098.jpg",
    "cupPrice": "$16.67 / 100ml",
    "unit": "each",
    "packageSize": "30ml",
    "barcode": ["6923700909777"],
    "isAvailable": true,
    "locations": ["vic", "nsw", "qld", "wa", "sa", "tas", "nt", "act"]
  },
  {
    "id": "w682749-3600523572557",
    "store": "woolworths",
    "name": "L'oreal Paris Elvive Extraordinary Coconut Oil",
    "brand": "L'oreal",
    "price": 10,
    "orgPrice": 20,
    "categoryIds": ["health-beauty"],
    "imagePath": "https://cdn0.woolworths.media/content/wowproductimages/large/682749.jpg",
    "cupPrice": "$10.00 / 100ml",
    "unit": "each",
    "packageSize": "100ml",
    "barcode": ["3600523572557"],
    "isAvailable": true,
    "locations": ["vic", "nsw", "qld", "wa", "sa", "tas", "nt", "act"]
  },
  {
    "id": "w682747-3600523572564",
    "store": "woolworths",
    "name": "L'oreal Paris Elvive Extraordinary Coconut Oil Mask",
    "brand": "L'oreal",
    "price": 5,
    "orgPrice": 10,
    "categoryIds": ["health-beauty"],
    "imagePath": "https://cdn0.woolworths.media/content/wowproductimages/large/682747.jpg",
    "cupPrice": "$1.67 / 100ml",
    "unit": "each",
    "packageSize": "300ml",
    "barcode": ["3600523572564"],
    "isAvailable": true,
    "locations": ["vic", "nsw", "qld", "wa", "sa", "tas", "nt", "act"]
  },
  {
    "id": "w856309-3600522453338",
    "store": "woolworths",
    "name": "L'oreal Paris Elvive Extraordinary Oil Hair Treatment",
    "brand": "L'oreal",
    "price": 10,
    "orgPrice": 20,
    "categoryIds": ["health-beauty"],
    "imagePath": "https://cdn0.woolworths.media/content/wowproductimages/large/856309.jpg",
    "cupPrice": "$10.00 / 100ml",
    "unit": "each",
    "packageSize": "100ml",
    "barcode": ["3600522453338"],
    "isAvailable": true,
    "locations": ["vic", "nsw", "qld", "wa", "sa", "tas", "nt", "act"]
  },
  {
    "id": "w78762-9300830055487",
    "store": "woolworths",
    "name": "Lynx Africa Antiperspirant ",
    "brand": "Lynx",
    "price": 3.5,
    "orgPrice": 7,
    "categoryIds": ["health-beauty"],
    "imagePath": "https://cdn0.woolworths.media/content/wowproductimages/large/078762.jpg",
    "cupPrice": "$2.12 / 100ml",
    "unit": "each",
    "packageSize": "165ml",
    "barcode": ["9300830055487"],
    "isAvailable": true,
    "locations": ["vic", "nsw", "qld", "wa", "sa", "tas", "nt", "act"]
  },
  {
    "id": "w78757-9300830054398",
    "store": "woolworths",
    "name": "Lynx Africa Deodorant Bodyspray ",
    "brand": "Lynx",
    "price": 3.5,
    "orgPrice": 7,
    "categoryIds": ["health-beauty"],
    "imagePath": "https://cdn0.woolworths.media/content/wowproductimages/large/078757.jpg",
    "cupPrice": "$2.12 / 100ml",
    "unit": "each",
    "packageSize": "165ml",
    "barcode": ["9300830054398"],
    "isAvailable": true,
    "locations": ["vic", "nsw", "qld", "wa", "sa", "tas", "nt", "act"]
  },
  {
    "id": "w78739-9300830054428",
    "store": "woolworths",
    "name": "Lynx Anarchy For Her Deodorant Spray",
    "brand": "Lynx",
    "price": 3.5,
    "orgPrice": 7,
    "categoryIds": ["health-beauty"],
    "imagePath": "https://cdn0.woolworths.media/content/wowproductimages/large/078739.jpg",
    "cupPrice": "$2.12 / 100ml",
    "unit": "each",
    "packageSize": "165ml",
    "barcode": ["9300830054428"],
    "isAvailable": true,
    "locations": ["vic", "nsw", "qld", "wa", "sa", "tas", "nt", "act"]
  },
  {
    "id": "w94163-9300830055425",
    "store": "woolworths",
    "name": "Lynx Australia Antiperspirant Deodorant",
    "brand": "Lynx",
    "price": 3.5,
    "orgPrice": 7,
    "categoryIds": ["health-beauty"],
    "imagePath": "https://cdn0.woolworths.media/content/wowproductimages/large/094163.jpg",
    "cupPrice": "$2.12 / 100ml",
    "unit": "each",
    "packageSize": "165ml",
    "barcode": ["9300830055425"],
    "isAvailable": true,
    "locations": ["vic", "nsw", "qld", "wa", "sa", "tas", "nt", "act"]
  },
  {
    "id": "w82602-9300830054336",
    "store": "woolworths",
    "name": "Lynx Australia Deodorant Bodyspray ",
    "brand": "Lynx",
    "price": 3.5,
    "orgPrice": 7,
    "categoryIds": ["health-beauty"],
    "imagePath": "https://cdn0.woolworths.media/content/wowproductimages/large/082602.jpg",
    "cupPrice": "$2.12 / 100ml",
    "unit": "each",
    "packageSize": "165ml",
    "barcode": ["9300830054336"],
    "isAvailable": true,
    "locations": ["vic", "nsw", "qld", "wa", "sa", "tas", "nt", "act"]
  },
  {
    "id": "w78760-9300830055463",
    "store": "woolworths",
    "name": "Lynx Black Antiperspirant Deodorant",
    "brand": "Lynx",
    "price": 3.5,
    "orgPrice": 7,
    "categoryIds": ["health-beauty"],
    "imagePath": "https://cdn0.woolworths.media/content/wowproductimages/large/078760.jpg",
    "cupPrice": "$2.12 / 100ml",
    "unit": "each",
    "packageSize": "165ml",
    "barcode": ["9300830055463"],
    "isAvailable": true,
    "locations": ["vic", "nsw", "qld", "wa", "sa", "tas", "nt", "act"]
  },
  {
    "id": "w78754-9300830054473",
    "store": "woolworths",
    "name": "Lynx Black Deodorant Bodyspray ",
    "brand": "Lynx",
    "price": 3.5,
    "orgPrice": 7,
    "categoryIds": ["health-beauty"],
    "imagePath": "https://cdn0.woolworths.media/content/wowproductimages/large/078754.jpg",
    "cupPrice": "$2.12 / 100ml",
    "unit": "each",
    "packageSize": "165ml",
    "barcode": ["9300830054473"],
    "isAvailable": true,
    "locations": ["vic", "nsw", "qld", "wa", "sa", "tas", "nt", "act"]
  },
  {
    "id": "w78756-9300830054404",
    "store": "woolworths",
    "name": "Lynx Black Night Deodorant Bodyspray",
    "brand": "Lynx",
    "price": 3.5,
    "orgPrice": 7,
    "categoryIds": ["health-beauty"],
    "imagePath": "https://cdn0.woolworths.media/content/wowproductimages/large/078756.jpg",
    "cupPrice": "$2.12 / 100ml",
    "unit": "each",
    "packageSize": "165ml",
    "barcode": ["9300830054404"],
    "isAvailable": true,
    "locations": ["vic", "nsw", "qld", "wa", "sa", "tas", "nt", "act"]
  },
  {
    "id": "w51543-9300830051823",
    "store": "woolworths",
    "name": "Lynx Bodywash Xbox",
    "brand": "Lynx",
    "price": 3,
    "orgPrice": 6,
    "categoryIds": ["health-beauty"],
    "imagePath": "https://cdn0.woolworths.media/content/wowproductimages/large/051543.jpg",
    "cupPrice": "$0.75 / 100ml",
    "unit": "each",
    "packageSize": "400ml",
    "barcode": ["9300830051823"],
    "isAvailable": true,
    "locations": ["vic", "nsw", "qld", "wa", "sa", "tas", "nt", "act"]
  },
  {
    "id": "w78763-9300830056118",
    "store": "woolworths",
    "name": "Lynx Collision Leather & Cookies Deodorant Bodyspray",
    "brand": "Lynx",
    "price": 3.5,
    "orgPrice": 7,
    "categoryIds": ["health-beauty"],
    "imagePath": "https://cdn0.woolworths.media/content/wowproductimages/large/078763.jpg",
    "cupPrice": "$2.12 / 100ml",
    "unit": "each",
    "packageSize": "165ml",
    "barcode": ["9300830056118"],
    "isAvailable": true,
    "locations": ["vic", "nsw", "qld", "wa", "sa", "tas", "nt", "act"]
  },
  {
    "id": "w78738-9300830054480",
    "store": "woolworths",
    "name": "Lynx Dark Temptation Deodorant Bodyspray",
    "brand": "Lynx",
    "price": 3.5,
    "orgPrice": 7,
    "categoryIds": ["health-beauty"],
    "imagePath": "https://cdn0.woolworths.media/content/wowproductimages/large/078738.jpg",
    "cupPrice": "$2.12 / 100ml",
    "unit": "each",
    "packageSize": "165ml",
    "barcode": ["9300830054480"],
    "isAvailable": true,
    "locations": ["vic", "nsw", "qld", "wa", "sa", "tas", "nt", "act"]
  },
  {
    "id": "w186989-93666398",
    "store": "woolworths",
    "name": "Lynx For Men Antiperspirant Roll On Deodorant Africa",
    "brand": "Lynx",
    "price": 2,
    "orgPrice": 4,
    "categoryIds": ["health-beauty"],
    "imagePath": "https://cdn0.woolworths.media/content/wowproductimages/large/186989.jpg",
    "cupPrice": "$4.00 / 100ml",
    "unit": "each",
    "packageSize": "50ml",
    "barcode": ["93666398"],
    "isAvailable": true,
    "locations": ["vic", "nsw", "qld", "wa", "sa", "tas", "nt", "act"]
  },
  {
    "id": "w826969-9300830023189",
    "store": "woolworths",
    "name": "Lynx For Men Shower Gel Black",
    "brand": "Lynx",
    "price": 3,
    "orgPrice": 6,
    "categoryIds": ["health-beauty"],
    "imagePath": "https://cdn0.woolworths.media/content/wowproductimages/large/826969.jpg",
    "cupPrice": "$0.75 / 100ml",
    "unit": "each",
    "packageSize": "400ml",
    "barcode": ["9300830023189"],
    "isAvailable": true,
    "locations": ["vic", "nsw", "qld", "wa", "sa", "tas", "nt", "act"]
  },
  {
    "id": "w793264-96082584",
    "store": "woolworths",
    "name": "Lynx Hair Styling Paste Messy Look",
    "brand": "Lynx",
    "price": 5,
    "orgPrice": 10,
    "categoryIds": ["health-beauty"],
    "imagePath": "https://cdn0.woolworths.media/content/wowproductimages/large/793264.jpg",
    "cupPrice": "$6.67 / 100ml",
    "unit": "each",
    "packageSize": "75ml",
    "barcode": ["96082584"],
    "isAvailable": true,
    "locations": ["vic", "nsw", "qld", "wa", "sa", "tas", "nt", "act"]
  },
  {
    "id": "w793238-96082676",
    "store": "woolworths",
    "name": "Lynx Hair Styling Wax Clean Cut Look",
    "brand": "Lynx",
    "price": 5,
    "orgPrice": 10,
    "categoryIds": ["health-beauty"],
    "imagePath": "https://cdn0.woolworths.media/content/wowproductimages/large/793238.jpg",
    "cupPrice": "$6.67 / 100ml",
    "unit": "each",
    "packageSize": "75ml",
    "barcode": ["96082676"],
    "isAvailable": true,
    "locations": ["vic", "nsw", "qld", "wa", "sa", "tas", "nt", "act"]
  },
  {
    "id": "w94164-9300830055418",
    "store": "woolworths",
    "name": "Lynx Ice Chill Antiperspirant ",
    "brand": "Lynx",
    "price": 3.5,
    "orgPrice": 7,
    "categoryIds": ["health-beauty"],
    "imagePath": "https://cdn0.woolworths.media/content/wowproductimages/large/094164.jpg",
    "cupPrice": "$2.12 / 100ml",
    "unit": "each",
    "packageSize": "165ml",
    "barcode": ["9300830055418"],
    "isAvailable": true,
    "locations": ["vic", "nsw", "qld", "wa", "sa", "tas", "nt", "act"]
  },
  {
    "id": "w763699-9300830047642",
    "store": "woolworths",
    "name": "Lynx Laidback Body Wash Australia",
    "brand": "Lynx",
    "price": 3,
    "orgPrice": 6,
    "categoryIds": ["health-beauty"],
    "imagePath": "https://cdn0.woolworths.media/content/wowproductimages/large/763699.jpg",
    "cupPrice": "$0.75 / 100ml",
    "unit": "each",
    "packageSize": "400ml",
    "barcode": ["9300830047642"],
    "isAvailable": true,
    "locations": ["vic", "nsw", "qld", "wa", "sa", "tas", "nt", "act"]
  },
  {
    "id": "w78741-9300830055401",
    "store": "woolworths",
    "name": "Lynx Lift Your Game Deodorant Bodyspray",
    "brand": "Lynx",
    "price": 3.5,
    "orgPrice": 7,
    "categoryIds": ["health-beauty"],
    "imagePath": "https://cdn0.woolworths.media/content/wowproductimages/large/078741.jpg",
    "cupPrice": "$2.12 / 100ml",
    "unit": "each",
    "packageSize": "165ml",
    "barcode": ["9300830055401"],
    "isAvailable": true,
    "locations": ["vic", "nsw", "qld", "wa", "sa", "tas", "nt", "act"]
  },
  {
    "id": "w250915-8717163088500",
    "store": "woolworths",
    "name": "Lynx Men Body Wash Africa",
    "brand": "Lynx",
    "price": 3,
    "orgPrice": 6,
    "categoryIds": ["health-beauty"],
    "imagePath": "https://cdn0.woolworths.media/content/wowproductimages/large/250915.jpg",
    "cupPrice": "$0.75 / 100ml",
    "unit": "each",
    "packageSize": "400ml",
    "barcode": ["8717163088500"],
    "isAvailable": true,
    "locations": ["vic", "nsw", "qld", "wa", "sa", "tas", "nt", "act"]
  },
  {
    "id": "w94162-9300830054381",
    "store": "woolworths",
    "name": "Lynx Voodoo Deodorant Bodyspray ",
    "brand": "Lynx",
    "price": 3.5,
    "orgPrice": 7,
    "categoryIds": ["health-beauty"],
    "imagePath": "https://cdn0.woolworths.media/content/wowproductimages/large/094162.jpg",
    "cupPrice": "$2.12 / 100ml",
    "unit": "each",
    "packageSize": "165ml",
    "barcode": ["9300830054381"],
    "isAvailable": true,
    "locations": ["vic", "nsw", "qld", "wa", "sa", "tas", "nt", "act"]
  },
  {
    "id": "w558977-41554493719",
    "store": "woolworths",
    "name": "Maybelline Colossal Big Shot Volumizing Mascara - Baddest Black",
    "brand": "Maybelline",
    "price": 10,
    "orgPrice": 20,
    "categoryIds": ["health-beauty"],
    "imagePath": "https://cdn0.woolworths.media/content/wowproductimages/large/558977.jpg",
    "cupPrice": "$10.53 / 10ml",
    "unit": "each",
    "packageSize": "9.5ml",
    "barcode": ["41554493719"],
    "isAvailable": true,
    "locations": ["vic", "nsw", "qld", "wa", "sa", "tas", "nt", "act"]
  },
  {
    "id": "w749365-41554288254",
    "store": "woolworths",
    "name": "Maybelline Colossal Cat Eyes Volumizing Mascara - Glam Black",
    "brand": "Maybelline",
    "price": 10,
    "orgPrice": 20,
    "categoryIds": ["health-beauty"],
    "imagePath": "https://cdn0.woolworths.media/content/wowproductimages/large/749365.jpg",
    "cupPrice": "$10.87 / 10ml",
    "unit": "each",
    "packageSize": "9ml",
    "barcode": ["41554288254"],
    "isAvailable": true,
    "locations": ["vic", "nsw", "qld", "wa", "sa", "tas", "nt", "act"]
  },
  {
    "id": "w329161-41554050905",
    "store": "woolworths",
    "name": "Maybelline Colossal Volumizing Mascara- Classic Black",
    "brand": "Maybelline",
    "price": 10,
    "orgPrice": 20,
    "categoryIds": ["health-beauty"],
    "imagePath": "https://cdn0.woolworths.media/content/wowproductimages/large/329161.jpg",
    "cupPrice": "$10.87 / 10ml",
    "unit": "each",
    "packageSize": "9.2ml",
    "barcode": ["41554050905"],
    "isAvailable": true,
    "locations": ["vic", "nsw", "qld", "wa", "sa", "tas", "nt", "act"]
  },
  {
    "id": "w328562-41554050899",
    "store": "woolworths",
    "name": "Maybelline Colossal Volumizing Mascara- Glam Black",
    "brand": "Maybelline",
    "price": 10,
    "orgPrice": 20,
    "categoryIds": ["health-beauty"],
    "imagePath": "https://cdn0.woolworths.media/content/wowproductimages/large/328562.jpg",
    "cupPrice": "$10.87 / 10ml",
    "unit": "each",
    "packageSize": "9.2ml",
    "barcode": ["41554050899"],
    "isAvailable": true,
    "locations": ["vic", "nsw", "qld", "wa", "sa", "tas", "nt", "act"]
  },
  {
    "id": "w380771-41554240337",
    "store": "woolworths",
    "name": "Maybelline Falsies Drama False Lash Effect Mascara - Black Drama",
    "brand": "Maybelline",
    "price": 10,
    "orgPrice": 20,
    "categoryIds": ["health-beauty"],
    "imagePath": "https://cdn0.woolworths.media/content/wowproductimages/large/380771.jpg",
    "cupPrice": "$12.50 / 10ml",
    "unit": "each",
    "packageSize": "8ml",
    "barcode": ["41554240337"],
    "isAvailable": true,
    "locations": ["vic", "nsw", "qld", "wa", "sa", "tas", "nt", "act"]
  },
  {
    "id": "w74217-41554578478",
    "store": "woolworths",
    "name": "Maybelline Falsies Lashlift Blackest Black",
    "brand": "Maybelline",
    "price": 12.5,
    "orgPrice": 25,
    "categoryIds": ["health-beauty"],
    "imagePath": "https://cdn0.woolworths.media/content/wowproductimages/large/074217.jpg",
    "cupPrice": null,
    "unit": "each",
    "packageSize": "each",
    "barcode": ["41554578478"],
    "isAvailable": true,
    "locations": ["vic", "nsw", "qld", "wa", "sa", "tas", "nt", "act"]
  },
  {
    "id": "w367899-41554217957",
    "store": "woolworths",
    "name": "Maybelline Falsies Volumizing Mascara - Blackest Black",
    "brand": "Maybelline",
    "price": 10,
    "orgPrice": 20,
    "categoryIds": ["health-beauty"],
    "imagePath": "https://cdn0.woolworths.media/content/wowproductimages/large/367899.jpg",
    "cupPrice": "$13.33 / 10ml",
    "unit": "each",
    "packageSize": "7.5ml",
    "barcode": ["41554217957"],
    "isAvailable": true,
    "locations": ["vic", "nsw", "qld", "wa", "sa", "tas", "nt", "act"]
  },
  {
    "id": "w558945-41554460247",
    "store": "woolworths",
    "name": "Maybelline Lash Sensational Lengthening Mascara - Blackest Black",
    "brand": "Maybelline",
    "price": 11.5,
    "orgPrice": 23,
    "categoryIds": ["health-beauty"],
    "imagePath": "https://cdn0.woolworths.media/content/wowproductimages/large/558945.jpg",
    "cupPrice": "$12.11 / 10ml",
    "unit": "each",
    "packageSize": "9.5ml",
    "barcode": ["41554460247"],
    "isAvailable": true,
    "locations": ["vic", "nsw", "qld", "wa", "sa", "tas", "nt", "act"]
  },
  {
    "id": "w877441-41554420647",
    "store": "woolworths",
    "name": "Maybelline Lash Sensational Lengthening Mascara - Very Black",
    "brand": "Maybelline",
    "price": 11.5,
    "orgPrice": 23,
    "categoryIds": ["health-beauty"],
    "imagePath": "https://cdn0.woolworths.media/content/wowproductimages/large/877441.jpg",
    "cupPrice": "$12.78 / 10ml",
    "unit": "each",
    "packageSize": "9ml",
    "barcode": ["41554420647"],
    "isAvailable": true,
    "locations": ["vic", "nsw", "qld", "wa", "sa", "tas", "nt", "act"]
  },
  {
    "id": "w877390-41554420616",
    "store": "woolworths",
    "name": "Maybelline Lash Sensational Washable Mascara - Blackest Black",
    "brand": "Maybelline",
    "price": 11.5,
    "orgPrice": 23,
    "categoryIds": ["health-beauty"],
    "imagePath": "https://cdn0.woolworths.media/content/wowproductimages/large/877390.jpg",
    "cupPrice": "$12.11 / 10ml",
    "unit": "each",
    "packageSize": "9.5ml",
    "barcode": ["41554420616"],
    "isAvailable": true,
    "locations": ["vic", "nsw", "qld", "wa", "sa", "tas", "nt", "act"]
  },
  {
    "id": "w94449-9344329196664",
    "store": "woolworths",
    "name": "Maybelline Nudes Of New York Eyeshadow Palette",
    "brand": "Maybelline",
    "price": 17.5,
    "orgPrice": 35,
    "categoryIds": ["health-beauty"],
    "imagePath": "https://cdn0.woolworths.media/content/wowproductimages/large/094449.jpg",
    "cupPrice": "$9.72 / 10g",
    "unit": "each",
    "packageSize": "each",
    "barcode": ["9344329196664"],
    "isAvailable": true,
    "locations": ["vic", "nsw", "qld", "wa", "sa", "tas", "nt", "act"]
  },
  {
    "id": "w340311-41554197037",
    "store": "woolworths",
    "name": "Maybelline The Colossal Volume Express Waterproof Mascara 204 Black",
    "brand": "Maybelline",
    "price": 10,
    "orgPrice": 20,
    "categoryIds": ["health-beauty"],
    "imagePath": "https://cdn0.woolworths.media/content/wowproductimages/large/340311.jpg",
    "cupPrice": "$12.50 / 10ml",
    "unit": "each",
    "packageSize": "8ml",
    "barcode": ["41554197037"],
    "isAvailable": true,
    "locations": ["vic", "nsw", "qld", "wa", "sa", "tas", "nt", "act"]
  },
  {
    "id": "w205356-9316090037200",
    "store": "woolworths",
    "name": "Nature's Own Calcium, Magnesium & Vitamin D3 Tablets",
    "brand": "Nature's Own",
    "price": 9,
    "orgPrice": 18,
    "categoryIds": ["health-beauty"],
    "imagePath": "https://cdn0.woolworths.media/content/wowproductimages/large/205356.jpg",
    "cupPrice": "$7.50 / 100ea",
    "unit": "each",
    "packageSize": "120 pack",
    "barcode": ["9316090037200"],
    "isAvailable": true,
    "locations": ["vic", "nsw", "qld", "wa", "sa", "tas", "nt", "act"]
  },
  {
    "id": "w725097-9316090016175",
    "store": "woolworths",
    "name": "Nature's Own Complete Sleep Advanced Tablets",
    "brand": "Nature's Own",
    "price": 10.25,
    "orgPrice": 20.5,
    "categoryIds": ["health-beauty"],
    "imagePath": "https://cdn0.woolworths.media/content/wowproductimages/large/725097.jpg",
    "cupPrice": "$34.17 / 100ea",
    "unit": "each",
    "packageSize": "30 pack",
    "barcode": ["9316090016175"],
    "isAvailable": true,
    "locations": ["vic", "nsw", "qld", "wa", "sa", "tas", "nt", "act"]
  },
  {
    "id": "w640812-9316090019176",
    "store": "woolworths",
    "name": "Nature's Own Glucosamine Sulfate 1500 Tablets",
    "brand": "Nature's Own",
    "price": 15,
    "orgPrice": 30,
    "categoryIds": ["health-beauty"],
    "imagePath": "https://cdn0.woolworths.media/content/wowproductimages/large/640812.jpg",
    "cupPrice": "$12.50 / 100ea",
    "unit": "each",
    "packageSize": "120 pack",
    "barcode": ["9316090019176"],
    "isAvailable": true,
    "locations": ["vic", "nsw", "qld", "wa", "sa", "tas", "nt", "act"]
  },
  {
    "id": "w640769-9316090019206",
    "store": "woolworths",
    "name": "Nature's Own Glucosamine Sulfate 1500 With Chondroitin Tablets",
    "brand": "Nature's Own",
    "price": 15,
    "orgPrice": 30,
    "categoryIds": ["health-beauty"],
    "imagePath": "https://cdn0.woolworths.media/content/wowproductimages/large/640769.jpg",
    "cupPrice": "$15.00 / 100ea",
    "unit": "each",
    "packageSize": "100 pack",
    "barcode": ["9316090019206"],
    "isAvailable": true,
    "locations": ["vic", "nsw", "qld", "wa", "sa", "tas", "nt", "act"]
  },
  {
    "id": "w205300-9316090023906",
    "store": "woolworths",
    "name": "Nature's Own High Strength Vitamin B12 1000mcg Tablets",
    "brand": "Nature's Own",
    "price": 7.5,
    "orgPrice": 15,
    "categoryIds": ["health-beauty"],
    "imagePath": "https://cdn0.woolworths.media/content/wowproductimages/large/205300.jpg",
    "cupPrice": "$12.50 / 100ea",
    "unit": "each",
    "packageSize": "60 pack",
    "barcode": ["9316090023906"],
    "isAvailable": true,
    "locations": ["vic", "nsw", "qld", "wa", "sa", "tas", "nt", "act"]
  },
  {
    "id": "w205353-9316090038504",
    "store": "woolworths",
    "name": "Nature's Own Magnesium Chelate 500mg Capsules",
    "brand": "Nature's Own",
    "price": 6,
    "orgPrice": 12,
    "categoryIds": ["health-beauty"],
    "imagePath": "https://cdn0.woolworths.media/content/wowproductimages/large/205353.jpg",
    "cupPrice": "$8.00 / 100ea",
    "unit": "each",
    "packageSize": "75 pack",
    "barcode": ["9316090038504"],
    "isAvailable": true,
    "locations": ["vic", "nsw", "qld", "wa", "sa", "tas", "nt", "act"]
  },
  {
    "id": "w205326-9316090060608",
    "store": "woolworths",
    "name": "Nature's Own Odourless Fish Oil 1000mg Capsules",
    "brand": "Nature's Own",
    "price": 8.25,
    "orgPrice": 16.5,
    "categoryIds": ["health-beauty"],
    "imagePath": "https://cdn0.woolworths.media/content/wowproductimages/large/205326.jpg",
    "cupPrice": "$4.13 / 100ea",
    "unit": "each",
    "packageSize": "200 pack",
    "barcode": ["9316090060608"],
    "isAvailable": true,
    "locations": ["vic", "nsw", "qld", "wa", "sa", "tas", "nt", "act"]
  },
  {
    "id": "w940166-9316090293606",
    "store": "woolworths",
    "name": "Nature's Own Sleep Ezy Tablets",
    "brand": "Nature's Own",
    "price": 7.5,
    "orgPrice": 15,
    "categoryIds": ["health-beauty"],
    "imagePath": "https://cdn0.woolworths.media/content/wowproductimages/large/940166.jpg",
    "cupPrice": "$7.50 / 100ea",
    "unit": "each",
    "packageSize": "100 pack",
    "barcode": ["9316090293606"],
    "isAvailable": true,
    "locations": ["vic", "nsw", "qld", "wa", "sa", "tas", "nt", "act"]
  },
  {
    "id": "w678247-9316090019169",
    "store": "woolworths",
    "name": "Nature's Own Super B Complex Tablets",
    "brand": "Nature's Own",
    "price": 13.5,
    "orgPrice": 27,
    "categoryIds": ["health-beauty"],
    "imagePath": "https://cdn0.woolworths.media/content/wowproductimages/large/678247.jpg",
    "cupPrice": "$18.00 / 100ea",
    "unit": "each",
    "packageSize": "75 pack",
    "barcode": ["9316090019169"],
    "isAvailable": true,
    "locations": ["vic", "nsw", "qld", "wa", "sa", "tas", "nt", "act"]
  },
  {
    "id": "w827709-9316090016762",
    "store": "woolworths",
    "name": "Nature's Own Triple Strength Garlic + C, Horseradish Tablets",
    "brand": "Nature's Own",
    "price": 10,
    "orgPrice": 20,
    "categoryIds": ["health-beauty"],
    "imagePath": "https://cdn0.woolworths.media/content/wowproductimages/large/827709.jpg",
    "cupPrice": "$16.67 / 100ea",
    "unit": "each",
    "packageSize": "60 pack",
    "barcode": ["9316090016762"],
    "isAvailable": true,
    "locations": ["vic", "nsw", "qld", "wa", "sa", "tas", "nt", "act"]
  },
  {
    "id": "w678276-9316090019121",
    "store": "woolworths",
    "name": "Nature's Own Vitamin B3 500mg Tablets",
    "brand": "Nature's Own",
    "price": 6,
    "orgPrice": 12,
    "categoryIds": ["health-beauty"],
    "imagePath": "https://cdn0.woolworths.media/content/wowproductimages/large/678276.jpg",
    "cupPrice": "$10.00 / 100ea",
    "unit": "each",
    "packageSize": "60 pack",
    "barcode": ["9316090019121"],
    "isAvailable": true,
    "locations": ["vic", "nsw", "qld", "wa", "sa", "tas", "nt", "act"]
  },
  {
    "id": "w824168-9314807066840",
    "store": "woolworths",
    "name": "Nature's Way Magnesium Flakes",
    "brand": "Nature's Way",
    "price": 7.5,
    "orgPrice": 15,
    "categoryIds": ["health-beauty"],
    "imagePath": "https://cdn0.woolworths.media/content/wowproductimages/large/824168.jpg",
    "cupPrice": "$1.00 / 100g",
    "unit": "each",
    "packageSize": "750g",
    "barcode": ["9314807066840"],
    "isAvailable": true,
    "locations": ["vic", "nsw", "qld", "wa", "sa", "tas", "nt", "act"]
  },
  {
    "id": "w824152-9314807066833",
    "store": "woolworths",
    "name": "Nature's Way Magnesium Oil",
    "brand": "Nature's Way",
    "price": 10,
    "orgPrice": 20,
    "categoryIds": ["health-beauty"],
    "imagePath": "https://cdn0.woolworths.media/content/wowproductimages/large/824152.jpg",
    "cupPrice": "$4.00 / 100ml",
    "unit": "each",
    "packageSize": "250ml",
    "barcode": ["9314807066833"],
    "isAvailable": true,
    "locations": ["vic", "nsw", "qld", "wa", "sa", "tas", "nt", "act"]
  },
  {
    "id": "w815167-4005900543745",
    "store": "woolworths",
    "name": "Nivea Black & White Aerosol Antiperspirant Deodorant",
    "brand": "Nivea",
    "price": 3.25,
    "orgPrice": 6.5,
    "categoryIds": ["health-beauty"],
    "imagePath": "https://cdn0.woolworths.media/content/wowproductimages/large/815167.jpg",
    "cupPrice": "$1.30 / 100ml",
    "unit": "each",
    "packageSize": "250ml",
    "barcode": ["4005900543745"],
    "isAvailable": true,
    "locations": ["vic", "nsw", "qld", "wa", "sa", "tas", "nt", "act"]
  },
  {
    "id": "w790566-4005900036469",
    "store": "woolworths",
    "name": "Nivea Black & White Clear Aerosol Antiperspirant Deodorant",
    "brand": "Nivea",
    "price": 3.25,
    "orgPrice": 6.5,
    "categoryIds": ["health-beauty"],
    "imagePath": "https://cdn0.woolworths.media/content/wowproductimages/large/790566.jpg",
    "cupPrice": "$1.30 / 100ml",
    "unit": "each",
    "packageSize": "250ml",
    "barcode": ["4005900036469"],
    "isAvailable": true,
    "locations": ["vic", "nsw", "qld", "wa", "sa", "tas", "nt", "act"]
  },
  {
    "id": "w635386-4005900370983",
    "store": "woolworths",
    "name": "Nivea Black & White Fresh Aerosol Antiperspirant Deodorant",
    "brand": "Nivea",
    "price": 3.25,
    "orgPrice": 6.5,
    "categoryIds": ["health-beauty"],
    "imagePath": "https://cdn0.woolworths.media/content/wowproductimages/large/635386.jpg",
    "cupPrice": "$1.30 / 100ml",
    "unit": "each",
    "packageSize": "250ml",
    "barcode": ["4005900370983"],
    "isAvailable": true,
    "locations": ["vic", "nsw", "qld", "wa", "sa", "tas", "nt", "act"]
  },
  {
    "id": "w790569-4005900105523",
    "store": "woolworths",
    "name": "Nivea Double Effect Aerosol Antiperspirant Deodorant",
    "brand": "Nivea",
    "price": 3.25,
    "orgPrice": 6.5,
    "categoryIds": ["health-beauty"],
    "imagePath": "https://cdn0.woolworths.media/content/wowproductimages/large/790569.jpg",
    "cupPrice": "$1.30 / 100ml",
    "unit": "each",
    "packageSize": "250ml",
    "barcode": ["4005900105523"],
    "isAvailable": true,
    "locations": ["vic", "nsw", "qld", "wa", "sa", "tas", "nt", "act"]
  },
  {
    "id": "w699888-4005900509987",
    "store": "woolworths",
    "name": "Nivea Everyday Active Fresh Aerosol Antiperspirant Deodorant",
    "brand": "Nivea",
    "price": 3.25,
    "orgPrice": 6.5,
    "categoryIds": ["health-beauty"],
    "imagePath": "https://cdn0.woolworths.media/content/wowproductimages/large/699888.jpg",
    "cupPrice": "$1.30 / 100ml",
    "unit": "each",
    "packageSize": "250ml",
    "barcode": ["4005900509987"],
    "isAvailable": true,
    "locations": ["vic", "nsw", "qld", "wa", "sa", "tas", "nt", "act"]
  },
  {
    "id": "w699889-4005900499721",
    "store": "woolworths",
    "name": "Nivea Men Antiperspirant Deep Dry & Clean Feeling",
    "brand": "Nivea",
    "price": 3.25,
    "orgPrice": 6.5,
    "categoryIds": ["health-beauty"],
    "imagePath": "https://cdn0.woolworths.media/content/wowproductimages/large/699889.jpg",
    "cupPrice": "$1.30 / 100ml",
    "unit": "each",
    "packageSize": "250ml",
    "barcode": ["4005900499721"],
    "isAvailable": true,
    "locations": ["vic", "nsw", "qld", "wa", "sa", "tas", "nt", "act"]
  },
  {
    "id": "w699896-4005900509994",
    "store": "woolworths",
    "name": "Nivea Men Antiperspirant Everyday Active Fresh",
    "brand": "Nivea",
    "price": 3.25,
    "orgPrice": 6.5,
    "categoryIds": ["health-beauty"],
    "imagePath": "https://cdn0.woolworths.media/content/wowproductimages/large/699896.jpg",
    "cupPrice": "$0.13 / 10ml",
    "unit": "each",
    "packageSize": "250ml",
    "barcode": ["4005900509994"],
    "isAvailable": true,
    "locations": ["vic", "nsw", "qld", "wa", "sa", "tas", "nt", "act"]
  },
  {
    "id": "w635384-4005900370976",
    "store": "woolworths",
    "name": "Nivea Men B&w Fresh Aerosol Antiperspirant Deodorant",
    "brand": "Nivea",
    "price": 3.25,
    "orgPrice": 6.5,
    "categoryIds": ["health-beauty"],
    "imagePath": "https://cdn0.woolworths.media/content/wowproductimages/large/635384.jpg",
    "cupPrice": "$1.30 / 100ml",
    "unit": "each",
    "packageSize": "250ml",
    "barcode": ["4005900370976"],
    "isAvailable": true,
    "locations": ["vic", "nsw", "qld", "wa", "sa", "tas", "nt", "act"]
  },
  {
    "id": "w77792-4005900632395",
    "store": "woolworths",
    "name": "Nivea Men Deep Amazonia Aerosol Antiperspirant Deodorant",
    "brand": "Nivea",
    "price": 3.25,
    "orgPrice": 6.5,
    "categoryIds": ["health-beauty"],
    "imagePath": "https://cdn0.woolworths.media/content/wowproductimages/large/077792.jpg",
    "cupPrice": "$1.30 / 100ml",
    "unit": "each",
    "packageSize": "250ml",
    "barcode": ["4005900632395"],
    "isAvailable": true,
    "locations": ["vic", "nsw", "qld", "wa", "sa", "tas", "nt", "act"]
  },
  {
    "id": "w77832-4005900632388",
    "store": "woolworths",
    "name": "Nivea Men Deep Espresso Aerosol Antiperspirant Deodorant",
    "brand": "Nivea",
    "price": 3.25,
    "orgPrice": 6.5,
    "categoryIds": ["health-beauty"],
    "imagePath": "https://cdn0.woolworths.media/content/wowproductimages/large/077832.jpg",
    "cupPrice": "$1.30 / 100ml",
    "unit": "each",
    "packageSize": "250ml",
    "barcode": ["4005900632388"],
    "isAvailable": true,
    "locations": ["vic", "nsw", "qld", "wa", "sa", "tas", "nt", "act"]
  },
  {
    "id": "w748677-4005900036490",
    "store": "woolworths",
    "name": "Nivea Men Deodorant Aerosol Black & White Aero",
    "brand": "Nivea",
    "price": 3.25,
    "orgPrice": 6.5,
    "categoryIds": ["health-beauty"],
    "imagePath": "https://cdn0.woolworths.media/content/wowproductimages/large/748677.jpg",
    "cupPrice": "$1.30 / 100ml",
    "unit": "each",
    "packageSize": "250ml",
    "barcode": ["4005900036490"],
    "isAvailable": true,
    "locations": ["vic", "nsw", "qld", "wa", "sa", "tas", "nt", "act"]
  },
  {
    "id": "w748713-4005808298174",
    "store": "woolworths",
    "name": "Nivea Men Deodorant Aerosol Cool Kick",
    "brand": "Nivea",
    "price": 3.25,
    "orgPrice": 6.5,
    "categoryIds": ["health-beauty"],
    "imagePath": "https://cdn0.woolworths.media/content/wowproductimages/large/748713.jpg",
    "cupPrice": "$1.30 / 100ml",
    "unit": "each",
    "packageSize": "153g",
    "barcode": ["4005808298174"],
    "isAvailable": true,
    "locations": ["vic", "nsw", "qld", "wa", "sa", "tas", "nt", "act"]
  },
  {
    "id": "w748712-4005808298051",
    "store": "woolworths",
    "name": "Nivea Men Deodorant Aerosol Dry Impact Aero",
    "brand": "Nivea",
    "price": 3.25,
    "orgPrice": 6.5,
    "categoryIds": ["health-beauty"],
    "imagePath": "https://cdn0.woolworths.media/content/wowproductimages/large/748712.jpg",
    "cupPrice": "$1.30 / 100ml",
    "unit": "each",
    "packageSize": "153g",
    "barcode": ["4005808298051"],
    "isAvailable": true,
    "locations": ["vic", "nsw", "qld", "wa", "sa", "tas", "nt", "act"]
  },
  {
    "id": "w748714-4005808665273",
    "store": "woolworths",
    "name": "Nivea Men Deodorant Aerosol Sensitive Protect",
    "brand": "Nivea",
    "price": 3.25,
    "orgPrice": 6.5,
    "categoryIds": ["health-beauty"],
    "imagePath": "https://cdn0.woolworths.media/content/wowproductimages/large/748714.jpg",
    "cupPrice": "$1.30 / 100ml",
    "unit": "each",
    "packageSize": "250ml",
    "barcode": ["4005808665273"],
    "isAvailable": true,
    "locations": ["vic", "nsw", "qld", "wa", "sa", "tas", "nt", "act"]
  },
  {
    "id": "w749506-4005808277476",
    "store": "woolworths",
    "name": "Nivea Men Deodorant Aerosol Stress Protect",
    "brand": "Nivea",
    "price": 3.25,
    "orgPrice": 6.5,
    "categoryIds": ["health-beauty"],
    "imagePath": "https://cdn0.woolworths.media/content/wowproductimages/large/749506.jpg",
    "cupPrice": "$1.30 / 100ml",
    "unit": "each",
    "packageSize": "153g",
    "barcode": ["4005808277476"],
    "isAvailable": true,
    "locations": ["vic", "nsw", "qld", "wa", "sa", "tas", "nt", "act"]
  },
  {
    "id": "w855564-4005808837335",
    "store": "woolworths",
    "name": "Nivea Pearl & Beauty Aerosol Antiperspirant Deodorant",
    "brand": "Nivea",
    "price": 3.25,
    "orgPrice": 6.5,
    "categoryIds": ["health-beauty"],
    "imagePath": "https://cdn0.woolworths.media/content/wowproductimages/large/855564.jpg",
    "cupPrice": "$1.30 / 100ml",
    "unit": "each",
    "packageSize": "250ml",
    "barcode": ["4005808837335"],
    "isAvailable": true,
    "locations": ["vic", "nsw", "qld", "wa", "sa", "tas", "nt", "act"]
  },
  {
    "id": "w790555-4005808714735",
    "store": "woolworths",
    "name": "Nivea Stress Protect Aerosol Antiperspirant Deodorant",
    "brand": "Nivea",
    "price": 3.25,
    "orgPrice": 6.5,
    "categoryIds": ["health-beauty"],
    "imagePath": "https://cdn0.woolworths.media/content/wowproductimages/large/790555.jpg",
    "cupPrice": "$1.30 / 100ml",
    "unit": "each",
    "packageSize": "250ml",
    "barcode": ["4005808714735"],
    "isAvailable": true,
    "locations": ["vic", "nsw", "qld", "wa", "sa", "tas", "nt", "act"]
  },
  {
    "id": "w336248-22796910080",
    "store": "woolworths",
    "name": "Ogx Anti-breakage Serum Nourishing Coconut Milk",
    "brand": "Ogx",
    "price": 10,
    "orgPrice": 20,
    "categoryIds": ["health-beauty"],
    "imagePath": "https://cdn0.woolworths.media/content/wowproductimages/large/336248.jpg",
    "cupPrice": "$8.47 / 100ml",
    "unit": "each",
    "packageSize": "118ml",
    "barcode": ["22796910080"],
    "isAvailable": true,
    "locations": ["vic", "nsw", "qld", "wa", "sa", "tas", "nt", "act"]
  },
  {
    "id": "w85695-9300607610482",
    "store": "woolworths",
    "name": "Ogx Argan Oil Of Morocco Dry Shampoo",
    "brand": "Ogx",
    "price": 10,
    "orgPrice": 20,
    "categoryIds": ["health-beauty"],
    "imagePath": "https://cdn0.woolworths.media/content/wowproductimages/large/085695.jpg",
    "cupPrice": "$5.00 / 100ml",
    "unit": "each",
    "packageSize": "200ml",
    "barcode": ["9300607610482"],
    "isAvailable": true,
    "locations": ["vic", "nsw", "qld", "wa", "sa", "tas", "nt", "act"]
  },
  {
    "id": "w699862-22796916716",
    "store": "woolworths",
    "name": "Ogx Biotin Collagen Conditioner ",
    "brand": "Ogx",
    "price": 10,
    "orgPrice": 20,
    "categoryIds": ["health-beauty"],
    "imagePath": "https://cdn0.woolworths.media/content/wowproductimages/large/699862.jpg",
    "cupPrice": "$2.60 / 100ml",
    "unit": "each",
    "packageSize": "385ml",
    "barcode": ["22796916716"],
    "isAvailable": true,
    "locations": ["vic", "nsw", "qld", "wa", "sa", "tas", "nt", "act"]
  },
  {
    "id": "w699861-22796916709",
    "store": "woolworths",
    "name": "Ogx Biotin Collagen Shampoo ",
    "brand": "Ogx",
    "price": 10,
    "orgPrice": 20,
    "categoryIds": ["health-beauty"],
    "imagePath": "https://cdn0.woolworths.media/content/wowproductimages/large/699861.jpg",
    "cupPrice": "$2.60 / 100ml",
    "unit": "each",
    "packageSize": "385ml",
    "barcode": ["22796916709"],
    "isAvailable": true,
    "locations": ["vic", "nsw", "qld", "wa", "sa", "tas", "nt", "act"]
  },
  {
    "id": "w376590-22796916013",
    "store": "woolworths",
    "name": "Ogx Brazilian Keratin Therapy Shampoo",
    "brand": "Ogx",
    "price": 10,
    "orgPrice": 20,
    "categoryIds": ["health-beauty"],
    "imagePath": "https://cdn0.woolworths.media/content/wowproductimages/large/376590.jpg",
    "cupPrice": "$2.60 / 100ml",
    "unit": "each",
    "packageSize": "385ml",
    "barcode": ["22796916013"],
    "isAvailable": true,
    "locations": ["vic", "nsw", "qld", "wa", "sa", "tas", "nt", "act"]
  },
  {
    "id": "w892991-22796900814",
    "store": "woolworths",
    "name": "Ogx Cherry Blossom Conditioner",
    "brand": "Ogx",
    "price": 10,
    "orgPrice": 20,
    "categoryIds": ["health-beauty"],
    "imagePath": "https://cdn0.woolworths.media/content/wowproductimages/large/892991.jpg",
    "cupPrice": "$2.60 / 100ml",
    "unit": "each",
    "packageSize": "385ml",
    "barcode": ["22796900814"],
    "isAvailable": true,
    "locations": ["vic", "nsw", "qld", "wa", "sa", "tas", "nt", "act"]
  },
  {
    "id": "w892988-22796900807",
    "store": "woolworths",
    "name": "Ogx Cherry Blossom Shampoo",
    "brand": "Ogx",
    "price": 10,
    "orgPrice": 20,
    "categoryIds": ["health-beauty"],
    "imagePath": "https://cdn0.woolworths.media/content/wowproductimages/large/892988.jpg",
    "cupPrice": "$2.60 / 100ml",
    "unit": "each",
    "packageSize": "385ml",
    "barcode": ["22796900807"],
    "isAvailable": true,
    "locations": ["vic", "nsw", "qld", "wa", "sa", "tas", "nt", "act"]
  },
  {
    "id": "w84979-9300607610499",
    "store": "woolworths",
    "name": "Ogx Coconut Milk Dry Shampoo ",
    "brand": "Ogx",
    "price": 10,
    "orgPrice": 20,
    "categoryIds": ["health-beauty"],
    "imagePath": "https://cdn0.woolworths.media/content/wowproductimages/large/084979.jpg",
    "cupPrice": "$5.00 / 100ml",
    "unit": "each",
    "packageSize": "200ml",
    "barcode": ["9300607610499"],
    "isAvailable": true,
    "locations": ["vic", "nsw", "qld", "wa", "sa", "tas", "nt", "act"]
  },
  {
    "id": "w601151-22796901224",
    "store": "woolworths",
    "name": "Ogx Coconut Miracle Oil Penetrating Oil",
    "brand": "Ogx",
    "price": 10.5,
    "orgPrice": 21,
    "categoryIds": ["health-beauty"],
    "imagePath": "https://cdn0.woolworths.media/content/wowproductimages/large/601151.jpg",
    "cupPrice": "$10.50 / 100ml",
    "unit": "each",
    "packageSize": "100ml",
    "barcode": ["22796901224"],
    "isAvailable": true,
    "locations": ["vic", "nsw", "qld", "wa", "sa", "tas", "nt", "act"]
  },
  {
    "id": "w600932-22796901200",
    "store": "woolworths",
    "name": "Ogx Coconut Miracle Oil Shampoo",
    "brand": "Ogx",
    "price": 10.5,
    "orgPrice": 21,
    "categoryIds": ["health-beauty"],
    "imagePath": "https://cdn0.woolworths.media/content/wowproductimages/large/600932.jpg",
    "cupPrice": "$2.73 / 100ml",
    "unit": "each",
    "packageSize": "385ml",
    "barcode": ["22796901200"],
    "isAvailable": true,
    "locations": ["vic", "nsw", "qld", "wa", "sa", "tas", "nt", "act"]
  },
  {
    "id": "w601150-22796901217",
    "store": "woolworths",
    "name": "Ogx Coconut Miracle Oil Extra Strength Conditioner",
    "brand": "Ogx",
    "price": 10.5,
    "orgPrice": 21,
    "categoryIds": ["health-beauty"],
    "imagePath": "https://cdn0.woolworths.media/content/wowproductimages/large/601150.jpg",
    "cupPrice": "$2.73 / 100ml",
    "unit": "each",
    "packageSize": "385ml",
    "barcode": ["22796901217"],
    "isAvailable": true,
    "locations": ["vic", "nsw", "qld", "wa", "sa", "tas", "nt", "act"]
  },
  {
    "id": "w85060-3574661531847",
    "store": "woolworths",
    "name": "Ogx Coconut Oil Air Dry Cream ",
    "brand": "Ogx",
    "price": 10.5,
    "orgPrice": 21,
    "categoryIds": ["health-beauty"],
    "imagePath": "https://cdn0.woolworths.media/content/wowproductimages/large/085060.jpg",
    "cupPrice": "$5.93 / 100ml",
    "unit": "each",
    "packageSize": "177ml",
    "barcode": ["3574661531847"],
    "isAvailable": true,
    "locations": ["vic", "nsw", "qld", "wa", "sa", "tas", "nt", "act"]
  },
  {
    "id": "w821691-22796642011",
    "store": "woolworths",
    "name": "Ogx Conditioner Charcoal Detox",
    "brand": "Ogx",
    "price": 10,
    "orgPrice": 20,
    "categoryIds": ["health-beauty"],
    "imagePath": "https://cdn0.woolworths.media/content/wowproductimages/large/821691.jpg",
    "cupPrice": "$2.60 / 100ml",
    "unit": "each",
    "packageSize": "385ml",
    "barcode": ["22796642011"],
    "isAvailable": true,
    "locations": ["vic", "nsw", "qld", "wa", "sa", "tas", "nt", "act"]
  },
  {
    "id": "w821690-22796610522",
    "store": "woolworths",
    "name": "Ogx Conditioner Green Tea Fitness",
    "brand": "Ogx",
    "price": 10,
    "orgPrice": 20,
    "categoryIds": ["health-beauty"],
    "imagePath": "https://cdn0.woolworths.media/content/wowproductimages/large/821690.jpg",
    "cupPrice": "$2.60 / 100ml",
    "unit": "each",
    "packageSize": "385ml",
    "barcode": ["22796610522"],
    "isAvailable": true,
    "locations": ["vic", "nsw", "qld", "wa", "sa", "tas", "nt", "act"]
  },
  {
    "id": "w376591-22796916020",
    "store": "woolworths",
    "name": "Ogx Conditioner Ever Straight Brazilian Keratin Therapy",
    "brand": "Ogx",
    "price": 10,
    "orgPrice": 20,
    "categoryIds": ["health-beauty"],
    "imagePath": "https://cdn0.woolworths.media/content/wowproductimages/large/376591.jpg",
    "cupPrice": "$2.60 / 100ml",
    "unit": "each",
    "packageSize": "385ml",
    "barcode": ["22796916020"],
    "isAvailable": true,
    "locations": ["vic", "nsw", "qld", "wa", "sa", "tas", "nt", "act"]
  },
  {
    "id": "w725754-22796916129",
    "store": "woolworths",
    "name": "Ogx Conditioner Renewing Argan Oil Of Morocco",
    "brand": "Ogx",
    "price": 10,
    "orgPrice": 20,
    "categoryIds": ["health-beauty"],
    "imagePath": "https://cdn0.woolworths.media/content/wowproductimages/large/725754.jpg",
    "cupPrice": "$2.60 / 100ml",
    "unit": "each",
    "packageSize": "385ml",
    "barcode": ["22796916129"],
    "isAvailable": true,
    "locations": ["vic", "nsw", "qld", "wa", "sa", "tas", "nt", "act"]
  },
  {
    "id": "w486564-22796907028",
    "store": "woolworths",
    "name": "Ogx Conditioner Strength & Body Bamboo Fiber-full",
    "brand": "Ogx",
    "price": 10,
    "orgPrice": 20,
    "categoryIds": ["health-beauty"],
    "imagePath": "https://cdn0.woolworths.media/content/wowproductimages/large/486564.jpg",
    "cupPrice": "$2.60 / 100ml",
    "unit": "each",
    "packageSize": "385ml",
    "barcode": ["22796907028"],
    "isAvailable": true,
    "locations": ["vic", "nsw", "qld", "wa", "sa", "tas", "nt", "act"]
  },
  {
    "id": "w486575-22796900111",
    "store": "woolworths",
    "name": "Ogx Extra Strength Argan Oil Of Morocco Conditioner",
    "brand": "Ogx",
    "price": 10.5,
    "orgPrice": 21,
    "categoryIds": ["health-beauty"],
    "imagePath": "https://cdn0.woolworths.media/content/wowproductimages/large/486575.jpg",
    "cupPrice": "$2.73 / 100ml",
    "unit": "each",
    "packageSize": "385ml",
    "barcode": ["22796900111"],
    "isAvailable": true,
    "locations": ["vic", "nsw", "qld", "wa", "sa", "tas", "nt", "act"]
  },
  {
    "id": "w486585-22796900104",
    "store": "woolworths",
    "name": "Ogx Extra Strength Argan Oil Of Morocco Shampoo",
    "brand": "Ogx",
    "price": 10.5,
    "orgPrice": 21,
    "categoryIds": ["health-beauty"],
    "imagePath": "https://cdn0.woolworths.media/content/wowproductimages/large/486585.jpg",
    "cupPrice": "$2.73 / 100ml",
    "unit": "each",
    "packageSize": "385ml",
    "barcode": ["22796900104"],
    "isAvailable": true,
    "locations": ["vic", "nsw", "qld", "wa", "sa", "tas", "nt", "act"]
  },
  {
    "id": "w84912-52800674882",
    "store": "woolworths",
    "name": "Ogx Extra Volume Biotin & Collagen Conditioner",
    "brand": "Ogx",
    "price": 10.5,
    "orgPrice": 21,
    "categoryIds": ["health-beauty"],
    "imagePath": "https://cdn0.woolworths.media/content/wowproductimages/large/084912.jpg",
    "cupPrice": "$2.73 / 100ml",
    "unit": "each",
    "packageSize": "385ml",
    "barcode": ["52800674882"],
    "isAvailable": true,
    "locations": ["vic", "nsw", "qld", "wa", "sa", "tas", "nt", "act"]
  },
  {
    "id": "w78350-52800674875",
    "store": "woolworths",
    "name": "Ogx Extra Volume Biotin & Collagen Shampoo",
    "brand": "Ogx",
    "price": 10.5,
    "orgPrice": 21,
    "categoryIds": ["health-beauty"],
    "imagePath": "https://cdn0.woolworths.media/content/wowproductimages/large/078350.jpg",
    "cupPrice": "$2.73 / 100ml",
    "unit": "each",
    "packageSize": "385ml",
    "barcode": ["52800674875"],
    "isAvailable": true,
    "locations": ["vic", "nsw", "qld", "wa", "sa", "tas", "nt", "act"]
  },
  {
    "id": "w83980-3574661542300",
    "store": "woolworths",
    "name": "Ogx Flexible Hold Hairspray ",
    "brand": "Ogx",
    "price": 10.5,
    "orgPrice": 21,
    "categoryIds": ["health-beauty"],
    "imagePath": "https://cdn0.woolworths.media/content/wowproductimages/large/083980.jpg",
    "cupPrice": "$5.93 / 100ml",
    "unit": "each",
    "packageSize": "177ml",
    "barcode": ["3574661542300"],
    "isAvailable": true,
    "locations": ["vic", "nsw", "qld", "wa", "sa", "tas", "nt", "act"]
  },
  {
    "id": "w725643-22796916136",
    "store": "woolworths",
    "name": "Ogx Intense Moisturizing Treatment Argan Oil Of Morocco",
    "brand": "Ogx",
    "price": 10,
    "orgPrice": 20,
    "categoryIds": ["health-beauty"],
    "imagePath": "https://cdn0.woolworths.media/content/wowproductimages/large/725643.jpg",
    "cupPrice": "$4.22 / 100ml",
    "unit": "each",
    "packageSize": "237ml",
    "barcode": ["22796916136"],
    "isAvailable": true,
    "locations": ["vic", "nsw", "qld", "wa", "sa", "tas", "nt", "act"]
  },
  {
    "id": "w662624-22796901613",
    "store": "woolworths",
    "name": "Ogx Lavender Luminescent Platinum Conditioner",
    "brand": "Ogx",
    "price": 10,
    "orgPrice": 20,
    "categoryIds": ["health-beauty"],
    "imagePath": "https://cdn0.woolworths.media/content/wowproductimages/large/662624.jpg",
    "cupPrice": "$2.60 / 100ml",
    "unit": "each",
    "packageSize": "385ml",
    "barcode": ["22796901613"],
    "isAvailable": true,
    "locations": ["vic", "nsw", "qld", "wa", "sa", "tas", "nt", "act"]
  },
  {
    "id": "w662623-22796901606",
    "store": "woolworths",
    "name": "Ogx Lavender Luminescent Platinum Shampoo",
    "brand": "Ogx",
    "price": 10,
    "orgPrice": 20,
    "categoryIds": ["health-beauty"],
    "imagePath": "https://cdn0.woolworths.media/content/wowproductimages/large/662623.jpg",
    "cupPrice": "$2.60 / 100ml",
    "unit": "each",
    "packageSize": "385ml",
    "barcode": ["22796901606"],
    "isAvailable": true,
    "locations": ["vic", "nsw", "qld", "wa", "sa", "tas", "nt", "act"]
  },
  {
    "id": "w325774-22796910066",
    "store": "woolworths",
    "name": "Ogx Nourishing Coconut Milk Conditioner",
    "brand": "Ogx",
    "price": 10,
    "orgPrice": 20,
    "categoryIds": ["health-beauty"],
    "imagePath": "https://cdn0.woolworths.media/content/wowproductimages/large/325774.jpg",
    "cupPrice": "$2.60 / 100ml",
    "unit": "each",
    "packageSize": "385ml",
    "barcode": ["22796910066"],
    "isAvailable": true,
    "locations": ["vic", "nsw", "qld", "wa", "sa", "tas", "nt", "act"]
  },
  {
    "id": "w325771-22796910059",
    "store": "woolworths",
    "name": "Ogx Nourishing Coconut Milk Shampoo",
    "brand": "Ogx",
    "price": 10,
    "orgPrice": 20,
    "categoryIds": ["health-beauty"],
    "imagePath": "https://cdn0.woolworths.media/content/wowproductimages/large/325771.jpg",
    "cupPrice": "$2.60 / 100ml",
    "unit": "each",
    "packageSize": "385ml",
    "barcode": ["22796910059"],
    "isAvailable": true,
    "locations": ["vic", "nsw", "qld", "wa", "sa", "tas", "nt", "act"]
  },
  {
    "id": "w725607-22796916143",
    "store": "woolworths",
    "name": "Ogx Penetrating Oil Renewing Argan Oil Of Morocco",
    "brand": "Ogx",
    "price": 12.5,
    "orgPrice": 25,
    "categoryIds": ["health-beauty"],
    "imagePath": "https://cdn0.woolworths.media/content/wowproductimages/large/725607.jpg",
    "cupPrice": "$12.50 / 100ml",
    "unit": "each",
    "packageSize": "100ml",
    "barcode": ["22796916143"],
    "isAvailable": true,
    "locations": ["vic", "nsw", "qld", "wa", "sa", "tas", "nt", "act"]
  },
  {
    "id": "w486571-22796900920",
    "store": "woolworths",
    "name": "Ogx Quenching & Coconut Curls Conditioner",
    "brand": "Ogx",
    "price": 10,
    "orgPrice": 20,
    "categoryIds": ["health-beauty"],
    "imagePath": "https://cdn0.woolworths.media/content/wowproductimages/large/486571.jpg",
    "cupPrice": "$2.60 / 100ml",
    "unit": "each",
    "packageSize": "385ml",
    "barcode": ["22796900920"],
    "isAvailable": true,
    "locations": ["vic", "nsw", "qld", "wa", "sa", "tas", "nt", "act"]
  },
  {
    "id": "w486567-22796900906",
    "store": "woolworths",
    "name": "Ogx Quenching & Coconut Curls Shampoo",
    "brand": "Ogx",
    "price": 10,
    "orgPrice": 20,
    "categoryIds": ["health-beauty"],
    "imagePath": "https://cdn0.woolworths.media/content/wowproductimages/large/486567.jpg",
    "cupPrice": "$2.60 / 100ml",
    "unit": "each",
    "packageSize": "385ml",
    "barcode": ["22796900906"],
    "isAvailable": true,
    "locations": ["vic", "nsw", "qld", "wa", "sa", "tas", "nt", "act"]
  },
  {
    "id": "w85346-22796916167",
    "store": "woolworths",
    "name": "Ogx Renewing & Argan Oil Extra Penetrating",
    "brand": "Ogx",
    "price": 12.5,
    "orgPrice": 27,
    "categoryIds": ["health-beauty"],
    "imagePath": "https://cdn0.woolworths.media/content/wowproductimages/large/085346.jpg",
    "cupPrice": "$12.50 / 100ml",
    "unit": "each",
    "packageSize": "100ml",
    "barcode": ["22796916167"],
    "isAvailable": true,
    "locations": ["vic", "nsw", "qld", "wa", "sa", "tas", "nt", "act"]
  },
  {
    "id": "w821656-22796642004",
    "store": "woolworths",
    "name": "Ogx Shampoo Charcoal Detox",
    "brand": "Ogx",
    "price": 10,
    "orgPrice": 20,
    "categoryIds": ["health-beauty"],
    "imagePath": "https://cdn0.woolworths.media/content/wowproductimages/large/821656.jpg",
    "cupPrice": "$2.60 / 100ml",
    "unit": "each",
    "packageSize": "385ml",
    "barcode": ["22796642004"],
    "isAvailable": true,
    "locations": ["vic", "nsw", "qld", "wa", "sa", "tas", "nt", "act"]
  },
  {
    "id": "w821655-22796610515",
    "store": "woolworths",
    "name": "Ogx Shampoo Green Tea Fitness",
    "brand": "Ogx",
    "price": 10,
    "orgPrice": 20,
    "categoryIds": ["health-beauty"],
    "imagePath": "https://cdn0.woolworths.media/content/wowproductimages/large/821655.jpg",
    "cupPrice": "$2.60 / 100ml",
    "unit": "each",
    "packageSize": "385ml",
    "barcode": ["22796610515"],
    "isAvailable": true,
    "locations": ["vic", "nsw", "qld", "wa", "sa", "tas", "nt", "act"]
  },
  {
    "id": "w725753-22796916112",
    "store": "woolworths",
    "name": "Ogx Shampoo Renewing Argan Oil Of Morocco",
    "brand": "Ogx",
    "price": 10,
    "orgPrice": 20,
    "categoryIds": ["health-beauty"],
    "imagePath": "https://cdn0.woolworths.media/content/wowproductimages/large/725753.jpg",
    "cupPrice": "$2.60 / 100ml",
    "unit": "each",
    "packageSize": "385ml",
    "barcode": ["22796916112"],
    "isAvailable": true,
    "locations": ["vic", "nsw", "qld", "wa", "sa", "tas", "nt", "act"]
  },
  {
    "id": "w486539-22796907011",
    "store": "woolworths",
    "name": "Ogx Shampoo Strength & Body Bamboo Fiber-full",
    "brand": "Ogx",
    "price": 10,
    "orgPrice": 20,
    "categoryIds": ["health-beauty"],
    "imagePath": "https://cdn0.woolworths.media/content/wowproductimages/large/486539.jpg",
    "cupPrice": "$2.60 / 100ml",
    "unit": "each",
    "packageSize": "385ml",
    "barcode": ["22796907011"],
    "isAvailable": true,
    "locations": ["vic", "nsw", "qld", "wa", "sa", "tas", "nt", "act"]
  },
  {
    "id": "w83973-3574661547046",
    "store": "woolworths",
    "name": "Ogx Shine & Heat Protect Spray ",
    "brand": "Ogx",
    "price": 10.5,
    "orgPrice": 21,
    "categoryIds": ["health-beauty"],
    "imagePath": "https://cdn0.woolworths.media/content/wowproductimages/large/083973.jpg",
    "cupPrice": "$5.93 / 100ml",
    "unit": "each",
    "packageSize": "177m",
    "barcode": ["3574661547046"],
    "isAvailable": true,
    "locations": ["vic", "nsw", "qld", "wa", "sa", "tas", "nt", "act"]
  },
  {
    "id": "w82399-52800674967",
    "store": "woolworths",
    "name": "Ogx Strength & Length Golden Turmeric Conditioner",
    "brand": "Ogx",
    "price": 10,
    "orgPrice": 20,
    "categoryIds": ["health-beauty"],
    "imagePath": "https://cdn0.woolworths.media/content/wowproductimages/large/082399.jpg",
    "cupPrice": "$2.60 / 100ml",
    "unit": "each",
    "packageSize": "385ml",
    "barcode": ["52800674967"],
    "isAvailable": true,
    "locations": ["vic", "nsw", "qld", "wa", "sa", "tas", "nt", "act"]
  },
  {
    "id": "w84952-52800674950",
    "store": "woolworths",
    "name": "Ogx Strength & Length Golden Turmeric Shampoo",
    "brand": "Ogx",
    "price": 10,
    "orgPrice": 20,
    "categoryIds": ["health-beauty"],
    "imagePath": "https://cdn0.woolworths.media/content/wowproductimages/large/084952.jpg",
    "cupPrice": "$2.60 / 100ml",
    "unit": "each",
    "packageSize": "385ml",
    "barcode": ["52800674950"],
    "isAvailable": true,
    "locations": ["vic", "nsw", "qld", "wa", "sa", "tas", "nt", "act"]
  },
  {
    "id": "w83469-3574661531694",
    "store": "woolworths",
    "name": "Ogx Tame & Shine Cream ",
    "brand": "Ogx",
    "price": 10.5,
    "orgPrice": 21,
    "categoryIds": ["health-beauty"],
    "imagePath": "https://cdn0.woolworths.media/content/wowproductimages/large/083469.jpg",
    "cupPrice": "$5.93 / 100ml",
    "unit": "each",
    "packageSize": "177ml",
    "barcode": ["3574661531694"],
    "isAvailable": true,
    "locations": ["vic", "nsw", "qld", "wa", "sa", "tas", "nt", "act"]
  },
  {
    "id": "w51649-4902430483322",
    "store": "woolworths",
    "name": "Olay Anti Wrinkle Provital Night Cream For Mature Skin",
    "brand": "Olay",
    "price": 8.75,
    "orgPrice": 17.5,
    "categoryIds": ["health-beauty"],
    "imagePath": "https://cdn0.woolworths.media/content/wowproductimages/large/051649.jpg",
    "cupPrice": "$17.50 / 100g",
    "unit": "each",
    "packageSize": "50g",
    "barcode": ["4902430483322"],
    "isAvailable": true,
    "locations": ["vic", "nsw", "qld", "wa", "sa", "tas", "nt", "act"]
  },
  {
    "id": "w568511-4902430719582",
    "store": "woolworths",
    "name": "Olay Anti-ageing Eye Cream Eyes Pro-retinol Treatment",
    "brand": "Olay",
    "price": 24.5,
    "orgPrice": 49,
    "categoryIds": ["health-beauty"],
    "imagePath": "https://cdn0.woolworths.media/content/wowproductimages/large/568511.jpg",
    "cupPrice": "$163.33 / 100ml",
    "unit": "each",
    "packageSize": "15ml",
    "barcode": ["4902430719582"],
    "isAvailable": true,
    "locations": ["vic", "nsw", "qld", "wa", "sa", "tas", "nt", "act"]
  },
  {
    "id": "w820315-75609197437",
    "store": "woolworths",
    "name": "Olay Brightening Eye Cream",
    "brand": "Olay",
    "price": 24.5,
    "orgPrice": 49,
    "categoryIds": ["health-beauty"],
    "imagePath": "https://cdn0.woolworths.media/content/wowproductimages/large/820315.jpg",
    "cupPrice": "$163.33 / 100ml",
    "unit": "each",
    "packageSize": "15ml",
    "barcode": ["75609197437"],
    "isAvailable": true,
    "locations": ["vic", "nsw", "qld", "wa", "sa", "tas", "nt", "act"]
  },
  {
    "id": "w253582-4902430986717",
    "store": "woolworths",
    "name": "Olay Complete Moisturiser Lotion Uv Protection Normal/dry Spf15",
    "brand": "Olay",
    "price": 7.7,
    "orgPrice": 15.4,
    "categoryIds": ["health-beauty"],
    "imagePath": "https://cdn0.woolworths.media/content/wowproductimages/large/253582.jpg",
    "cupPrice": "$5.13 / 100ml",
    "unit": "each",
    "packageSize": "150ml",
    "barcode": ["4902430986717"],
    "isAvailable": true,
    "locations": ["vic", "nsw", "qld", "wa", "sa", "tas", "nt", "act"]
  },
  {
    "id": "w253583-4902430951432",
    "store": "woolworths",
    "name": "Olay Complete Moisturiser Lotion Uv Protection Sensitive Spf15",
    "brand": "Olay",
    "price": 7.7,
    "orgPrice": 15.4,
    "categoryIds": ["health-beauty"],
    "imagePath": "https://cdn0.woolworths.media/content/wowproductimages/large/253583.jpg",
    "cupPrice": "$5.13 / 100ml",
    "unit": "each",
    "packageSize": "150ml",
    "barcode": ["4902430951432"],
    "isAvailable": true,
    "locations": ["vic", "nsw", "qld", "wa", "sa", "tas", "nt", "act"]
  },
  {
    "id": "w79841-75609041280",
    "store": "woolworths",
    "name": "Olay Daily Facials Sensitive Clean Water-activated Dry Cloths",
    "brand": "Olay",
    "price": 7.5,
    "orgPrice": 15,
    "categoryIds": ["health-beauty"],
    "imagePath": "https://cdn0.woolworths.media/content/wowproductimages/large/079841.jpg",
    "cupPrice": "$0.23 / 1ea",
    "unit": "each",
    "packageSize": "33 cloths",
    "barcode": ["75609041280"],
    "isAvailable": true,
    "locations": ["vic", "nsw", "qld", "wa", "sa", "tas", "nt", "act"]
  },
  {
    "id": "w76147-75609041273",
    "store": "woolworths",
    "name": "Olay Daily Facials Water Activated Dry Cloths",
    "brand": "Olay",
    "price": 7.5,
    "orgPrice": 15,
    "categoryIds": ["health-beauty"],
    "imagePath": "https://cdn0.woolworths.media/content/wowproductimages/large/076147.jpg",
    "cupPrice": "$0.23 / 1ea",
    "unit": "each",
    "packageSize": "33 pack",
    "barcode": ["75609041273"],
    "isAvailable": true,
    "locations": ["vic", "nsw", "qld", "wa", "sa", "tas", "nt", "act"]
  },
  {
    "id": "w568512-4902430719520",
    "store": "woolworths",
    "name": "Olay Eyes Ultimate Eye Cream ",
    "brand": "Olay",
    "price": 24.5,
    "orgPrice": 49,
    "categoryIds": ["health-beauty"],
    "imagePath": "https://cdn0.woolworths.media/content/wowproductimages/large/568512.jpg",
    "cupPrice": "$163.33 / 100ml",
    "unit": "each",
    "packageSize": "15ml",
    "barcode": ["4902430719520"],
    "isAvailable": true,
    "locations": ["vic", "nsw", "qld", "wa", "sa", "tas", "nt", "act"]
  },
  {
    "id": "w81772-75609041266",
    "store": "woolworths",
    "name": "Olay Facials Deeply Purifying Water-activated Dry Cloths",
    "brand": "Olay",
    "price": 7.5,
    "orgPrice": 15,
    "categoryIds": ["health-beauty"],
    "imagePath": "https://cdn0.woolworths.media/content/wowproductimages/large/081772.jpg",
    "cupPrice": "$0.23 / 1ea",
    "unit": "each",
    "packageSize": "33 cloths",
    "barcode": ["75609041266"],
    "isAvailable": true,
    "locations": ["vic", "nsw", "qld", "wa", "sa", "tas", "nt", "act"]
  },
  {
    "id": "w53262-4902430800112",
    "store": "woolworths",
    "name": "Olay Luminous Whips Face Cream Moisturiser Uv Spf 30",
    "brand": "Olay",
    "price": 24.5,
    "orgPrice": 49,
    "categoryIds": ["health-beauty"],
    "imagePath": "https://cdn0.woolworths.media/content/wowproductimages/large/053262.jpg",
    "cupPrice": "$49.00 / 100g",
    "unit": "each",
    "packageSize": "50g",
    "barcode": ["4902430800112"],
    "isAvailable": true,
    "locations": ["vic", "nsw", "qld", "wa", "sa", "tas", "nt", "act"]
  },
  {
    "id": "w54719-4902430893664",
    "store": "woolworths",
    "name": "Olay Magnemasks Anti Aging Sheet Mask",
    "brand": "Olay",
    "price": 5.5,
    "orgPrice": 11,
    "categoryIds": ["health-beauty"],
    "imagePath": "https://cdn0.woolworths.media/content/wowproductimages/large/054719.jpg",
    "cupPrice": "$5.50 / 1ea",
    "unit": "each",
    "packageSize": "each",
    "barcode": ["4902430893664"],
    "isAvailable": true,
    "locations": ["vic", "nsw", "qld", "wa", "sa", "tas", "nt", "act"]
  },
  {
    "id": "w54720-4902430893695",
    "store": "woolworths",
    "name": "Olay Magnemasks Hydrating Sheet Mask",
    "brand": "Olay",
    "price": 5.5,
    "orgPrice": 11,
    "categoryIds": ["health-beauty"],
    "imagePath": "https://cdn0.woolworths.media/content/wowproductimages/large/054720.jpg",
    "cupPrice": "$5.50 / 1ea",
    "unit": "each",
    "packageSize": "each",
    "barcode": ["4902430893695"],
    "isAvailable": true,
    "locations": ["vic", "nsw", "qld", "wa", "sa", "tas", "nt", "act"]
  },
  {
    "id": "w54721-4902430893718",
    "store": "woolworths",
    "name": "Olay Magnemasks Illuminating Sheet Mask",
    "brand": "Olay",
    "price": 5.5,
    "orgPrice": 11,
    "categoryIds": ["health-beauty"],
    "imagePath": "https://cdn0.woolworths.media/content/wowproductimages/large/054721.jpg",
    "cupPrice": "$5.50 / 1ea",
    "unit": "each",
    "packageSize": "each",
    "barcode": ["4902430893718"],
    "isAvailable": true,
    "locations": ["vic", "nsw", "qld", "wa", "sa", "tas", "nt", "act"]
  },
  {
    "id": "w779653-4902430735087",
    "store": "woolworths",
    "name": "Olay Micro-sculpting Night Face Cream Moisturiser",
    "brand": "Olay",
    "price": 24.5,
    "orgPrice": 49,
    "categoryIds": ["health-beauty"],
    "imagePath": "https://cdn0.woolworths.media/content/wowproductimages/large/779653.jpg",
    "cupPrice": "$49.00 / 100g",
    "unit": "each",
    "packageSize": "50g",
    "barcode": ["4902430735087"],
    "isAvailable": true,
    "locations": ["vic", "nsw", "qld", "wa", "sa", "tas", "nt", "act"]
  },
  {
    "id": "w4752-9300618556519",
    "store": "woolworths",
    "name": "Olay Moisturising Cream Sensitive Skin",
    "brand": "Olay",
    "price": 6.5,
    "orgPrice": 13,
    "categoryIds": ["health-beauty"],
    "imagePath": "https://cdn0.woolworths.media/content/wowproductimages/large/004752.jpg",
    "cupPrice": "$6.50 / 100g",
    "unit": "each",
    "packageSize": "100g",
    "barcode": ["9300618556519"],
    "isAvailable": true,
    "locations": ["vic", "nsw", "qld", "wa", "sa", "tas", "nt", "act"]
  },
  {
    "id": "w36395-9300618553105",
    "store": "woolworths",
    "name": "Olay Moisturising Cream ",
    "brand": "Olay",
    "price": 6.5,
    "orgPrice": 13,
    "categoryIds": ["health-beauty"],
    "imagePath": "https://cdn0.woolworths.media/content/wowproductimages/large/036395.jpg",
    "cupPrice": "$6.50 / 100g",
    "unit": "each",
    "packageSize": "100g",
    "barcode": ["9300618553105"],
    "isAvailable": true,
    "locations": ["vic", "nsw", "qld", "wa", "sa", "tas", "nt", "act"]
  },
  {
    "id": "w4722-9300618556502",
    "store": "woolworths",
    "name": "Olay Moisturising Lotion For Sensitive Skin",
    "brand": "Olay",
    "price": 6.5,
    "orgPrice": 13,
    "categoryIds": ["health-beauty"],
    "imagePath": "https://cdn0.woolworths.media/content/wowproductimages/large/004722.jpg",
    "cupPrice": "$4.33 / 100ml",
    "unit": "each",
    "packageSize": "150ml",
    "barcode": ["9300618556502"],
    "isAvailable": true,
    "locations": ["vic", "nsw", "qld", "wa", "sa", "tas", "nt", "act"]
  },
  {
    "id": "w31266-9300618551774",
    "store": "woolworths",
    "name": "Olay Moisturising Lotion ",
    "brand": "Olay",
    "price": 6.5,
    "orgPrice": 13,
    "categoryIds": ["health-beauty"],
    "imagePath": "https://cdn0.woolworths.media/content/wowproductimages/large/031266.jpg",
    "cupPrice": "$4.33 / 100ml",
    "unit": "each",
    "packageSize": "150ml",
    "barcode": ["9300618551774"],
    "isAvailable": true,
    "locations": ["vic", "nsw", "qld", "wa", "sa", "tas", "nt", "act"]
  },
  {
    "id": "w258415-4902430113557",
    "store": "woolworths",
    "name": "Olay Moisturising Lotion Complete Defence Sensitive Spf30",
    "brand": "Olay",
    "price": 7.7,
    "orgPrice": 15.4,
    "categoryIds": ["health-beauty"],
    "imagePath": "https://cdn0.woolworths.media/content/wowproductimages/large/258415.jpg",
    "cupPrice": "$10.27 / 100ml",
    "unit": "each",
    "packageSize": "75ml",
    "barcode": ["4902430113557"],
    "isAvailable": true,
    "locations": ["vic", "nsw", "qld", "wa", "sa", "tas", "nt", "act"]
  },
  {
    "id": "w633600-75609195396",
    "store": "woolworths",
    "name": "Olay Regenerist Detox Scrub",
    "brand": "Olay",
    "price": 7.5,
    "orgPrice": 15,
    "categoryIds": ["health-beauty"],
    "imagePath": "https://cdn0.woolworths.media/content/wowproductimages/large/633600.jpg",
    "cupPrice": "$5.00 / 100ml",
    "unit": "each",
    "packageSize": "150ml",
    "barcode": ["75609195396"],
    "isAvailable": true,
    "locations": ["vic", "nsw", "qld", "wa", "sa", "tas", "nt", "act"]
  },
  {
    "id": "w331579-4902430240604",
    "store": "woolworths",
    "name": "Olay Regenerist Advanced Anti Ageing Cream Cleanser",
    "brand": "Olay",
    "price": 8.75,
    "orgPrice": 17.5,
    "categoryIds": ["health-beauty"],
    "imagePath": "https://cdn0.woolworths.media/content/wowproductimages/large/331579.jpg",
    "cupPrice": "$8.75 / 100g",
    "unit": "each",
    "packageSize": "100g",
    "barcode": ["4902430240604"],
    "isAvailable": true,
    "locations": ["vic", "nsw", "qld", "wa", "sa", "tas", "nt", "act"]
  },
  {
    "id": "w887272-4902430625760",
    "store": "woolworths",
    "name": "Olay Regenerist Anti-aging Serum Advanced Youth Pre-essence",
    "brand": "Olay",
    "price": 20,
    "orgPrice": 40,
    "categoryIds": ["health-beauty"],
    "imagePath": "https://cdn0.woolworths.media/content/wowproductimages/large/887272.jpg",
    "cupPrice": "$50.00 / 100ml",
    "unit": "each",
    "packageSize": "40ml",
    "barcode": ["4902430625760"],
    "isAvailable": true,
    "locations": ["vic", "nsw", "qld", "wa", "sa", "tas", "nt", "act"]
  },
  {
    "id": "w698907-75609604041",
    "store": "woolworths",
    "name": "Olay Regenerist Avanced Anti-aging Micro-exfoliating Facial Wipes",
    "brand": "Olay",
    "price": 4.5,
    "orgPrice": 9,
    "categoryIds": ["health-beauty"],
    "imagePath": "https://cdn0.woolworths.media/content/wowproductimages/large/698907.jpg",
    "cupPrice": "$0.15 / 1ea",
    "unit": "each",
    "packageSize": "30 pack",
    "barcode": ["75609604041"],
    "isAvailable": true,
    "locations": ["vic", "nsw", "qld", "wa", "sa", "tas", "nt", "act"]
  },
  {
    "id": "w205897-75609007392",
    "store": "woolworths",
    "name": "Olay Regenerist Face Cream Day Uv Protection",
    "brand": "Olay",
    "price": 16.25,
    "orgPrice": 32.5,
    "categoryIds": ["health-beauty"],
    "imagePath": "https://cdn0.woolworths.media/content/wowproductimages/large/205897.jpg",
    "cupPrice": "$21.67 / 100ml",
    "unit": "each",
    "packageSize": "75ml",
    "barcode": ["75609007392"],
    "isAvailable": true,
    "locations": ["vic", "nsw", "qld", "wa", "sa", "tas", "nt", "act"]
  },
  {
    "id": "w629526-4902430734974",
    "store": "woolworths",
    "name": "Olay Regenerist Face Cream Moisturiser Fragrance Free",
    "brand": "Olay",
    "price": 24.5,
    "orgPrice": 49,
    "categoryIds": ["health-beauty"],
    "imagePath": "https://cdn0.woolworths.media/content/wowproductimages/large/629526.jpg",
    "cupPrice": "$51.04 / 100g",
    "unit": "each",
    "packageSize": "48g",
    "barcode": ["4902430734974"],
    "isAvailable": true,
    "locations": ["vic", "nsw", "qld", "wa", "sa", "tas", "nt", "act"]
  },
  {
    "id": "w361965-4902430469852",
    "store": "woolworths",
    "name": "Olay Regenerist Face Cream Moisturiser Spf 30",
    "brand": "Olay",
    "price": 24.5,
    "orgPrice": 49,
    "categoryIds": ["health-beauty"],
    "imagePath": "https://cdn0.woolworths.media/content/wowproductimages/large/361965.jpg",
    "cupPrice": "$49.00 / 100g",
    "unit": "each",
    "packageSize": "50g",
    "barcode": ["4902430469852"],
    "isAvailable": true,
    "locations": ["vic", "nsw", "qld", "wa", "sa", "tas", "nt", "act"]
  },
  {
    "id": "w810065-4902430734066",
    "store": "woolworths",
    "name": "Olay Regenerist Luminous Essence Serum",
    "brand": "Olay",
    "price": 26.5,
    "orgPrice": 53,
    "categoryIds": ["health-beauty"],
    "imagePath": "https://cdn0.woolworths.media/content/wowproductimages/large/810065.jpg",
    "cupPrice": "$88.33 / 100ml",
    "unit": "each",
    "packageSize": "30ml",
    "barcode": ["4902430734066"],
    "isAvailable": true,
    "locations": ["vic", "nsw", "qld", "wa", "sa", "tas", "nt", "act"]
  },
  {
    "id": "w816930-4902430799935",
    "store": "woolworths",
    "name": "Olay Regenerist Luminous Whips Face Cream Moisturiser",
    "brand": "Olay",
    "price": 24.5,
    "orgPrice": 49,
    "categoryIds": ["health-beauty"],
    "imagePath": "https://cdn0.woolworths.media/content/wowproductimages/large/816930.jpg",
    "cupPrice": "$49.00 / 100g",
    "unit": "each",
    "packageSize": "50g",
    "barcode": ["4902430799935"],
    "isAvailable": true,
    "locations": ["vic", "nsw", "qld", "wa", "sa", "tas", "nt", "act"]
  },
  {
    "id": "w629525-4902430734936",
    "store": "woolworths",
    "name": "Olay Regenerist Micro-sculpting Face Cream Moisturiser",
    "brand": "Olay",
    "price": 24.5,
    "orgPrice": 49,
    "categoryIds": ["health-beauty"],
    "imagePath": "https://cdn0.woolworths.media/content/wowproductimages/large/629525.jpg",
    "cupPrice": "$49.00 / 100g",
    "unit": "each",
    "packageSize": "50g",
    "barcode": ["4902430734936"],
    "isAvailable": true,
    "locations": ["vic", "nsw", "qld", "wa", "sa", "tas", "nt", "act"]
  },
  {
    "id": "w355094-4902430293358",
    "store": "woolworths",
    "name": "Olay Regenerist Micro-sculpting Face Serum",
    "brand": "Olay",
    "price": 26.5,
    "orgPrice": 53,
    "categoryIds": ["health-beauty"],
    "imagePath": "https://cdn0.woolworths.media/content/wowproductimages/large/355094.jpg",
    "cupPrice": "$53.00 / 100ml",
    "unit": "each",
    "packageSize": "50ml",
    "barcode": ["4902430293358"],
    "isAvailable": true,
    "locations": ["vic", "nsw", "qld", "wa", "sa", "tas", "nt", "act"]
  },
  {
    "id": "w629583-4902430735001",
    "store": "woolworths",
    "name": "Olay Regenerist Night Face Cream Moisturiser",
    "brand": "Olay",
    "price": 16.25,
    "orgPrice": 32.5,
    "categoryIds": ["health-beauty"],
    "imagePath": "https://cdn0.woolworths.media/content/wowproductimages/large/629583.jpg",
    "cupPrice": "$32.50 / 100g",
    "unit": "each",
    "packageSize": "50g",
    "barcode": ["4902430735001"],
    "isAvailable": true,
    "locations": ["vic", "nsw", "qld", "wa", "sa", "tas", "nt", "act"]
  },
  {
    "id": "w92819-4902430917872",
    "store": "woolworths",
    "name": "Olay Regenerist Retinol 24 Night Moisturiser",
    "brand": "Olay",
    "price": 29.5,
    "orgPrice": 59,
    "categoryIds": ["health-beauty"],
    "imagePath": "https://cdn0.woolworths.media/content/wowproductimages/large/092819.jpg",
    "cupPrice": "$59.00 / 100g",
    "unit": "each",
    "packageSize": "50g",
    "barcode": ["4902430917872"],
    "isAvailable": true,
    "locations": ["vic", "nsw", "qld", "wa", "sa", "tas", "nt", "act"]
  },
  {
    "id": "w92396-4902430917896",
    "store": "woolworths",
    "name": "Olay Regenerist Retinol 24 Night Serum",
    "brand": "Olay",
    "price": 29.5,
    "orgPrice": 59,
    "categoryIds": ["health-beauty"],
    "imagePath": "https://cdn0.woolworths.media/content/wowproductimages/large/092396.jpg",
    "cupPrice": null,
    "unit": "each",
    "packageSize": "30ml",
    "barcode": ["4902430917896"],
    "isAvailable": true,
    "locations": ["vic", "nsw", "qld", "wa", "sa", "tas", "nt", "act"]
  },
  {
    "id": "w205902-75609007408",
    "store": "woolworths",
    "name": "Olay Regenerist Revitalising Hydration Day Face Cream",
    "brand": "Olay",
    "price": 16.25,
    "orgPrice": 32.5,
    "categoryIds": ["health-beauty"],
    "imagePath": "https://cdn0.woolworths.media/content/wowproductimages/large/205902.jpg",
    "cupPrice": "$32.50 / 100g",
    "unit": "each",
    "packageSize": "50g",
    "barcode": ["75609007408"],
    "isAvailable": true,
    "locations": ["vic", "nsw", "qld", "wa", "sa", "tas", "nt", "act"]
  },
  {
    "id": "w816749-4902430799881",
    "store": "woolworths",
    "name": "Olay Regenerist Whips Face Cream Moisturiser",
    "brand": "Olay",
    "price": 24.5,
    "orgPrice": 49,
    "categoryIds": ["health-beauty"],
    "imagePath": "https://cdn0.woolworths.media/content/wowproductimages/large/816749.jpg",
    "cupPrice": "$49.00 / 100g",
    "unit": "each",
    "packageSize": "50g",
    "barcode": ["4902430799881"],
    "isAvailable": true,
    "locations": ["vic", "nsw", "qld", "wa", "sa", "tas", "nt", "act"]
  },
  {
    "id": "w53227-4902430800099",
    "store": "woolworths",
    "name": "Olay Regenerist Whips Face Cream Moisturiser Uv Spf 30",
    "brand": "Olay",
    "price": 24.5,
    "orgPrice": 49,
    "categoryIds": ["health-beauty"],
    "imagePath": "https://cdn0.woolworths.media/content/wowproductimages/large/053227.jpg",
    "cupPrice": "$49.00 / 100g",
    "unit": "each",
    "packageSize": "50g",
    "barcode": ["4902430800099"],
    "isAvailable": true,
    "locations": ["vic", "nsw", "qld", "wa", "sa", "tas", "nt", "act"]
  },
  {
    "id": "w54716-4902430875516",
    "store": "woolworths",
    "name": "Olay Skinfusion Camellia Sheet Mask",
    "brand": "Olay",
    "price": 5,
    "orgPrice": 10,
    "categoryIds": ["health-beauty"],
    "imagePath": "https://cdn0.woolworths.media/content/wowproductimages/large/054716.jpg",
    "cupPrice": "$5.00 / 1ea",
    "unit": "each",
    "packageSize": "each",
    "barcode": ["4902430875516"],
    "isAvailable": true,
    "locations": ["vic", "nsw", "qld", "wa", "sa", "tas", "nt", "act"]
  },
  {
    "id": "w277093-4902430129411",
    "store": "woolworths",
    "name": "Olay Total Effects 7-in-1 Foaming Cleanser",
    "brand": "Olay",
    "price": 7,
    "orgPrice": 14,
    "categoryIds": ["health-beauty"],
    "imagePath": "https://cdn0.woolworths.media/content/wowproductimages/large/277093.jpg",
    "cupPrice": "$7.00 / 100g",
    "unit": "each",
    "packageSize": "100ml",
    "barcode": ["4902430129411"],
    "isAvailable": true,
    "locations": ["vic", "nsw", "qld", "wa", "sa", "tas", "nt", "act"]
  },
  {
    "id": "w145434-4902430092951",
    "store": "woolworths",
    "name": "Olay Total Effects Face Cream Moisturiser Gentle",
    "brand": "Olay",
    "price": 16.75,
    "orgPrice": 33.5,
    "categoryIds": ["health-beauty"],
    "imagePath": "https://cdn0.woolworths.media/content/wowproductimages/large/145434.jpg",
    "cupPrice": "$33.50 / 100g",
    "unit": "each",
    "packageSize": "50g",
    "barcode": ["4902430092951"],
    "isAvailable": true,
    "locations": ["vic", "nsw", "qld", "wa", "sa", "tas", "nt", "act"]
  },
  {
    "id": "w279712-4902430051231",
    "store": "woolworths",
    "name": "Olay Total Effects Face Cream Moisturiser Normal Spf 15",
    "brand": "Olay",
    "price": 16.75,
    "orgPrice": 33.5,
    "categoryIds": ["health-beauty"],
    "imagePath": "https://cdn0.woolworths.media/content/wowproductimages/large/279712.jpg",
    "cupPrice": "$33.50 / 100g",
    "unit": "each",
    "packageSize": "50g",
    "barcode": ["4902430051231"],
    "isAvailable": true,
    "locations": ["vic", "nsw", "qld", "wa", "sa", "tas", "nt", "act"]
  },
  {
    "id": "w629527-4902430735124",
    "store": "woolworths",
    "name": "Olay Total Effects Night Face Cream Moisturiser",
    "brand": "Olay",
    "price": 16.75,
    "orgPrice": 33.5,
    "categoryIds": ["health-beauty"],
    "imagePath": "https://cdn0.woolworths.media/content/wowproductimages/large/629527.jpg",
    "cupPrice": "$33.50 / 100g",
    "unit": "each",
    "packageSize": "50g",
    "barcode": ["4902430735124"],
    "isAvailable": true,
    "locations": ["vic", "nsw", "qld", "wa", "sa", "tas", "nt", "act"]
  },
  {
    "id": "w320872-4902430182003",
    "store": "woolworths",
    "name": "Olay Total Effects Touch Of Foundation Moisturiser",
    "brand": "Olay",
    "price": 16.75,
    "orgPrice": 33.5,
    "categoryIds": ["health-beauty"],
    "imagePath": "https://cdn0.woolworths.media/content/wowproductimages/large/320872.jpg",
    "cupPrice": "$33.50 / 100g",
    "unit": "each",
    "packageSize": "50g",
    "barcode": ["4902430182003"],
    "isAvailable": true,
    "locations": ["vic", "nsw", "qld", "wa", "sa", "tas", "nt", "act"]
  },
  {
    "id": "w76117-75609197468",
    "store": "woolworths",
    "name": "Olay Ultimate Hydration Calming Aloe Leaf & Chamomile Extract",
    "brand": "Olay",
    "price": 17.5,
    "orgPrice": 35,
    "categoryIds": ["health-beauty"],
    "imagePath": "https://cdn0.woolworths.media/content/wowproductimages/large/076117.jpg",
    "cupPrice": "$17.86 / 100ml",
    "unit": "each",
    "packageSize": "98ml",
    "barcode": ["75609197468"],
    "isAvailable": true,
    "locations": ["vic", "nsw", "qld", "wa", "sa", "tas", "nt", "act"]
  },
  {
    "id": "w76146-75609197451",
    "store": "woolworths",
    "name": "Olay Ultimate Hydration Energizing Vitamin C & Bergamot",
    "brand": "Olay",
    "price": 17.5,
    "orgPrice": 35,
    "categoryIds": ["health-beauty"],
    "imagePath": "https://cdn0.woolworths.media/content/wowproductimages/large/076146.jpg",
    "cupPrice": "$17.86 / 100ml",
    "unit": "each",
    "packageSize": "98ml",
    "barcode": ["75609197451"],
    "isAvailable": true,
    "locations": ["vic", "nsw", "qld", "wa", "sa", "tas", "nt", "act"]
  },
  {
    "id": "w81562-4902430905961",
    "store": "woolworths",
    "name": "Oral-b Pure Enamel Care Fluoride Toothpaste Soft Mint",
    "brand": "Oral-b",
    "price": 5,
    "orgPrice": 10,
    "categoryIds": ["health-beauty"],
    "imagePath": "https://cdn0.woolworths.media/content/wowproductimages/large/081562.jpg",
    "cupPrice": "$5.00 / 100g",
    "unit": "each",
    "packageSize": "100g",
    "barcode": ["4902430905961"],
    "isAvailable": true,
    "locations": ["vic", "nsw", "qld", "wa", "sa", "tas", "nt", "act"]
  },
  {
    "id": "w81610-4902430905985",
    "store": "woolworths",
    "name": "Oral-b Pure Multi-protect Fluoride Toothpaste Eucalyptus Mint",
    "brand": "Oral-b",
    "price": 5,
    "orgPrice": 10,
    "categoryIds": ["health-beauty"],
    "imagePath": "https://cdn0.woolworths.media/content/wowproductimages/large/081610.jpg",
    "cupPrice": "$5.00 / 100g",
    "unit": "each",
    "packageSize": "100g",
    "barcode": ["4902430905985"],
    "isAvailable": true,
    "locations": ["vic", "nsw", "qld", "wa", "sa", "tas", "nt", "act"]
  },
  {
    "id": "w705839-9316090500506",
    "store": "woolworths",
    "name": "Ostelin Calcium & Vitamin D3 Tablets",
    "brand": "Ostelin",
    "price": 13,
    "orgPrice": 26,
    "categoryIds": ["health-beauty"],
    "imagePath": "https://cdn0.woolworths.media/content/wowproductimages/large/705839.jpg",
    "cupPrice": "$10.00 / 100ea",
    "unit": "each",
    "packageSize": "130 pack",
    "barcode": ["9316090500506"],
    "isAvailable": true,
    "locations": ["vic", "nsw", "qld", "wa", "sa", "tas", "nt", "act"]
  },
  {
    "id": "w705838-9316090500209",
    "store": "woolworths",
    "name": "Ostelin Vitamin D3 Capsules ",
    "brand": "Ostelin",
    "price": 13,
    "orgPrice": 26,
    "categoryIds": ["health-beauty"],
    "imagePath": "https://cdn0.woolworths.media/content/wowproductimages/large/705838.jpg",
    "cupPrice": "$10.00 / 100ea",
    "unit": "each",
    "packageSize": "130 pack",
    "barcode": ["9316090500209"],
    "isAvailable": true,
    "locations": ["vic", "nsw", "qld", "wa", "sa", "tas", "nt", "act"]
  },
  {
    "id": "w83960-10181041594",
    "store": "woolworths",
    "name": "Palmer's Cocoa Butter Formula Skin Therapy Oil",
    "brand": "Palmer's",
    "price": 6.5,
    "orgPrice": 13,
    "categoryIds": ["health-beauty"],
    "imagePath": "https://cdn0.woolworths.media/content/wowproductimages/large/083960.jpg",
    "cupPrice": "$10.83 / 100ml",
    "unit": "each",
    "packageSize": "60ml",
    "barcode": ["10181041594"],
    "isAvailable": true,
    "locations": ["vic", "nsw", "qld", "wa", "sa", "tas", "nt", "act"]
  },
  {
    "id": "w257569-4891228430153",
    "store": "woolworths",
    "name": "Schick Mens Razor Exacta 2 Disposable Sensitive",
    "brand": "Schick",
    "price": 5,
    "orgPrice": 10,
    "categoryIds": ["health-beauty"],
    "imagePath": "https://cdn0.woolworths.media/content/wowproductimages/large/257569.jpg",
    "cupPrice": "$0.28 / 1ea",
    "unit": "each",
    "packageSize": "18 pack",
    "barcode": ["4891228430153"],
    "isAvailable": true,
    "locations": ["vic", "nsw", "qld", "wa", "sa", "tas", "nt", "act"]
  },
  {
    "id": "w683756-9310714221303",
    "store": "woolworths",
    "name": "Schwarzkopf Colour Specialist 1.0 Opulent Black",
    "brand": "Schwarzkopf",
    "price": 9.5,
    "orgPrice": 19,
    "categoryIds": ["health-beauty"],
    "imagePath": "https://cdn0.woolworths.media/content/wowproductimages/large/683756.jpg",
    "cupPrice": "$9.50 / 1ea",
    "unit": "each",
    "packageSize": "each",
    "barcode": ["9310714221303"],
    "isAvailable": true,
    "locations": ["vic", "nsw", "qld", "wa", "sa", "tas", "nt", "act"]
  },
  {
    "id": "w601571-9310714220887",
    "store": "woolworths",
    "name": "Schwarzkopf Colour Specialist 10.1 Cool Ultra Light Blonde",
    "brand": "Schwarzkopf",
    "price": 9.5,
    "orgPrice": 19,
    "categoryIds": ["health-beauty"],
    "imagePath": "https://cdn0.woolworths.media/content/wowproductimages/large/601571.jpg",
    "cupPrice": "$9.50 / 1ea",
    "unit": "each",
    "packageSize": "each",
    "barcode": ["9310714220887"],
    "isAvailable": true,
    "locations": ["vic", "nsw", "qld", "wa", "sa", "tas", "nt", "act"]
  },
  {
    "id": "w601358-9310714220863",
    "store": "woolworths",
    "name": "Schwarzkopf Colour Specialist 3.0 Imperial Brown",
    "brand": "Schwarzkopf",
    "price": 9.5,
    "orgPrice": 19,
    "categoryIds": ["health-beauty"],
    "imagePath": "https://cdn0.woolworths.media/content/wowproductimages/large/601358.jpg",
    "cupPrice": "$9.50 / 1ea",
    "unit": "each",
    "packageSize": "each",
    "barcode": ["9310714220863"],
    "isAvailable": true,
    "locations": ["vic", "nsw", "qld", "wa", "sa", "tas", "nt", "act"]
  },
  {
    "id": "w601359-9310714220870",
    "store": "woolworths",
    "name": "Schwarzkopf Colour Specialist 5.1 Cool Light Brown",
    "brand": "Schwarzkopf",
    "price": 9.5,
    "orgPrice": 19,
    "categoryIds": ["health-beauty"],
    "imagePath": "https://cdn0.woolworths.media/content/wowproductimages/large/601359.jpg",
    "cupPrice": "$9.50 / 1ea",
    "unit": "each",
    "packageSize": "each",
    "barcode": ["9310714220870"],
    "isAvailable": true,
    "locations": ["vic", "nsw", "qld", "wa", "sa", "tas", "nt", "act"]
  },
  {
    "id": "w601566-9310714220924",
    "store": "woolworths",
    "name": "Schwarzkopf Colour Specialist 5.65 Chocolate Brown",
    "brand": "Schwarzkopf",
    "price": 9.5,
    "orgPrice": 19,
    "categoryIds": ["health-beauty"],
    "imagePath": "https://cdn0.woolworths.media/content/wowproductimages/large/601566.jpg",
    "cupPrice": "$9.50 / 1ea",
    "unit": "each",
    "packageSize": "each",
    "barcode": ["9310714220924"],
    "isAvailable": true,
    "locations": ["vic", "nsw", "qld", "wa", "sa", "tas", "nt", "act"]
  },
  {
    "id": "w601565-9310714220917",
    "store": "woolworths",
    "name": "Schwarzkopf Colour Specialist 8.1 Cool Light Blonde",
    "brand": "Schwarzkopf",
    "price": 9.5,
    "orgPrice": 19,
    "categoryIds": ["health-beauty"],
    "imagePath": "https://cdn0.woolworths.media/content/wowproductimages/large/601565.jpg",
    "cupPrice": "$9.50 / 1ea",
    "unit": "each",
    "packageSize": "each",
    "barcode": ["9310714220917"],
    "isAvailable": true,
    "locations": ["vic", "nsw", "qld", "wa", "sa", "tas", "nt", "act"]
  },
  {
    "id": "w82619-9310714223598",
    "store": "woolworths",
    "name": "Schwarzkopf Colour Specialist 4-0 Medium Natural Brown",
    "brand": "Schwarzkopf",
    "price": 9.5,
    "orgPrice": 19,
    "categoryIds": ["health-beauty"],
    "imagePath": "https://cdn0.woolworths.media/content/wowproductimages/large/082619.jpg",
    "cupPrice": "$5.69 / 100ml",
    "unit": "each",
    "packageSize": "each",
    "barcode": ["9310714223598"],
    "isAvailable": true,
    "locations": ["vic", "nsw", "qld", "wa", "sa", "tas", "nt", "act"]
  },
  {
    "id": "w82620-9310714223581",
    "store": "woolworths",
    "name": "Schwarzkopf Colour Specialist 5-0 Light Natural Brown",
    "brand": "Schwarzkopf",
    "price": 9.5,
    "orgPrice": 19,
    "categoryIds": ["health-beauty"],
    "imagePath": "https://cdn0.woolworths.media/content/wowproductimages/large/082620.jpg",
    "cupPrice": "$5.69 / 100ml",
    "unit": "each",
    "packageSize": "each",
    "barcode": ["9310714223581"],
    "isAvailable": true,
    "locations": ["vic", "nsw", "qld", "wa", "sa", "tas", "nt", "act"]
  },
  {
    "id": "w82622-9310714223604",
    "store": "woolworths",
    "name": "Schwarzkopf Colour Specialist 9-0 Light Natural Blonde",
    "brand": "Schwarzkopf",
    "price": 9.5,
    "orgPrice": 19,
    "categoryIds": ["health-beauty"],
    "imagePath": "https://cdn0.woolworths.media/content/wowproductimages/large/082622.jpg",
    "cupPrice": "$5.69 / 100ml",
    "unit": "each",
    "packageSize": "each",
    "barcode": ["9310714223604"],
    "isAvailable": true,
    "locations": ["vic", "nsw", "qld", "wa", "sa", "tas", "nt", "act"]
  },
  {
    "id": "w683751-9310714221594",
    "store": "woolworths",
    "name": "Schwarzkopf Root Retoucher Black",
    "brand": "Schwarzkopf",
    "price": 9,
    "orgPrice": 18,
    "categoryIds": ["health-beauty"],
    "imagePath": "https://cdn0.woolworths.media/content/wowproductimages/large/683751.jpg",
    "cupPrice": "$12.86 / 100g",
    "unit": "each",
    "packageSize": "70g",
    "barcode": ["9310714221594"],
    "isAvailable": true,
    "locations": ["vic", "nsw", "qld", "wa", "sa", "tas", "nt", "act"]
  },
  {
    "id": "w683764-9310714221617",
    "store": "woolworths",
    "name": "Schwarzkopf Root Retoucher Brown",
    "brand": "Schwarzkopf",
    "price": 9,
    "orgPrice": 18,
    "categoryIds": ["health-beauty"],
    "imagePath": "https://cdn0.woolworths.media/content/wowproductimages/large/683764.jpg",
    "cupPrice": "$12.86 / 100g",
    "unit": "each",
    "packageSize": "70g",
    "barcode": ["9310714221617"],
    "isAvailable": true,
    "locations": ["vic", "nsw", "qld", "wa", "sa", "tas", "nt", "act"]
  },
  {
    "id": "w683765-9310714221624",
    "store": "woolworths",
    "name": "Schwarzkopf Root Retoucher Dark Blonde",
    "brand": "Schwarzkopf",
    "price": 9,
    "orgPrice": 18,
    "categoryIds": ["health-beauty"],
    "imagePath": "https://cdn0.woolworths.media/content/wowproductimages/large/683765_2.jpg",
    "cupPrice": "$12.86 / 100g",
    "unit": "each",
    "packageSize": "70g",
    "barcode": ["9310714221624"],
    "isAvailable": true,
    "locations": ["vic", "nsw", "qld", "wa", "sa", "tas", "nt", "act"]
  },
  {
    "id": "w683766-9310714221600",
    "store": "woolworths",
    "name": "Schwarzkopf Root Retoucher Dark Brown",
    "brand": "Schwarzkopf",
    "price": 9,
    "orgPrice": 18,
    "categoryIds": ["health-beauty"],
    "imagePath": "https://cdn0.woolworths.media/content/wowproductimages/large/683766_2.jpg",
    "cupPrice": "$12.86 / 100g",
    "unit": "each",
    "packageSize": "70g",
    "barcode": ["9310714221600"],
    "isAvailable": true,
    "locations": ["vic", "nsw", "qld", "wa", "sa", "tas", "nt", "act"]
  },
  {
    "id": "w88681-9311770604758",
    "store": "woolworths",
    "name": "Swisse Beauty Collagen Renew Powder Natural Berry",
    "brand": "Swisse",
    "price": 15,
    "orgPrice": 30,
    "categoryIds": ["health-beauty"],
    "imagePath": "https://cdn0.woolworths.media/content/wowproductimages/large/088681.jpg",
    "cupPrice": "$12.50 / 100g",
    "unit": "each",
    "packageSize": "120g",
    "barcode": ["9311770604758"],
    "isAvailable": true,
    "locations": ["vic", "nsw", "qld", "wa", "sa", "tas", "nt", "act"]
  },
  {
    "id": "w61703-9311770598200",
    "store": "woolworths",
    "name": "Swisse High Strength C Immune Health Tablets",
    "brand": "Swisse",
    "price": 20,
    "orgPrice": 40,
    "categoryIds": ["health-beauty"],
    "imagePath": "https://cdn0.woolworths.media/content/wowproductimages/large/061703.jpg",
    "cupPrice": "$13.33 / 100ea",
    "unit": "each",
    "packageSize": "150 pack",
    "barcode": ["9311770598200"],
    "isAvailable": true,
    "locations": ["vic", "nsw", "qld", "wa", "sa", "tas", "nt", "act"]
  },
  {
    "id": "w60481-9311770603232",
    "store": "woolworths",
    "name": "Swisse Kids Rest & Restore Tablets ",
    "brand": "Swisse",
    "price": 12.5,
    "orgPrice": 25,
    "categoryIds": ["health-beauty"],
    "imagePath": "https://cdn0.woolworths.media/content/wowproductimages/large/060481.jpg",
    "cupPrice": "$20.83 / 100ea",
    "unit": "each",
    "packageSize": "60 pack",
    "barcode": ["9311770603232"],
    "isAvailable": true,
    "locations": ["vic", "nsw", "qld", "wa", "sa", "tas", "nt", "act"]
  },
  {
    "id": "w805287-93553865",
    "store": "woolworths",
    "name": "Swisse Men's Ultivite ",
    "brand": "Swisse",
    "price": 10,
    "orgPrice": 20,
    "categoryIds": ["health-beauty"],
    "imagePath": "https://cdn0.woolworths.media/content/wowproductimages/large/805287.jpg",
    "cupPrice": "$33.33 / 100ea",
    "unit": "each",
    "packageSize": "30 tablets",
    "barcode": ["93553865"],
    "isAvailable": true,
    "locations": ["vic", "nsw", "qld", "wa", "sa", "tas", "nt", "act"]
  },
  {
    "id": "w725119-9311770589666",
    "store": "woolworths",
    "name": "Swisse Ultiboost Zinc+ Tabs",
    "brand": "Swisse",
    "price": 8.1,
    "orgPrice": 16.2,
    "categoryIds": ["health-beauty"],
    "imagePath": "https://cdn0.woolworths.media/content/wowproductimages/large/725119.jpg",
    "cupPrice": "$13.50 / 100ea",
    "unit": "each",
    "packageSize": "60 pack",
    "barcode": ["9311770589666"],
    "isAvailable": true,
    "locations": ["vic", "nsw", "qld", "wa", "sa", "tas", "nt", "act"]
  },
  {
    "id": "w88341-9311770604246",
    "store": "woolworths",
    "name": "Swisse Ultiboost Daily Immune Support Tablets",
    "brand": "Swisse",
    "price": 10,
    "orgPrice": 20,
    "categoryIds": ["health-beauty"],
    "imagePath": "https://cdn0.woolworths.media/content/wowproductimages/large/088341.jpg",
    "cupPrice": "$16.67 / 100ea",
    "unit": "each",
    "packageSize": "60 pack",
    "barcode": ["9311770604246"],
    "isAvailable": true,
    "locations": ["vic", "nsw", "qld", "wa", "sa", "tas", "nt", "act"]
  },
  {
    "id": "w89206-9311770604178",
    "store": "woolworths",
    "name": "Swisse Ultiboost High Strength Vitamin C Tablets",
    "brand": "Swisse",
    "price": 6.5,
    "orgPrice": 13,
    "categoryIds": ["health-beauty"],
    "imagePath": "https://cdn0.woolworths.media/content/wowproductimages/large/089206.jpg",
    "cupPrice": "$32.50 / 100ea",
    "unit": "each",
    "packageSize": "20 pack",
    "barcode": ["9311770604178"],
    "isAvailable": true,
    "locations": ["vic", "nsw", "qld", "wa", "sa", "tas", "nt", "act"]
  },
  {
    "id": "w91142-9311770604239",
    "store": "woolworths",
    "name": "Swisse Ultiboost Immune Action With Andrographis Tablets",
    "brand": "Swisse",
    "price": 15,
    "orgPrice": 30,
    "categoryIds": ["health-beauty"],
    "imagePath": "https://cdn0.woolworths.media/content/wowproductimages/large/091142.jpg",
    "cupPrice": "$25.00 / 100ea",
    "unit": "each",
    "packageSize": "60 pack",
    "barcode": ["9311770604239"],
    "isAvailable": true,
    "locations": ["vic", "nsw", "qld", "wa", "sa", "tas", "nt", "act"]
  },
  {
    "id": "w90409-9311770595834",
    "store": "woolworths",
    "name": "Swisse Ultiboost Magensium Calcium & D3 Tablets",
    "brand": "Swisse",
    "price": 12.5,
    "orgPrice": 25,
    "categoryIds": ["health-beauty"],
    "imagePath": "https://cdn0.woolworths.media/content/wowproductimages/large/090409.jpg",
    "cupPrice": "$10.42 / 100ea",
    "unit": "each",
    "packageSize": "120 pack",
    "barcode": ["9311770595834"],
    "isAvailable": true,
    "locations": ["vic", "nsw", "qld", "wa", "sa", "tas", "nt", "act"]
  },
  {
    "id": "w89455-9311770604253",
    "store": "woolworths",
    "name": "Swisse Utliboost Vitamin C Chewable Tablets Orange Flavour",
    "brand": "Swisse",
    "price": 5.5,
    "orgPrice": 11,
    "categoryIds": ["health-beauty"],
    "imagePath": "https://cdn0.woolworths.media/content/wowproductimages/large/089455.jpg",
    "cupPrice": "$5.00 / 100ea",
    "unit": "each",
    "packageSize": "110 pack",
    "barcode": ["9311770604253"],
    "isAvailable": true,
    "locations": ["vic", "nsw", "qld", "wa", "sa", "tas", "nt", "act"]
  },
  {
    "id": "w805290-93553858",
    "store": "woolworths",
    "name": "Swisse Women's Ultivite ",
    "brand": "Swisse",
    "price": 10,
    "orgPrice": 20,
    "categoryIds": ["health-beauty"],
    "imagePath": "https://cdn0.woolworths.media/content/wowproductimages/large/805290.jpg",
    "cupPrice": "$33.33 / 100ea",
    "unit": "each",
    "packageSize": "30 tablets",
    "barcode": ["93553858"],
    "isAvailable": true,
    "locations": ["vic", "nsw", "qld", "wa", "sa", "tas", "nt", "act"]
  },
  {
    "id": "w841713-9300701082819",
    "store": "woolworths",
    "name": "Air Wick Life Scents Mystical Garden Reed",
    "brand": "Air Wick",
    "price": 6,
    "orgPrice": 12,
    "categoryIds": ["household"],
    "imagePath": "https://cdn0.woolworths.media/content/wowproductimages/large/841713.jpg",
    "cupPrice": "$2.00 / 10ml",
    "unit": "each",
    "packageSize": "30ml",
    "barcode": ["9300701082819"],
    "isAvailable": true,
    "locations": ["vic", "nsw", "qld", "wa", "sa", "tas", "nt", "act"]
  },
  {
    "id": "w867496-9300701083106",
    "store": "woolworths",
    "name": "Air Wick Life Scents Paradise Retreat Reed Diffuser",
    "brand": "Air Wick",
    "price": 6,
    "orgPrice": 12,
    "categoryIds": ["household"],
    "imagePath": "https://cdn0.woolworths.media/content/wowproductimages/large/867496.jpg",
    "cupPrice": "$2.00 / 10ml",
    "unit": "each",
    "packageSize": "30ml",
    "barcode": ["9300701083106"],
    "isAvailable": true,
    "locations": ["vic", "nsw", "qld", "wa", "sa", "tas", "nt", "act"]
  },
  {
    "id": "w841702-9300701082802",
    "store": "woolworths",
    "name": "Air Wick Life Scents Turquoise Oasis Reed",
    "brand": "Air Wick",
    "price": 6,
    "orgPrice": 12,
    "categoryIds": ["household"],
    "imagePath": "https://cdn0.woolworths.media/content/wowproductimages/large/841702.jpg",
    "cupPrice": "$2.00 / 10ml",
    "unit": "each",
    "packageSize": "30ml",
    "barcode": ["9300701082802"],
    "isAvailable": true,
    "locations": ["vic", "nsw", "qld", "wa", "sa", "tas", "nt", "act"]
  },
  {
    "id": "w841715-9300701689155",
    "store": "woolworths",
    "name": "Air Wick Life Scents Turquoise Oasis Plug In Diffuser",
    "brand": "Air Wick",
    "price": 5.5,
    "orgPrice": 11,
    "categoryIds": ["household"],
    "imagePath": "https://cdn0.woolworths.media/content/wowproductimages/large/841715.jpg",
    "cupPrice": "$2.89 / 10ml",
    "unit": "each",
    "packageSize": "19m",
    "barcode": ["9300701689155"],
    "isAvailable": true,
    "locations": ["vic", "nsw", "qld", "wa", "sa", "tas", "nt", "act"]
  },
  {
    "id": "w816967-9300701781033",
    "store": "woolworths",
    "name": "Air Wick Liquid Electric Vanilla & Soft Cashmere Prime",
    "brand": "Air Wick",
    "price": 5.5,
    "orgPrice": 11,
    "categoryIds": ["household"],
    "imagePath": "https://cdn0.woolworths.media/content/wowproductimages/large/816967.jpg",
    "cupPrice": "$2.62 / 10ml",
    "unit": "each",
    "packageSize": "21ml",
    "barcode": ["9300701781033"],
    "isAvailable": true,
    "locations": ["vic", "nsw", "qld", "wa", "sa", "tas", "nt", "act"]
  },
  {
    "id": "w741167-9300701005115",
    "store": "woolworths",
    "name": "Air Wick Reed Diffuser Decorative Blackberry & Vanilla Silk",
    "brand": "Air Wick",
    "price": 5.5,
    "orgPrice": 11,
    "categoryIds": ["household"],
    "imagePath": "https://cdn0.woolworths.media/content/wowproductimages/large/741167.jpg",
    "cupPrice": "$1.10 / 10ml",
    "unit": "each",
    "packageSize": "50ml",
    "barcode": ["9300701005115"],
    "isAvailable": true,
    "locations": ["vic", "nsw", "qld", "wa", "sa", "tas", "nt", "act"]
  },
  {
    "id": "w741135-9300701005061",
    "store": "woolworths",
    "name": "Air Wick Reed Diffuser Decorative Freesia & Jasmine",
    "brand": "Air Wick",
    "price": 5.5,
    "orgPrice": 11,
    "categoryIds": ["household"],
    "imagePath": "https://cdn0.woolworths.media/content/wowproductimages/large/741135.jpg",
    "cupPrice": "$1.10 / 10ml",
    "unit": "each",
    "packageSize": "50ml",
    "barcode": ["9300701005061"],
    "isAvailable": true,
    "locations": ["vic", "nsw", "qld", "wa", "sa", "tas", "nt", "act"]
  },
  {
    "id": "w552526-5011417567111",
    "store": "woolworths",
    "name": "Air Wick V.i.poo Toilet Spray Fruity Pin Up",
    "brand": "Air Wick",
    "price": 5,
    "orgPrice": 10,
    "categoryIds": ["household"],
    "imagePath": "https://cdn0.woolworths.media/content/wowproductimages/large/552526.jpg",
    "cupPrice": "$9.09 / 100ml",
    "unit": "each",
    "packageSize": "55ml",
    "barcode": ["5011417567111"],
    "isAvailable": true,
    "locations": ["vic", "nsw", "qld", "wa", "sa", "tas", "nt", "act"]
  },
  {
    "id": "w552524-5011417567104",
    "store": "woolworths",
    "name": "Air Wick V.i.poo Toilet Spray Lemon Idol",
    "brand": "Air Wick",
    "price": 5,
    "orgPrice": 10,
    "categoryIds": ["household"],
    "imagePath": "https://cdn0.woolworths.media/content/wowproductimages/large/552524.jpg",
    "cupPrice": "$9.09 / 100ml",
    "unit": "each",
    "packageSize": "55ml",
    "barcode": ["5011417567104"],
    "isAvailable": true,
    "locations": ["vic", "nsw", "qld", "wa", "sa", "tas", "nt", "act"]
  },
  {
    "id": "w431171-4901301511591",
    "store": "woolworths",
    "name": "Biozet Attack Front & Top Loader Laundry Powder",
    "brand": "Biozet",
    "price": 9.99,
    "orgPrice": 19.99,
    "categoryIds": ["household"],
    "imagePath": "https://cdn0.woolworths.media/content/wowproductimages/large/431171.jpg",
    "cupPrice": "$5.00 / 1kg",
    "unit": "each",
    "packageSize": "2kg",
    "barcode": ["4901301511591"],
    "isAvailable": true,
    "locations": ["vic", "nsw", "qld", "wa", "sa", "tas", "nt", "act"]
  },
  {
    "id": "w425288-4710363777698",
    "store": "woolworths",
    "name": "Biozet Attack Front & Top Loader Regular Laundry Liquid",
    "brand": "Biozet",
    "price": 9.99,
    "orgPrice": 19.99,
    "categoryIds": ["household"],
    "imagePath": "https://cdn0.woolworths.media/content/wowproductimages/large/425288.jpg",
    "cupPrice": "$5.00 / 1l",
    "unit": "each",
    "packageSize": "2l",
    "barcode": ["4710363777698"],
    "isAvailable": true,
    "locations": ["vic", "nsw", "qld", "wa", "sa", "tas", "nt", "act"]
  },
  {
    "id": "w660188-9351257393034",
    "store": "woolworths",
    "name": "Bonds Kids Logo Light 1/4 Crew Sze 5 To 8",
    "brand": "Bonds",
    "price": 7,
    "orgPrice": 12,
    "categoryIds": ["household"],
    "imagePath": "https://cdn0.woolworths.media/content/wowproductimages/large/660188.jpg",
    "cupPrice": null,
    "unit": "each",
    "packageSize": "4 pack",
    "barcode": ["9351257393034"],
    "isAvailable": true,
    "locations": ["vic", "nsw", "qld", "wa", "sa", "tas", "nt", "act"]
  },
  {
    "id": "w659887-9351950026185",
    "store": "woolworths",
    "name": "Bonds Kids Logo Light Trainer Size 13 To 3",
    "brand": "Bonds",
    "price": 7,
    "orgPrice": 14,
    "categoryIds": ["household"],
    "imagePath": "https://cdn0.woolworths.media/content/wowproductimages/large/659887.jpg",
    "cupPrice": null,
    "unit": "each",
    "packageSize": "4 pack",
    "barcode": ["9351950026185"],
    "isAvailable": true,
    "locations": ["vic", "nsw", "qld", "wa", "sa", "tas", "nt", "act"]
  },
  {
    "id": "w659885-9351950026192",
    "store": "woolworths",
    "name": "Bonds Kids Logo Light Trainer Size 5 To 8",
    "brand": "Bonds",
    "price": 7,
    "orgPrice": 14,
    "categoryIds": ["household"],
    "imagePath": "https://cdn0.woolworths.media/content/wowproductimages/large/659885.jpg",
    "cupPrice": null,
    "unit": "each",
    "packageSize": "4 pack",
    "barcode": ["9351950026192"],
    "isAvailable": true,
    "locations": ["vic", "nsw", "qld", "wa", "sa", "tas", "nt", "act"]
  },
  {
    "id": "w659999-9351950026215",
    "store": "woolworths",
    "name": "Bonds Kids Logo Light Trainer Size 9 To12",
    "brand": "Bonds",
    "price": 7,
    "orgPrice": 14,
    "categoryIds": ["household"],
    "imagePath": "https://cdn0.woolworths.media/content/wowproductimages/large/659999.jpg",
    "cupPrice": null,
    "unit": "each",
    "packageSize": "4 pack",
    "barcode": ["9351950026215"],
    "isAvailable": true,
    "locations": ["vic", "nsw", "qld", "wa", "sa", "tas", "nt", "act"]
  },
  {
    "id": "w660255-9351257393065",
    "store": "woolworths",
    "name": "Bonds Kids Logo Light Weight 4pk",
    "brand": "Bonds",
    "price": 7,
    "orgPrice": 12,
    "categoryIds": ["household"],
    "imagePath": "https://cdn0.woolworths.media/content/wowproductimages/large/660255.jpg",
    "cupPrice": null,
    "unit": "each",
    "packageSize": "each",
    "barcode": ["9351257393065"],
    "isAvailable": true,
    "locations": ["vic", "nsw", "qld", "wa", "sa", "tas", "nt", "act"]
  },
  {
    "id": "w759184-9310308333931",
    "store": "woolworths",
    "name": "Bonds Ladies Underwear Hipster Boyleg Fashion Size 12",
    "brand": "Bonds",
    "price": 9,
    "orgPrice": 18,
    "categoryIds": ["household"],
    "imagePath": "https://cdn0.woolworths.media/content/wowproductimages/large/759184.jpg",
    "cupPrice": null,
    "unit": "each",
    "packageSize": "2 pack",
    "barcode": ["9310308333931"],
    "isAvailable": true,
    "locations": ["vic", "nsw", "qld", "wa", "sa", "tas", "nt", "act"]
  },
  {
    "id": "w759156-9310308333948",
    "store": "woolworths",
    "name": "Bonds Ladies Underwear Hipster Boyleg Fashion Size 14",
    "brand": "Bonds",
    "price": 9,
    "orgPrice": 18,
    "categoryIds": ["household"],
    "imagePath": "https://cdn0.woolworths.media/content/wowproductimages/large/759156.jpg",
    "cupPrice": null,
    "unit": "each",
    "packageSize": "2 pack",
    "barcode": ["9310308333948"],
    "isAvailable": true,
    "locations": ["vic", "nsw", "qld", "wa", "sa", "tas", "nt", "act"]
  },
  {
    "id": "w759191-9310308333955",
    "store": "woolworths",
    "name": "Bonds Ladies Underwear Hipster Boyleg Fashion Size 16",
    "brand": "Bonds",
    "price": 9,
    "orgPrice": 18,
    "categoryIds": ["household"],
    "imagePath": "https://cdn0.woolworths.media/content/wowproductimages/large/759191.jpg",
    "cupPrice": null,
    "unit": "each",
    "packageSize": "2 pack",
    "barcode": ["9310308333955"],
    "isAvailable": true,
    "locations": ["vic", "nsw", "qld", "wa", "sa", "tas", "nt", "act"]
  },
  {
    "id": "w758929-9311497943192",
    "store": "woolworths",
    "name": "Bonds Mens Underwear Guy Front Brief Medium",
    "brand": "Bonds",
    "price": 7.5,
    "orgPrice": 15,
    "categoryIds": ["household"],
    "imagePath": "https://cdn0.woolworths.media/content/wowproductimages/large/758929.jpg",
    "cupPrice": "$7.50 / 1ea",
    "unit": "each",
    "packageSize": "each",
    "barcode": ["9311497943192"],
    "isAvailable": true,
    "locations": ["vic", "nsw", "qld", "wa", "sa", "tas", "nt", "act"]
  },
  {
    "id": "w758891-9311497943215",
    "store": "woolworths",
    "name": "Bonds Mens Underwear Guy Front Brief Xl",
    "brand": "Bonds",
    "price": 7.5,
    "orgPrice": 15,
    "categoryIds": ["household"],
    "imagePath": "https://cdn0.woolworths.media/content/wowproductimages/large/758891.jpg",
    "cupPrice": "$7.50 / 1ea",
    "unit": "each",
    "packageSize": "each",
    "barcode": ["9311497943215"],
    "isAvailable": true,
    "locations": ["vic", "nsw", "qld", "wa", "sa", "tas", "nt", "act"]
  },
  {
    "id": "w246145-9312997810540",
    "store": "woolworths",
    "name": "Bonds Socks Mens Business Logo Size 6-10",
    "brand": "Bonds",
    "price": 7,
    "orgPrice": 14,
    "categoryIds": ["household"],
    "imagePath": "https://cdn0.woolworths.media/content/wowproductimages/large/246145.jpg",
    "cupPrice": "$2.33 / 1ea",
    "unit": "each",
    "packageSize": "3 pack",
    "barcode": ["9312997810540"],
    "isAvailable": true,
    "locations": ["vic", "nsw", "qld", "wa", "sa", "tas", "nt", "act"]
  },
  {
    "id": "w17889-9351950927451",
    "store": "woolworths",
    "name": "Bonds Super Low Cut Sock Black Black One Size",
    "brand": "Bonds",
    "price": 7.5,
    "orgPrice": 15,
    "categoryIds": ["household"],
    "imagePath": "https://cdn0.woolworths.media/content/wowproductimages/large/017889.jpg",
    "cupPrice": null,
    "unit": "each",
    "packageSize": "2 pack",
    "barcode": ["9351950927451"],
    "isAvailable": true,
    "locations": ["vic", "nsw", "qld", "wa", "sa", "tas", "nt", "act"]
  },
  {
    "id": "w17923-9351950927468",
    "store": "woolworths",
    "name": "Bonds Super Low Cut Sock Natural Natural One Size",
    "brand": "Bonds",
    "price": 7.5,
    "orgPrice": 15,
    "categoryIds": ["household"],
    "imagePath": "https://cdn0.woolworths.media/content/wowproductimages/large/017923.jpg",
    "cupPrice": null,
    "unit": "each",
    "packageSize": "2 pack",
    "barcode": ["9351950927468"],
    "isAvailable": true,
    "locations": ["vic", "nsw", "qld", "wa", "sa", "tas", "nt", "act"]
  },
  {
    "id": "w511531-9350461682088",
    "store": "woolworths",
    "name": "Bonds Women's Cottontails Full Free Size 14",
    "brand": "Bonds",
    "price": 8,
    "orgPrice": 16,
    "categoryIds": ["household"],
    "imagePath": "https://cdn0.woolworths.media/content/wowproductimages/large/511531.jpg",
    "cupPrice": null,
    "unit": "each",
    "packageSize": "each",
    "barcode": ["9350461682088"],
    "isAvailable": true,
    "locations": ["vic", "nsw", "qld", "wa", "sa", "tas", "nt", "act"]
  },
  {
    "id": "w511541-9350461682095",
    "store": "woolworths",
    "name": "Bonds Women's Cottontails Full Free Size 16",
    "brand": "Bonds",
    "price": 8,
    "orgPrice": 16,
    "categoryIds": ["household"],
    "imagePath": "https://cdn0.woolworths.media/content/wowproductimages/large/511541.jpg",
    "cupPrice": null,
    "unit": "each",
    "packageSize": "each",
    "barcode": ["9350461682095"],
    "isAvailable": true,
    "locations": ["vic", "nsw", "qld", "wa", "sa", "tas", "nt", "act"]
  },
  {
    "id": "w511542-9350461682101",
    "store": "woolworths",
    "name": "Bonds Women's Cottontails Full Free Size 18",
    "brand": "Bonds",
    "price": 8,
    "orgPrice": 16,
    "categoryIds": ["household"],
    "imagePath": "https://cdn0.woolworths.media/content/wowproductimages/large/511542.jpg",
    "cupPrice": null,
    "unit": "each",
    "packageSize": "each",
    "barcode": ["9350461682101"],
    "isAvailable": true,
    "locations": ["vic", "nsw", "qld", "wa", "sa", "tas", "nt", "act"]
  },
  {
    "id": "w827331-9300633794408",
    "store": "woolworths",
    "name": "Clio Sheer Footlet Black One Size",
    "brand": "Clio",
    "price": 2.5,
    "orgPrice": 5,
    "categoryIds": ["household"],
    "imagePath": "https://cdn0.woolworths.media/content/wowproductimages/large/827331.jpg",
    "cupPrice": null,
    "unit": "each",
    "packageSize": "2 pack",
    "barcode": ["9300633794408"],
    "isAvailable": true,
    "locations": ["vic", "nsw", "qld", "wa", "sa", "tas", "nt", "act"]
  },
  {
    "id": "w827299-9300633794415",
    "store": "woolworths",
    "name": "Clio Sheer Footlet Natural One Size",
    "brand": "Clio",
    "price": 2.5,
    "orgPrice": 5,
    "categoryIds": ["household"],
    "imagePath": "https://cdn0.woolworths.media/content/wowproductimages/large/827299.jpg",
    "cupPrice": null,
    "unit": "each",
    "packageSize": "2 pack",
    "barcode": ["9300633794415"],
    "isAvailable": true,
    "locations": ["vic", "nsw", "qld", "wa", "sa", "tas", "nt", "act"]
  },
  {
    "id": "w827390-9300633794569",
    "store": "woolworths",
    "name": "Clio Silky Brief Tights Regular Natural Average",
    "brand": "Clio",
    "price": 2.5,
    "orgPrice": 5,
    "categoryIds": ["household"],
    "imagePath": "https://cdn0.woolworths.media/content/wowproductimages/large/827390.jpg",
    "cupPrice": null,
    "unit": "each",
    "packageSize": "1pk",
    "barcode": ["9300633794569"],
    "isAvailable": true,
    "locations": ["vic", "nsw", "qld", "wa", "sa", "tas", "nt", "act"]
  },
  {
    "id": "w827421-9300633794576",
    "store": "woolworths",
    "name": "Clio Silky Brief Tights Regular Natural Tall",
    "brand": "Clio",
    "price": 2.5,
    "orgPrice": 5,
    "categoryIds": ["household"],
    "imagePath": "https://cdn0.woolworths.media/content/wowproductimages/large/827421.jpg",
    "cupPrice": null,
    "unit": "each",
    "packageSize": "1pk",
    "barcode": ["9300633794576"],
    "isAvailable": true,
    "locations": ["vic", "nsw", "qld", "wa", "sa", "tas", "nt", "act"]
  },
  {
    "id": "w827431-9300633794583",
    "store": "woolworths",
    "name": "Clio Silky Brief Tights Regular Natural Xtall",
    "brand": "Clio",
    "price": 2.5,
    "orgPrice": 5,
    "categoryIds": ["household"],
    "imagePath": "https://cdn0.woolworths.media/content/wowproductimages/large/827431.jpg",
    "cupPrice": null,
    "unit": "each",
    "packageSize": "1pk",
    "barcode": ["9300633794583"],
    "isAvailable": true,
    "locations": ["vic", "nsw", "qld", "wa", "sa", "tas", "nt", "act"]
  },
  {
    "id": "w827333-9300633794439",
    "store": "woolworths",
    "name": "Clio Silky Control Tights Black Tall",
    "brand": "Clio",
    "price": 2.5,
    "orgPrice": 5,
    "categoryIds": ["household"],
    "imagePath": "https://cdn0.woolworths.media/content/wowproductimages/large/827333.jpg",
    "cupPrice": null,
    "unit": "each",
    "packageSize": "1pk",
    "barcode": ["9300633794439"],
    "isAvailable": true,
    "locations": ["vic", "nsw", "qld", "wa", "sa", "tas", "nt", "act"]
  },
  {
    "id": "w827366-9300633794446",
    "store": "woolworths",
    "name": "Clio Silky Control Tights Black Xtall",
    "brand": "Clio",
    "price": 2.5,
    "orgPrice": 5,
    "categoryIds": ["household"],
    "imagePath": "https://cdn0.woolworths.media/content/wowproductimages/large/827366.jpg",
    "cupPrice": null,
    "unit": "each",
    "packageSize": "1pk",
    "barcode": ["9300633794446"],
    "isAvailable": true,
    "locations": ["vic", "nsw", "qld", "wa", "sa", "tas", "nt", "act"]
  },
  {
    "id": "w689942-9300621031393",
    "store": "woolworths",
    "name": "Decor Match Ups Clips Juice Jug 2.4l ",
    "brand": "Decor",
    "price": 8,
    "orgPrice": 16,
    "categoryIds": ["household"],
    "imagePath": "https://cdn0.woolworths.media/content/wowproductimages/large/689942.jpg",
    "cupPrice": null,
    "unit": "each",
    "packageSize": "each",
    "barcode": ["9300621031393"],
    "isAvailable": true,
    "locations": ["vic", "nsw", "qld", "wa", "sa", "tas", "nt", "act"]
  },
  {
    "id": "w689925-9300621031379",
    "store": "woolworths",
    "name": "Decor Match Ups Clips Square 1.4l ",
    "brand": "Decor",
    "price": 3.5,
    "orgPrice": 7,
    "categoryIds": ["household"],
    "imagePath": "https://cdn0.woolworths.media/content/wowproductimages/large/689925.jpg",
    "cupPrice": null,
    "unit": "each",
    "packageSize": "each",
    "barcode": ["9300621031379"],
    "isAvailable": true,
    "locations": ["vic", "nsw", "qld", "wa", "sa", "tas", "nt", "act"]
  },
  {
    "id": "w689926-9300621031386",
    "store": "woolworths",
    "name": "Decor Match Ups Clips Square 630ml ",
    "brand": "Decor",
    "price": 3,
    "orgPrice": 6,
    "categoryIds": ["household"],
    "imagePath": "https://cdn0.woolworths.media/content/wowproductimages/large/689926.jpg",
    "cupPrice": null,
    "unit": "each",
    "packageSize": "each",
    "barcode": ["9300621031386"],
    "isAvailable": true,
    "locations": ["vic", "nsw", "qld", "wa", "sa", "tas", "nt", "act"]
  },
  {
    "id": "w689924-9300621031362",
    "store": "woolworths",
    "name": "Decor Match Ups Clips Tall Square 3l ",
    "brand": "Decor",
    "price": 5,
    "orgPrice": 10,
    "categoryIds": ["household"],
    "imagePath": "https://cdn0.woolworths.media/content/wowproductimages/large/689924.jpg",
    "cupPrice": null,
    "unit": "each",
    "packageSize": "each",
    "barcode": ["9300621031362"],
    "isAvailable": true,
    "locations": ["vic", "nsw", "qld", "wa", "sa", "tas", "nt", "act"]
  },
  {
    "id": "w634831-9300621028409",
    "store": "woolworths",
    "name": "Decor Match-ups Oblong Container 1l",
    "brand": "Decor",
    "price": 3,
    "orgPrice": 6,
    "categoryIds": ["household"],
    "imagePath": "https://cdn0.woolworths.media/content/wowproductimages/large/634831.jpg",
    "cupPrice": null,
    "unit": "each",
    "packageSize": "each",
    "barcode": ["9300621028409"],
    "isAvailable": true,
    "locations": ["vic", "nsw", "qld", "wa", "sa", "tas", "nt", "act"]
  },
  {
    "id": "w634744-9300621028416",
    "store": "woolworths",
    "name": "Decor Match-ups Oblong Container 2l",
    "brand": "Decor",
    "price": 4,
    "orgPrice": 8,
    "categoryIds": ["household"],
    "imagePath": "https://cdn0.woolworths.media/content/wowproductimages/large/634744.jpg",
    "cupPrice": null,
    "unit": "each",
    "packageSize": "each",
    "barcode": ["9300621028416"],
    "isAvailable": true,
    "locations": ["vic", "nsw", "qld", "wa", "sa", "tas", "nt", "act"]
  },
  {
    "id": "w635753-9300621028386",
    "store": "woolworths",
    "name": "Decor Match-ups Oblong Container 350ml",
    "brand": "Decor",
    "price": 2,
    "orgPrice": 4,
    "categoryIds": ["household"],
    "imagePath": "https://cdn0.woolworths.media/content/wowproductimages/large/635753.jpg",
    "cupPrice": null,
    "unit": "each",
    "packageSize": "each",
    "barcode": ["9300621028386"],
    "isAvailable": true,
    "locations": ["vic", "nsw", "qld", "wa", "sa", "tas", "nt", "act"]
  },
  {
    "id": "w634832-9300621028447",
    "store": "woolworths",
    "name": "Decor Match-ups Oblong Container 3l",
    "brand": "Decor",
    "price": 4.5,
    "orgPrice": 9,
    "categoryIds": ["household"],
    "imagePath": "https://cdn0.woolworths.media/content/wowproductimages/large/634832.jpg",
    "cupPrice": null,
    "unit": "each",
    "packageSize": "each",
    "barcode": ["9300621028447"],
    "isAvailable": true,
    "locations": ["vic", "nsw", "qld", "wa", "sa", "tas", "nt", "act"]
  },
  {
    "id": "w634745-9300621028454",
    "store": "woolworths",
    "name": "Decor Match-ups Oblong Container 4l",
    "brand": "Decor",
    "price": 6,
    "orgPrice": 12,
    "categoryIds": ["household"],
    "imagePath": "https://cdn0.woolworths.media/content/wowproductimages/large/634745.jpg",
    "cupPrice": null,
    "unit": "each",
    "packageSize": "each",
    "barcode": ["9300621028454"],
    "isAvailable": true,
    "locations": ["vic", "nsw", "qld", "wa", "sa", "tas", "nt", "act"]
  },
  {
    "id": "w634747-9300621028461",
    "store": "woolworths",
    "name": "Decor Match-ups Oblong Container 7l",
    "brand": "Decor",
    "price": 7,
    "orgPrice": 14,
    "categoryIds": ["household"],
    "imagePath": "https://cdn0.woolworths.media/content/wowproductimages/large/634747.jpg",
    "cupPrice": null,
    "unit": "each",
    "packageSize": "each",
    "barcode": ["9300621028461"],
    "isAvailable": true,
    "locations": ["vic", "nsw", "qld", "wa", "sa", "tas", "nt", "act"]
  },
  {
    "id": "w634834-9300621026375",
    "store": "woolworths",
    "name": "Decor Match-ups Glass Round",
    "brand": "Decor",
    "price": 7.5,
    "orgPrice": 15,
    "categoryIds": ["household"],
    "imagePath": "https://cdn0.woolworths.media/content/wowproductimages/large/634834.jpg",
    "cupPrice": null,
    "unit": "each",
    "packageSize": "1.5l",
    "barcode": ["9300621026375"],
    "isAvailable": true,
    "locations": ["vic", "nsw", "qld", "wa", "sa", "tas", "nt", "act"]
  },
  {
    "id": "w634748-9300621026368",
    "store": "woolworths",
    "name": "Decor Match-ups Glass Round",
    "brand": "Decor",
    "price": 5.5,
    "orgPrice": 11,
    "categoryIds": ["household"],
    "imagePath": "https://cdn0.woolworths.media/content/wowproductimages/large/634748.jpg",
    "cupPrice": null,
    "unit": "each",
    "packageSize": "750ml",
    "barcode": ["9300621026368"],
    "isAvailable": true,
    "locations": ["vic", "nsw", "qld", "wa", "sa", "tas", "nt", "act"]
  },
  {
    "id": "w742916-9300621017601",
    "store": "woolworths",
    "name": "Decor Match-ups Glass Storer Oblong",
    "brand": "Decor",
    "price": 7,
    "orgPrice": 14,
    "categoryIds": ["household"],
    "imagePath": "https://cdn0.woolworths.media/content/wowproductimages/large/742916.jpg",
    "cupPrice": null,
    "unit": "each",
    "packageSize": "1.5l",
    "barcode": ["9300621017601"],
    "isAvailable": true,
    "locations": ["vic", "nsw", "qld", "wa", "sa", "tas", "nt", "act"]
  },
  {
    "id": "w742910-9300621017618",
    "store": "woolworths",
    "name": "Decor Match-ups Glass Storer Oblong",
    "brand": "Decor",
    "price": 5.5,
    "orgPrice": 11,
    "categoryIds": ["household"],
    "imagePath": "https://cdn0.woolworths.media/content/wowproductimages/large/742910.jpg",
    "cupPrice": null,
    "unit": "each",
    "packageSize": "1l",
    "barcode": ["9300621017618"],
    "isAvailable": true,
    "locations": ["vic", "nsw", "qld", "wa", "sa", "tas", "nt", "act"]
  },
  {
    "id": "w661708-9300621028478",
    "store": "woolworths",
    "name": "Decor Match-ups Real Seal Glass Round Storer",
    "brand": "Decor",
    "price": 4,
    "orgPrice": 8,
    "categoryIds": ["household"],
    "imagePath": "https://cdn0.woolworths.media/content/wowproductimages/large/661708.jpg",
    "cupPrice": null,
    "unit": "each",
    "packageSize": "500ml",
    "barcode": ["9300621028478"],
    "isAvailable": true,
    "locations": ["vic", "nsw", "qld", "wa", "sa", "tas", "nt", "act"]
  },
  {
    "id": "w345104-9300621013733",
    "store": "woolworths",
    "name": "Decor Match-ups Storer Oblong",
    "brand": "Decor",
    "price": 2.5,
    "orgPrice": 5,
    "categoryIds": ["household"],
    "imagePath": "https://cdn0.woolworths.media/content/wowproductimages/large/345104.jpg",
    "cupPrice": null,
    "unit": "each",
    "packageSize": "500ml",
    "barcode": ["9300621013733"],
    "isAvailable": true,
    "locations": ["vic", "nsw", "qld", "wa", "sa", "tas", "nt", "act"]
  },
  {
    "id": "w345101-9300621013719",
    "store": "woolworths",
    "name": "Decor Match-ups Storer Oblong",
    "brand": "Decor",
    "price": 4.5,
    "orgPrice": 9,
    "categoryIds": ["household"],
    "imagePath": "https://cdn0.woolworths.media/content/wowproductimages/large/345101.jpg",
    "cupPrice": null,
    "unit": "each",
    "packageSize": "2l",
    "barcode": ["9300621013719"],
    "isAvailable": true,
    "locations": ["vic", "nsw", "qld", "wa", "sa", "tas", "nt", "act"]
  },
  {
    "id": "w345102-9300621013726",
    "store": "woolworths",
    "name": "Decor Match-ups Storer Oblong",
    "brand": "Decor",
    "price": 3.5,
    "orgPrice": 7,
    "categoryIds": ["household"],
    "imagePath": "https://cdn0.woolworths.media/content/wowproductimages/large/345102.jpg",
    "cupPrice": null,
    "unit": "each",
    "packageSize": "1l",
    "barcode": ["9300621013726"],
    "isAvailable": true,
    "locations": ["vic", "nsw", "qld", "wa", "sa", "tas", "nt", "act"]
  },
  {
    "id": "w780324-9310692122012",
    "store": "woolworths",
    "name": "Earth Choice Front Loader Liquid",
    "brand": "Earth Choice",
    "price": 3,
    "orgPrice": 6,
    "categoryIds": ["household"],
    "imagePath": "https://cdn0.woolworths.media/content/wowproductimages/large/780324.jpg",
    "cupPrice": "$3.00 / 1l",
    "unit": "each",
    "packageSize": "1l",
    "barcode": ["9310692122012"],
    "isAvailable": true,
    "locations": ["vic", "nsw", "qld", "wa", "sa", "tas", "nt", "act"]
  },
  {
    "id": "w355567-9300633170882",
    "store": "woolworths",
    "name": "Essentials Kids Socks Sport Low Cut Size 13-3",
    "brand": "Essentials",
    "price": 4,
    "orgPrice": 8,
    "categoryIds": ["household"],
    "imagePath": "https://cdn0.woolworths.media/content/wowproductimages/large/355567.jpg",
    "cupPrice": "$1.00 / 1ea",
    "unit": "each",
    "packageSize": "4 pack",
    "barcode": ["9300633170882"],
    "isAvailable": true,
    "locations": ["vic", "nsw", "qld", "wa", "sa", "tas", "nt", "act"]
  },
  {
    "id": "w472721-9300633580056",
    "store": "woolworths",
    "name": "Essentials Printed Decal Dinner Set",
    "brand": "Essentials",
    "price": 14.5,
    "orgPrice": 29,
    "categoryIds": ["household"],
    "imagePath": "https://cdn0.woolworths.media/content/wowproductimages/large/472721.jpg",
    "cupPrice": null,
    "unit": "each",
    "packageSize": "12 pack",
    "barcode": ["9300633580056"],
    "isAvailable": true,
    "locations": ["vic", "nsw", "qld", "wa", "sa", "tas", "nt", "act"]
  },
  {
    "id": "w355591-9300633171094",
    "store": "woolworths",
    "name": "Essentials Womens Socks Low Cut Plain White Size 8-11",
    "brand": "Essentials",
    "price": 3.5,
    "orgPrice": 7,
    "categoryIds": ["household"],
    "imagePath": "https://cdn0.woolworths.media/content/wowproductimages/large/355591.jpg",
    "cupPrice": "$1.17 / 1ea",
    "unit": "each",
    "packageSize": "3 pack",
    "barcode": ["9300633171094"],
    "isAvailable": true,
    "locations": ["vic", "nsw", "qld", "wa", "sa", "tas", "nt", "act"]
  },
  {
    "id": "w699244-4084500900530",
    "store": "woolworths",
    "name": "Fairy Dishwashing Liquid Platinum Lemon",
    "brand": "Fairy",
    "price": 3.5,
    "orgPrice": 7,
    "categoryIds": ["household"],
    "imagePath": "https://cdn0.woolworths.media/content/wowproductimages/large/699244.jpg",
    "cupPrice": "$0.56 / 100ml",
    "unit": "each",
    "packageSize": "625ml",
    "barcode": ["4084500900530"],
    "isAvailable": true,
    "locations": ["vic", "nsw", "qld", "wa", "sa", "tas", "nt", "act"]
  },
  {
    "id": "w33018-9300701849719",
    "store": "woolworths",
    "name": "Finish 0% Dishwasher Tablets ",
    "brand": "Finish",
    "price": 19,
    "orgPrice": 38,
    "categoryIds": ["household"],
    "imagePath": "https://cdn0.woolworths.media/content/wowproductimages/large/033018.jpg",
    "cupPrice": "$0.32 / 1ea",
    "unit": "each",
    "packageSize": "60 pack",
    "barcode": ["9300701849719"],
    "isAvailable": true,
    "locations": ["vic", "nsw", "qld", "wa", "sa", "tas", "nt", "act"]
  },
  {
    "id": "w28626-9300701848484",
    "store": "woolworths",
    "name": "Finish 0% Dishwasher Tablets ",
    "brand": "Finish",
    "price": 8.5,
    "orgPrice": 17,
    "categoryIds": ["household"],
    "imagePath": "https://cdn0.woolworths.media/content/wowproductimages/large/028626.jpg",
    "cupPrice": "$0.39 / 1ea",
    "unit": "each",
    "packageSize": "22 pack",
    "barcode": ["9300701848484"],
    "isAvailable": true,
    "locations": ["vic", "nsw", "qld", "wa", "sa", "tas", "nt", "act"]
  },
  {
    "id": "w345982-9300701414689",
    "store": "woolworths",
    "name": "Finish Dishwasher Cleaner Liquid Lemon",
    "brand": "Finish",
    "price": 4,
    "orgPrice": 8,
    "categoryIds": ["household"],
    "imagePath": "https://cdn0.woolworths.media/content/wowproductimages/large/345982.jpg",
    "cupPrice": "$1.60 / 100ml",
    "unit": "each",
    "packageSize": "250ml",
    "barcode": ["9300701414689"],
    "isAvailable": true,
    "locations": ["vic", "nsw", "qld", "wa", "sa", "tas", "nt", "act"]
  },
  {
    "id": "w89050-9300701526818",
    "store": "woolworths",
    "name": "Finish Dishwasher Cleaner Liquid Original",
    "brand": "Finish",
    "price": 4,
    "orgPrice": 8,
    "categoryIds": ["household"],
    "imagePath": "https://cdn0.woolworths.media/content/wowproductimages/large/089050.jpg",
    "cupPrice": "$1.60 / 100ml",
    "unit": "each",
    "packageSize": "250ml",
    "barcode": ["9300701526818"],
    "isAvailable": true,
    "locations": ["vic", "nsw", "qld", "wa", "sa", "tas", "nt", "act"]
  },
  {
    "id": "w260703-9300701956233",
    "store": "woolworths",
    "name": "Finish Dishwashing Rinse Aid Liquid Regular",
    "brand": "Finish",
    "price": 4.5,
    "orgPrice": 9,
    "categoryIds": ["household"],
    "imagePath": "https://cdn0.woolworths.media/content/wowproductimages/large/260703.jpg",
    "cupPrice": "$0.90 / 100ml",
    "unit": "each",
    "packageSize": "500ml",
    "barcode": ["9300701956233"],
    "isAvailable": true,
    "locations": ["vic", "nsw", "qld", "wa", "sa", "tas", "nt", "act"]
  },
  {
    "id": "w78637-9300701053130",
    "store": "woolworths",
    "name": "Finish Quantum Ultimate Pro Dishwasher Tablets Lemon",
    "brand": "Finish",
    "price": 8.5,
    "orgPrice": 17,
    "categoryIds": ["household"],
    "imagePath": "https://cdn0.woolworths.media/content/wowproductimages/large/078637.jpg",
    "cupPrice": "$0.53 / 1ea",
    "unit": "each",
    "packageSize": "16 pack",
    "barcode": ["9300701053130"],
    "isAvailable": true,
    "locations": ["vic", "nsw", "qld", "wa", "sa", "tas", "nt", "act"]
  },
  {
    "id": "w78644-9300701066529",
    "store": "woolworths",
    "name": "Finish Quantum Ultimate Pro Dishwasher Tablets Lemon",
    "brand": "Finish",
    "price": 19,
    "orgPrice": 38,
    "categoryIds": ["household"],
    "imagePath": "https://cdn0.woolworths.media/content/wowproductimages/large/078644.jpg",
    "cupPrice": "$0.40 / 1ea",
    "unit": "each",
    "packageSize": "48 pack",
    "barcode": ["9300701066529"],
    "isAvailable": true,
    "locations": ["vic", "nsw", "qld", "wa", "sa", "tas", "nt", "act"]
  },
  {
    "id": "w759725-9300632082674",
    "store": "woolworths",
    "name": "Fluffy Divine Blends Ultra Fabric Softener Lotus & Sea Minerals",
    "brand": "Fluffy",
    "price": 3.49,
    "orgPrice": 6.99,
    "categoryIds": ["household"],
    "imagePath": "https://cdn0.woolworths.media/content/wowproductimages/large/759725.jpg",
    "cupPrice": "$3.88 / 1l",
    "unit": "each",
    "packageSize": "900ml",
    "barcode": ["9300632082674"],
    "isAvailable": true,
    "locations": ["vic", "nsw", "qld", "wa", "sa", "tas", "nt", "act"]
  },
  {
    "id": "w785104-9300632084173",
    "store": "woolworths",
    "name": "Fluffy Divine Blends Ultra Fabric Softener Vanilla Coconut",
    "brand": "Fluffy",
    "price": 3.49,
    "orgPrice": 6.99,
    "categoryIds": ["household"],
    "imagePath": "https://cdn0.woolworths.media/content/wowproductimages/large/785104.jpg",
    "cupPrice": "$3.88 / 1l",
    "unit": "each",
    "packageSize": "900ml",
    "barcode": ["9300632084173"],
    "isAvailable": true,
    "locations": ["vic", "nsw", "qld", "wa", "sa", "tas", "nt", "act"]
  },
  {
    "id": "w85670-8850006934593",
    "store": "woolworths",
    "name": "Fluffy Field Flowers Concentrated Fabric Conditioner",
    "brand": "Fluffy",
    "price": 3.49,
    "orgPrice": 6.99,
    "categoryIds": ["household"],
    "imagePath": "https://cdn0.woolworths.media/content/wowproductimages/large/085670.jpg",
    "cupPrice": "$3.49 / 1l",
    "unit": "each",
    "packageSize": "1l",
    "barcode": ["8850006934593"],
    "isAvailable": true,
    "locations": ["vic", "nsw", "qld", "wa", "sa", "tas", "nt", "act"]
  },
  {
    "id": "w85832-8850006934609",
    "store": "woolworths",
    "name": "Fluffy Fragrance Temptations Jade Shimmer Fabric Conditioner",
    "brand": "Fluffy",
    "price": 3.49,
    "orgPrice": 6.99,
    "categoryIds": ["household"],
    "imagePath": "https://cdn0.woolworths.media/content/wowproductimages/large/085832.jpg",
    "cupPrice": "$3.49 / 1l",
    "unit": "each",
    "packageSize": "1l",
    "barcode": ["8850006934609"],
    "isAvailable": true,
    "locations": ["vic", "nsw", "qld", "wa", "sa", "tas", "nt", "act"]
  },
  {
    "id": "w456582-9300632087617",
    "store": "woolworths",
    "name": "Fluffy Fragrance Temptations Ultra Fabric Softener Aqua Desire",
    "brand": "Fluffy",
    "price": 3.49,
    "orgPrice": 6.99,
    "categoryIds": ["household"],
    "imagePath": "https://cdn0.woolworths.media/content/wowproductimages/large/456582.jpg",
    "cupPrice": "$3.49 / 1l",
    "unit": "each",
    "packageSize": "1l",
    "barcode": ["9300632087617"],
    "isAvailable": true,
    "locations": ["vic", "nsw", "qld", "wa", "sa", "tas", "nt", "act"]
  },
  {
    "id": "w700563-9300632076307",
    "store": "woolworths",
    "name": "Fluffy Fragrance Temptations Ultra Fabric Softener Spice Allure",
    "brand": "Fluffy",
    "price": 3.49,
    "orgPrice": 6.99,
    "categoryIds": ["household"],
    "imagePath": "https://cdn0.woolworths.media/content/wowproductimages/large/700563.jpg",
    "cupPrice": "$3.49 / 1l",
    "unit": "each",
    "packageSize": "1l",
    "barcode": ["9300632076307"],
    "isAvailable": true,
    "locations": ["vic", "nsw", "qld", "wa", "sa", "tas", "nt", "act"]
  },
  {
    "id": "w863218-8850006930700",
    "store": "woolworths",
    "name": "Fluffy Pure Scents Fabric Softener Creamy Coconut",
    "brand": "Fluffy",
    "price": 3.49,
    "orgPrice": 6.99,
    "categoryIds": ["household"],
    "imagePath": "https://cdn0.woolworths.media/content/wowproductimages/large/863218.jpg",
    "cupPrice": "$3.49 / 1l",
    "unit": "each",
    "packageSize": "1l",
    "barcode": ["8850006930700"],
    "isAvailable": true,
    "locations": ["vic", "nsw", "qld", "wa", "sa", "tas", "nt", "act"]
  },
  {
    "id": "w336488-9300632072798",
    "store": "woolworths",
    "name": "Fluffy Summer Breeze Concentrate Fabric Softener Conditioner",
    "brand": "Fluffy",
    "price": 3.49,
    "orgPrice": 6.99,
    "categoryIds": ["household"],
    "imagePath": "https://cdn0.woolworths.media/content/wowproductimages/large/336488.jpg",
    "cupPrice": "$3.49 / 1l",
    "unit": "each",
    "packageSize": "1l",
    "barcode": ["9300632072798"],
    "isAvailable": true,
    "locations": ["vic", "nsw", "qld", "wa", "sa", "tas", "nt", "act"]
  },
  {
    "id": "w827332-9300633794422",
    "store": "woolworths",
    "name": "For Her Sheer Slimming Tight Black A 90mm(w) X 250mm(h) X 15mm(d)",
    "brand": "For Her",
    "price": 2.5,
    "orgPrice": 5,
    "categoryIds": ["household"],
    "imagePath": "https://cdn0.woolworths.media/content/wowproductimages/large/827332.jpg",
    "cupPrice": null,
    "unit": "each",
    "packageSize": "each",
    "barcode": ["9300633794422"],
    "isAvailable": true,
    "locations": ["vic", "nsw", "qld", "wa", "sa", "tas", "nt", "act"]
  },
  {
    "id": "w196731-9300633004613",
    "store": "woolworths",
    "name": "For Her Womens Socks Low Cut White Size 2 - 8",
    "brand": "For Her",
    "price": 3.5,
    "orgPrice": 7,
    "categoryIds": ["household"],
    "imagePath": "https://cdn0.woolworths.media/content/wowproductimages/large/196731.jpg",
    "cupPrice": "$1.17 / 1ea",
    "unit": "each",
    "packageSize": "3 pack",
    "barcode": ["9300633004613"],
    "isAvailable": true,
    "locations": ["vic", "nsw", "qld", "wa", "sa", "tas", "nt", "act"]
  },
  {
    "id": "w40686-9339687096442",
    "store": "woolworths",
    "name": "For Kids Boys Briefs Size 12-14",
    "brand": "For Kids",
    "price": 3.2,
    "orgPrice": 8,
    "categoryIds": ["household"],
    "imagePath": "https://cdn0.woolworths.media/content/wowproductimages/large/040686.jpg",
    "cupPrice": null,
    "unit": "each",
    "packageSize": "5 pack",
    "barcode": ["9339687096442"],
    "isAvailable": true,
    "locations": ["vic", "nsw", "qld", "wa", "sa", "tas", "nt", "act"]
  },
  {
    "id": "w40691-9339687096435",
    "store": "woolworths",
    "name": "For Kids Boys Briefs Sizes 10-12 ",
    "brand": "For Kids",
    "price": 4,
    "orgPrice": 8,
    "categoryIds": ["household"],
    "imagePath": "https://cdn0.woolworths.media/content/wowproductimages/large/040691.jpg",
    "cupPrice": null,
    "unit": "each",
    "packageSize": "5 pack",
    "barcode": ["9339687096435"],
    "isAvailable": true,
    "locations": ["vic", "nsw", "qld", "wa", "sa", "tas", "nt", "act"]
  },
  {
    "id": "w40679-9339687096466",
    "store": "woolworths",
    "name": "For Kids Boys Briefs Sizes 8-10 ",
    "brand": "For Kids",
    "price": 4,
    "orgPrice": 8,
    "categoryIds": ["household"],
    "imagePath": "https://cdn0.woolworths.media/content/wowproductimages/large/040679.jpg",
    "cupPrice": null,
    "unit": "each",
    "packageSize": "5 pack",
    "barcode": ["9339687096466"],
    "isAvailable": true,
    "locations": ["vic", "nsw", "qld", "wa", "sa", "tas", "nt", "act"]
  },
  {
    "id": "w40681-9339687096459",
    "store": "woolworths",
    "name": "For Kids Boys Cotton Trunk Size 10-12",
    "brand": "For Kids",
    "price": 4,
    "orgPrice": 8,
    "categoryIds": ["household"],
    "imagePath": "https://cdn0.woolworths.media/content/wowproductimages/large/040681.jpg",
    "cupPrice": null,
    "unit": "each",
    "packageSize": "3 pack",
    "barcode": ["9339687096459"],
    "isAvailable": true,
    "locations": ["vic", "nsw", "qld", "wa", "sa", "tas", "nt", "act"]
  },
  {
    "id": "w40693-9339687096411",
    "store": "woolworths",
    "name": "For Kids Girls Briefs Size 8-10",
    "brand": "For Kids",
    "price": 4,
    "orgPrice": 8,
    "categoryIds": ["household"],
    "imagePath": "https://cdn0.woolworths.media/content/wowproductimages/large/040693.jpg",
    "cupPrice": null,
    "unit": "each",
    "packageSize": "5 pack",
    "barcode": ["9339687096411"],
    "isAvailable": true,
    "locations": ["vic", "nsw", "qld", "wa", "sa", "tas", "nt", "act"]
  },
  {
    "id": "w39710-9339687096404",
    "store": "woolworths",
    "name": "For Kids Girls Briefs Sizes 10-12 ",
    "brand": "For Kids",
    "price": 4,
    "orgPrice": 8,
    "categoryIds": ["household"],
    "imagePath": "https://cdn0.woolworths.media/content/wowproductimages/large/039710.jpg",
    "cupPrice": null,
    "unit": "each",
    "packageSize": "5 pack",
    "barcode": ["9339687096404"],
    "isAvailable": true,
    "locations": ["vic", "nsw", "qld", "wa", "sa", "tas", "nt", "act"]
  },
  {
    "id": "w39708-9339687096381",
    "store": "woolworths",
    "name": "For Kids Girls Briefs Sizes 12-14 ",
    "brand": "For Kids",
    "price": 3.2,
    "orgPrice": 8,
    "categoryIds": ["household"],
    "imagePath": "https://cdn0.woolworths.media/content/wowproductimages/large/039708.jpg",
    "cupPrice": null,
    "unit": "each",
    "packageSize": "5 pack",
    "barcode": ["9339687096381"],
    "isAvailable": true,
    "locations": ["vic", "nsw", "qld", "wa", "sa", "tas", "nt", "act"]
  },
  {
    "id": "w22782-9300701823948",
    "store": "woolworths",
    "name": "Harpic Fresh Power Toilet Block Cleaner Floral",
    "brand": "Harpic",
    "price": 2.5,
    "orgPrice": 5,
    "categoryIds": ["household"],
    "imagePath": "https://cdn0.woolworths.media/content/wowproductimages/large/022782.jpg",
    "cupPrice": "$2.50 / 1ea",
    "unit": "each",
    "packageSize": "39g",
    "barcode": ["9300701823948"],
    "isAvailable": true,
    "locations": ["vic", "nsw", "qld", "wa", "sa", "tas", "nt", "act"]
  },
  {
    "id": "w622351-9300701234157",
    "store": "woolworths",
    "name": "Harpic Fresh Power Toilet Cleaner Marine Splash",
    "brand": "Harpic",
    "price": 2.5,
    "orgPrice": 5,
    "categoryIds": ["household"],
    "imagePath": "https://cdn0.woolworths.media/content/wowproductimages/large/622351.jpg",
    "cupPrice": "$2.50 / 1ea",
    "unit": "each",
    "packageSize": "39g",
    "barcode": ["9300701234157"],
    "isAvailable": true,
    "locations": ["vic", "nsw", "qld", "wa", "sa", "tas", "nt", "act"]
  },
  {
    "id": "w622215-9300701225063",
    "store": "woolworths",
    "name": "Harpic Fresh Power Toilet Cleaner Marine Splash",
    "brand": "Harpic",
    "price": 2.5,
    "orgPrice": 5,
    "categoryIds": ["household"],
    "imagePath": "https://cdn0.woolworths.media/content/wowproductimages/large/622215.jpg",
    "cupPrice": "$0.36 / 100ml",
    "unit": "each",
    "packageSize": "700ml",
    "barcode": ["9300701225063"],
    "isAvailable": true,
    "locations": ["vic", "nsw", "qld", "wa", "sa", "tas", "nt", "act"]
  },
  {
    "id": "w630968-9300701228026",
    "store": "woolworths",
    "name": "Harpic Fresh Power Toilet Cleaner Summer Breeze",
    "brand": "Harpic",
    "price": 2.5,
    "orgPrice": 5,
    "categoryIds": ["household"],
    "imagePath": "https://cdn0.woolworths.media/content/wowproductimages/large/630968.jpg",
    "cupPrice": "$2.50 / 1ea",
    "unit": "each",
    "packageSize": "39g",
    "barcode": ["9300701228026"],
    "isAvailable": true,
    "locations": ["vic", "nsw", "qld", "wa", "sa", "tas", "nt", "act"]
  },
  {
    "id": "w622217-9300701225087",
    "store": "woolworths",
    "name": "Harpic Fresh Power Toilet Cleaner Tropical Blossom",
    "brand": "Harpic",
    "price": 2.5,
    "orgPrice": 5,
    "categoryIds": ["household"],
    "imagePath": "https://cdn0.woolworths.media/content/wowproductimages/large/622217.jpg",
    "cupPrice": "$0.36 / 100ml",
    "unit": "each",
    "packageSize": "700ml",
    "barcode": ["9300701225087"],
    "isAvailable": true,
    "locations": ["vic", "nsw", "qld", "wa", "sa", "tas", "nt", "act"]
  },
  {
    "id": "w622350-9300701234140",
    "store": "woolworths",
    "name": "Harpic Fresh Power Toilet Cleaner Tropical Blossom",
    "brand": "Harpic",
    "price": 2.5,
    "orgPrice": 5,
    "categoryIds": ["household"],
    "imagePath": "https://cdn0.woolworths.media/content/wowproductimages/large/622350.jpg",
    "cupPrice": "$2.50 / 1ea",
    "unit": "each",
    "packageSize": "39g",
    "barcode": ["9300701234140"],
    "isAvailable": true,
    "locations": ["vic", "nsw", "qld", "wa", "sa", "tas", "nt", "act"]
  },
  {
    "id": "w699977-9300701560386",
    "store": "woolworths",
    "name": "Harpic Turquoise Power Toilet Block Cleaner Tropical Lagoon",
    "brand": "Harpic",
    "price": 2.5,
    "orgPrice": 5,
    "categoryIds": ["household"],
    "imagePath": "https://cdn0.woolworths.media/content/wowproductimages/large/699977.jpg",
    "cupPrice": "$2.50 / 1ea",
    "unit": "each",
    "packageSize": "39g",
    "barcode": ["9300701560386"],
    "isAvailable": true,
    "locations": ["vic", "nsw", "qld", "wa", "sa", "tas", "nt", "act"]
  },
  {
    "id": "w264716-9332822355794",
    "store": "woolworths",
    "name": "Holeproof Explorer Socks Light For Women Size 3-8",
    "brand": "Holeproof",
    "price": 7,
    "orgPrice": 14,
    "categoryIds": ["household"],
    "imagePath": "https://cdn0.woolworths.media/content/wowproductimages/large/264716.jpg",
    "cupPrice": null,
    "unit": "each",
    "packageSize": "each",
    "barcode": ["9332822355794"],
    "isAvailable": true,
    "locations": ["vic", "nsw", "qld", "wa", "sa", "tas", "nt", "act"]
  },
  {
    "id": "w79424-9311183005951",
    "store": "woolworths",
    "name": "Immerse Plug Bath & Basin Plug 32mm",
    "brand": "Immerse",
    "price": 1.75,
    "orgPrice": 3.5,
    "categoryIds": ["household"],
    "imagePath": "https://cdn0.woolworths.media/content/wowproductimages/large/079424.jpg",
    "cupPrice": null,
    "unit": "each",
    "packageSize": "each",
    "barcode": ["9311183005951"],
    "isAvailable": true,
    "locations": ["vic", "nsw", "qld", "wa", "sa", "tas", "nt", "act"]
  },
  {
    "id": "w79425-9311183005975",
    "store": "woolworths",
    "name": "Immerse Plug Bath, Sink & Laundry 50mm",
    "brand": "Immerse",
    "price": 2,
    "orgPrice": 4,
    "categoryIds": ["household"],
    "imagePath": "https://cdn0.woolworths.media/content/wowproductimages/large/079425.jpg",
    "cupPrice": null,
    "unit": "each",
    "packageSize": "each",
    "barcode": ["9311183005975"],
    "isAvailable": true,
    "locations": ["vic", "nsw", "qld", "wa", "sa", "tas", "nt", "act"]
  },
  {
    "id": "w13712-9339687093069",
    "store": "woolworths",
    "name": "Inspire Bathroom Set ",
    "brand": "Inspire",
    "price": 10,
    "orgPrice": 20,
    "categoryIds": ["household"],
    "imagePath": "https://cdn0.woolworths.media/content/wowproductimages/large/013712.jpg",
    "cupPrice": null,
    "unit": "each",
    "packageSize": "4 pack",
    "barcode": ["9339687093069"],
    "isAvailable": true,
    "locations": ["vic", "nsw", "qld", "wa", "sa", "tas", "nt", "act"]
  },
  {
    "id": "w808327-9339687067374",
    "store": "woolworths",
    "name": "Inspire Side Plate Printed",
    "brand": "Inspire",
    "price": 2,
    "orgPrice": 4,
    "categoryIds": ["household"],
    "imagePath": "https://cdn0.woolworths.media/content/wowproductimages/large/808327.jpg",
    "cupPrice": null,
    "unit": "each",
    "packageSize": "each",
    "barcode": ["9339687067374"],
    "isAvailable": true,
    "locations": ["vic", "nsw", "qld", "wa", "sa", "tas", "nt", "act"]
  },
  {
    "id": "w854141-9350376003374",
    "store": "woolworths",
    "name": "Lovable Care & Refresh Laundry Liquid ",
    "brand": "Lovable",
    "price": 6,
    "orgPrice": 12,
    "categoryIds": ["household"],
    "imagePath": "https://cdn0.woolworths.media/content/wowproductimages/large/854141.jpg",
    "cupPrice": "$4.00 / 1l",
    "unit": "each",
    "packageSize": "1.5l",
    "barcode": ["9350376003374"],
    "isAvailable": true,
    "locations": ["vic", "nsw", "qld", "wa", "sa", "tas", "nt", "act"]
  },
  {
    "id": "w681399-9350376000205",
    "store": "woolworths",
    "name": "Lovable Care & Renew For Black & Darks",
    "brand": "Lovable",
    "price": 6,
    "orgPrice": 12,
    "categoryIds": ["household"],
    "imagePath": "https://cdn0.woolworths.media/content/wowproductimages/large/681399.jpg",
    "cupPrice": "$4.00 / 1l",
    "unit": "each",
    "packageSize": "1.5l",
    "barcode": ["9350376000205"],
    "isAvailable": true,
    "locations": ["vic", "nsw", "qld", "wa", "sa", "tas", "nt", "act"]
  },
  {
    "id": "w687198-9325448148703",
    "store": "woolworths",
    "name": "Michelle Bridges Bottle ",
    "brand": "Michelle Bridges",
    "price": 7,
    "orgPrice": 14,
    "categoryIds": ["household"],
    "imagePath": "https://cdn0.woolworths.media/content/wowproductimages/large/687198.jpg",
    "cupPrice": null,
    "unit": "each",
    "packageSize": "1l",
    "barcode": ["9325448148703"],
    "isAvailable": true,
    "locations": ["vic", "nsw", "qld", "wa", "sa", "tas", "nt", "act"]
  },
  {
    "id": "w55954-9325448168558",
    "store": "woolworths",
    "name": "Michelle Bridges Insulated Lunch Bag ",
    "brand": "Michelle Bridges",
    "price": 10,
    "orgPrice": 20,
    "categoryIds": ["household"],
    "imagePath": "https://cdn0.woolworths.media/content/wowproductimages/large/055954.jpg",
    "cupPrice": null,
    "unit": "each",
    "packageSize": "each",
    "barcode": ["9325448168558"],
    "isAvailable": true,
    "locations": ["vic", "nsw", "qld", "wa", "sa", "tas", "nt", "act"]
  },
  {
    "id": "w687520-9325448148659",
    "store": "woolworths",
    "name": "Michelle Bridges Meal Prep Containers ",
    "brand": "Michelle Bridges",
    "price": 7.5,
    "orgPrice": 15,
    "categoryIds": ["household"],
    "imagePath": "https://cdn0.woolworths.media/content/wowproductimages/large/687520.jpg",
    "cupPrice": null,
    "unit": "each",
    "packageSize": "5 pack",
    "barcode": ["9325448148659"],
    "isAvailable": true,
    "locations": ["vic", "nsw", "qld", "wa", "sa", "tas", "nt", "act"]
  },
  {
    "id": "w687146-9325448148666",
    "store": "woolworths",
    "name": "Michelle Bridges Meal Prep Dipper Pots ",
    "brand": "Michelle Bridges",
    "price": 3,
    "orgPrice": 6,
    "categoryIds": ["household"],
    "imagePath": "https://cdn0.woolworths.media/content/wowproductimages/large/687146.jpg",
    "cupPrice": null,
    "unit": "each",
    "packageSize": "6 pack",
    "barcode": ["9325448148666"],
    "isAvailable": true,
    "locations": ["vic", "nsw", "qld", "wa", "sa", "tas", "nt", "act"]
  },
  {
    "id": "w55962-9325448168565",
    "store": "woolworths",
    "name": "Michelle Bridges Snack Prep Kit ",
    "brand": "Michelle Bridges",
    "price": 6,
    "orgPrice": 12,
    "categoryIds": ["household"],
    "imagePath": "https://cdn0.woolworths.media/content/wowproductimages/large/055962.jpg",
    "cupPrice": null,
    "unit": "each",
    "packageSize": "3 pack",
    "barcode": ["9325448168565"],
    "isAvailable": true,
    "locations": ["vic", "nsw", "qld", "wa", "sa", "tas", "nt", "act"]
  },
  {
    "id": "w87440-9300830059300",
    "store": "woolworths",
    "name": "Omo Expert Odour Eliminator ",
    "brand": "Omo",
    "price": 11,
    "orgPrice": 22,
    "categoryIds": ["household"],
    "imagePath": "https://cdn0.woolworths.media/content/wowproductimages/large/087440.jpg",
    "cupPrice": "$6.11 / 1l",
    "unit": "each",
    "packageSize": "1.8l",
    "barcode": ["9300830059300"],
    "isAvailable": true,
    "locations": ["vic", "nsw", "qld", "wa", "sa", "tas", "nt", "act"]
  },
  {
    "id": "w466068-8934868118800",
    "store": "woolworths",
    "name": "Omo Ultimate Laundry Liquid Detergent Front & Top Loader",
    "brand": "Omo",
    "price": 11,
    "orgPrice": 22,
    "categoryIds": ["household"],
    "imagePath": "https://cdn0.woolworths.media/content/wowproductimages/large/466068.jpg",
    "cupPrice": "$6.11 / 1l",
    "unit": "each",
    "packageSize": "1.8l",
    "barcode": ["8934868118800"],
    "isAvailable": true,
    "locations": ["vic", "nsw", "qld", "wa", "sa", "tas", "nt", "act"]
  },
  {
    "id": "w867137-9300830051960",
    "store": "woolworths",
    "name": "Omo Ultimate Laundry Powder ",
    "brand": "Omo",
    "price": 11,
    "orgPrice": 22,
    "categoryIds": ["household"],
    "imagePath": "https://cdn0.woolworths.media/content/wowproductimages/large/867137.jpg",
    "cupPrice": "$6.11 / 1kg",
    "unit": "each",
    "packageSize": "1.8kg",
    "barcode": ["9300830051960"],
    "isAvailable": true,
    "locations": ["vic", "nsw", "qld", "wa", "sa", "tas", "nt", "act"]
  },
  {
    "id": "w614392-9339687010868",
    "store": "woolworths",
    "name": "Paperclick Expanding File ",
    "brand": "Paperclick",
    "price": 3,
    "orgPrice": 6,
    "categoryIds": ["household"],
    "imagePath": "https://cdn0.woolworths.media/content/wowproductimages/large/614392.jpg",
    "cupPrice": null,
    "unit": "each",
    "packageSize": "each",
    "barcode": ["9339687010868"],
    "isAvailable": true,
    "locations": ["vic", "nsw", "qld", "wa", "sa", "tas", "nt", "act"]
  },
  {
    "id": "w16889-9354009195924",
    "store": "woolworths",
    "name": "Razzamatazz Body Sheers Natural Size 1",
    "brand": "Razzamatazz",
    "price": 3,
    "orgPrice": 6,
    "categoryIds": ["household"],
    "imagePath": "https://cdn0.woolworths.media/content/wowproductimages/large/016889.jpg",
    "cupPrice": null,
    "unit": "each",
    "packageSize": "each",
    "barcode": ["9354009195924"],
    "isAvailable": true,
    "locations": ["vic", "nsw", "qld", "wa", "sa", "tas", "nt", "act"]
  },
  {
    "id": "w574517-9351257083195",
    "store": "woolworths",
    "name": "Razzamatazz Ladder Resist Black Size Tall",
    "brand": "Razzamatazz",
    "price": 3,
    "orgPrice": 6,
    "categoryIds": ["household"],
    "imagePath": "https://cdn0.woolworths.media/content/wowproductimages/large/574517.jpg",
    "cupPrice": null,
    "unit": "each",
    "packageSize": "each",
    "barcode": ["9351257083195"],
    "isAvailable": true,
    "locations": ["vic", "nsw", "qld", "wa", "sa", "tas", "nt", "act"]
  },
  {
    "id": "w4647-9310259007110",
    "store": "woolworths",
    "name": "Sheer Relief Pantyhose Control Support Mini Tan Avg",
    "brand": "Sheer Relief",
    "price": 4,
    "orgPrice": 8,
    "categoryIds": ["household"],
    "imagePath": "https://cdn0.woolworths.media/content/wowproductimages/large/004647.jpg",
    "cupPrice": null,
    "unit": "each",
    "packageSize": "each",
    "barcode": ["9310259007110"],
    "isAvailable": true,
    "locations": ["vic", "nsw", "qld", "wa", "sa", "tas", "nt", "act"]
  },
  {
    "id": "w55940-9325448168633",
    "store": "woolworths",
    "name": "Smash Bento Bite Lunch Box Blue",
    "brand": "Smash",
    "price": 10,
    "orgPrice": 20,
    "categoryIds": ["household"],
    "imagePath": "https://cdn0.woolworths.media/content/wowproductimages/large/055940.jpg",
    "cupPrice": null,
    "unit": "each",
    "packageSize": "each",
    "barcode": ["9325448168633"],
    "isAvailable": true,
    "locations": ["vic", "nsw", "qld", "wa", "sa", "tas", "nt", "act"]
  },
  {
    "id": "w55951-9325448168657",
    "store": "woolworths",
    "name": "Smash Bento Bite Lunch Box Pink",
    "brand": "Smash",
    "price": 10,
    "orgPrice": 20,
    "categoryIds": ["household"],
    "imagePath": "https://cdn0.woolworths.media/content/wowproductimages/large/055951.jpg",
    "cupPrice": null,
    "unit": "each",
    "packageSize": "each",
    "barcode": ["9325448168657"],
    "isAvailable": true,
    "locations": ["vic", "nsw", "qld", "wa", "sa", "tas", "nt", "act"]
  },
  {
    "id": "w55946-9325448168589",
    "store": "woolworths",
    "name": "Smash Caddy Cold Box Blue",
    "brand": "Smash",
    "price": 8,
    "orgPrice": 16,
    "categoryIds": ["household"],
    "imagePath": "https://cdn0.woolworths.media/content/wowproductimages/large/055946.jpg",
    "cupPrice": null,
    "unit": "each",
    "packageSize": "each",
    "barcode": ["9325448168589"],
    "isAvailable": true,
    "locations": ["vic", "nsw", "qld", "wa", "sa", "tas", "nt", "act"]
  },
  {
    "id": "w55938-9325448168619",
    "store": "woolworths",
    "name": "Smash Caddy Cold Box Pink",
    "brand": "Smash",
    "price": 8,
    "orgPrice": 16,
    "categoryIds": ["household"],
    "imagePath": "https://cdn0.woolworths.media/content/wowproductimages/large/055938.jpg",
    "cupPrice": null,
    "unit": "each",
    "packageSize": "each",
    "barcode": ["9325448168619"],
    "isAvailable": true,
    "locations": ["vic", "nsw", "qld", "wa", "sa", "tas", "nt", "act"]
  },
  {
    "id": "w55526-9325448168732",
    "store": "woolworths",
    "name": "Smash Kids Bamboo Bowl Pink",
    "brand": "Smash",
    "price": 2.5,
    "orgPrice": 5,
    "categoryIds": ["household"],
    "imagePath": "https://cdn0.woolworths.media/content/wowproductimages/large/055526.jpg",
    "cupPrice": null,
    "unit": "each",
    "packageSize": "each",
    "barcode": ["9325448168732"],
    "isAvailable": true,
    "locations": ["vic", "nsw", "qld", "wa", "sa", "tas", "nt", "act"]
  },
  {
    "id": "w55515-9325448168695",
    "store": "woolworths",
    "name": "Smash Kids Bamboo Plate Blue",
    "brand": "Smash",
    "price": 2.5,
    "orgPrice": 5,
    "categoryIds": ["household"],
    "imagePath": "https://cdn0.woolworths.media/content/wowproductimages/large/055515.jpg",
    "cupPrice": null,
    "unit": "each",
    "packageSize": "each",
    "barcode": ["9325448168695"],
    "isAvailable": true,
    "locations": ["vic", "nsw", "qld", "wa", "sa", "tas", "nt", "act"]
  },
  {
    "id": "w55963-9325448168725",
    "store": "woolworths",
    "name": "Smash Kids Bamboo Plate Pink",
    "brand": "Smash",
    "price": 2.5,
    "orgPrice": 5,
    "categoryIds": ["household"],
    "imagePath": "https://cdn0.woolworths.media/content/wowproductimages/large/055963.jpg",
    "cupPrice": null,
    "unit": "each",
    "packageSize": "each",
    "barcode": ["9325448168725"],
    "isAvailable": true,
    "locations": ["vic", "nsw", "qld", "wa", "sa", "tas", "nt", "act"]
  },
  {
    "id": "w55478-9325448168671",
    "store": "woolworths",
    "name": "Smash Lunch Buddy Set ",
    "brand": "Smash",
    "price": 6,
    "orgPrice": 12,
    "categoryIds": ["household"],
    "imagePath": "https://cdn0.woolworths.media/content/wowproductimages/large/055478.jpg",
    "cupPrice": null,
    "unit": "each",
    "packageSize": "8 pack",
    "barcode": ["9325448168671"],
    "isAvailable": true,
    "locations": ["vic", "nsw", "qld", "wa", "sa", "tas", "nt", "act"]
  },
  {
    "id": "w92335-9311838643392",
    "store": "woolworths",
    "name": "Tontine Sweet Dreams Soft Touch Pillow",
    "brand": "Tontine",
    "price": 10,
    "orgPrice": 20,
    "categoryIds": ["household"],
    "imagePath": "https://cdn0.woolworths.media/content/wowproductimages/large/092335.jpg",
    "cupPrice": null,
    "unit": "each",
    "packageSize": "2 pack",
    "barcode": ["9311838643392"],
    "isAvailable": true,
    "locations": ["vic", "nsw", "qld", "wa", "sa", "tas", "nt", "act"]
  },
  {
    "id": "w680991-9339687039647",
    "store": "woolworths",
    "name": "Woolworths Bbq Fork ",
    "brand": "Woolworths",
    "price": 1.2,
    "orgPrice": 4,
    "categoryIds": ["household"],
    "imagePath": "https://cdn0.woolworths.media/content/wowproductimages/large/680991.jpg",
    "cupPrice": "$1.20 / 1ea",
    "unit": "each",
    "packageSize": "each",
    "barcode": ["9339687039647"],
    "isAvailable": true,
    "locations": ["vic", "nsw", "qld", "wa", "sa", "tas", "nt", "act"]
  },
  {
    "id": "w26220-9339687095513",
    "store": "woolworths",
    "name": "Woolworths Bbq Meat Claws ",
    "brand": "Woolworths",
    "price": 1.5,
    "orgPrice": 5,
    "categoryIds": ["household"],
    "imagePath": "https://cdn0.woolworths.media/content/wowproductimages/large/026220.jpg",
    "cupPrice": "$1.50 / 1ea",
    "unit": "each",
    "packageSize": "2 pack",
    "barcode": ["9339687095513"],
    "isAvailable": true,
    "locations": ["vic", "nsw", "qld", "wa", "sa", "tas", "nt", "act"]
  },
  {
    "id": "w577096-9300633636357",
    "store": "woolworths",
    "name": "Woolworths Bbq Meat Thermometer ",
    "brand": "Woolworths",
    "price": 7,
    "orgPrice": 18,
    "categoryIds": ["household"],
    "imagePath": "https://cdn0.woolworths.media/content/wowproductimages/large/577096.jpg",
    "cupPrice": "$7.00 / 1ea",
    "unit": "each",
    "packageSize": "each",
    "barcode": ["9300633636357"],
    "isAvailable": true,
    "locations": ["vic", "nsw", "qld", "wa", "sa", "tas", "nt", "act"]
  },
  {
    "id": "w790882-4894063040525",
    "store": "woolworths",
    "name": "Woolworths Bbq Spatula ",
    "brand": "Woolworths",
    "price": 7,
    "orgPrice": 9,
    "categoryIds": ["household"],
    "imagePath": "https://cdn0.woolworths.media/content/wowproductimages/large/790882.jpg",
    "cupPrice": null,
    "unit": "each",
    "packageSize": "each",
    "barcode": ["4894063040525"],
    "isAvailable": true,
    "locations": ["vic", "nsw", "qld", "wa", "sa", "tas", "nt", "act"]
  },
  {
    "id": "w747117-9300633356712",
    "store": "woolworths",
    "name": "Woolworths Essentials Boys Underwear Fly Front Trunks 6-7",
    "brand": "Woolworths",
    "price": 4,
    "orgPrice": 8,
    "categoryIds": ["household"],
    "imagePath": "https://cdn0.woolworths.media/content/wowproductimages/large/747117.jpg",
    "cupPrice": "$1.33 / 1ea",
    "unit": "each",
    "packageSize": "3 pack",
    "barcode": ["9300633356712"],
    "isAvailable": true,
    "locations": ["vic", "nsw", "qld", "wa", "sa", "tas", "nt", "act"]
  },
  {
    "id": "w747116-9300633355203",
    "store": "woolworths",
    "name": "Woolworths Essentials Underwear Girl's Basic Briefs Size 6-7",
    "brand": "Woolworths",
    "price": 4,
    "orgPrice": 8,
    "categoryIds": ["household"],
    "imagePath": "https://cdn0.woolworths.media/content/wowproductimages/large/747116.jpg",
    "cupPrice": "$0.80 / 1ea",
    "unit": "each",
    "packageSize": "each",
    "barcode": ["9300633355203"],
    "isAvailable": true,
    "locations": ["vic", "nsw", "qld", "wa", "sa", "tas", "nt", "act"]
  },
  {
    "id": "w741987-9300633353988",
    "store": "woolworths",
    "name": "Woolworths Essentials Underwear Women's Full Brief Size 18-20",
    "brand": "Woolworths",
    "price": 5,
    "orgPrice": 10,
    "categoryIds": ["household"],
    "imagePath": "https://cdn0.woolworths.media/content/wowproductimages/large/741987.jpg",
    "cupPrice": null,
    "unit": "each",
    "packageSize": "each",
    "barcode": ["9300633353988"],
    "isAvailable": true,
    "locations": ["vic", "nsw", "qld", "wa", "sa", "tas", "nt", "act"]
  },
  {
    "id": "w747120-9300633356736",
    "store": "woolworths",
    "name": "Woolworths For Kids Boys Underwear Fly Front Trunks 12-14",
    "brand": "Woolworths",
    "price": 4,
    "orgPrice": 8,
    "categoryIds": ["household"],
    "imagePath": "https://cdn0.woolworths.media/content/wowproductimages/large/747120.jpg",
    "cupPrice": "$1.33 / 1ea",
    "unit": "each",
    "packageSize": "3 pack",
    "barcode": ["9300633356736"],
    "isAvailable": true,
    "locations": ["vic", "nsw", "qld", "wa", "sa", "tas", "nt", "act"]
  },
  {
    "id": "w747193-9300633376239",
    "store": "woolworths",
    "name": "Woolworths For Kids Boys Underwear Fly Front Trunks 8-10",
    "brand": "Woolworths",
    "price": 4,
    "orgPrice": 8,
    "categoryIds": ["household"],
    "imagePath": "https://cdn0.woolworths.media/content/wowproductimages/large/747193.jpg",
    "cupPrice": "$1.33 / 1ea",
    "unit": "each",
    "packageSize": "3 pack",
    "barcode": ["9300633376239"],
    "isAvailable": true,
    "locations": ["vic", "nsw", "qld", "wa", "sa", "tas", "nt", "act"]
  },
  {
    "id": "w355588-9300633171070",
    "store": "woolworths",
    "name": "Woolworths For Ladies Low Cut Socks Plain Black Size 8-11",
    "brand": "Woolworths",
    "price": 3.5,
    "orgPrice": 7,
    "categoryIds": ["household"],
    "imagePath": "https://cdn0.woolworths.media/content/wowproductimages/large/355588.jpg",
    "cupPrice": "$1.17 / 1ea",
    "unit": "each",
    "packageSize": "3 pack",
    "barcode": ["9300633171070"],
    "isAvailable": true,
    "locations": ["vic", "nsw", "qld", "wa", "sa", "tas", "nt", "act"]
  },
  {
    "id": "w738367-9300633354930",
    "store": "woolworths",
    "name": "Woolworths For Ladies Underwear Bikini Size 16-18",
    "brand": "Woolworths",
    "price": 5,
    "orgPrice": 10,
    "categoryIds": ["household"],
    "imagePath": "https://cdn0.woolworths.media/content/wowproductimages/large/738367.jpg",
    "cupPrice": null,
    "unit": "each",
    "packageSize": "5 pack",
    "barcode": ["9300633354930"],
    "isAvailable": true,
    "locations": ["vic", "nsw", "qld", "wa", "sa", "tas", "nt", "act"]
  }
]

