{
  "products": [
    {
      "id": "c5703766p-9310043001713",
      "store": "coles",
      "name": "Cafe Raisin Bread Loaf",
      "brand": "Tip Top",
      "price": 3,
      "orgPrice": null,
      "categoryIds": ["bakery"],
      "imagePath": "https://shop.coles.com.au/wcsstore/Coles-CAS/images/5/7/0/5703766.jpg",
      "cupPrice": "$0.46 per 100g",
      "unit": "ea",
      "packageSize": "650g",
      "barcode": ["9310043001713", "9339423008500"],
      "isAvailable": true
    },
    {
      "id": "c2762237p-5000221509240",
      "store": "coles",
      "name": "Angel Slice 6 pack",
      "brand": "Mr Kipling",
      "price": 2,
      "orgPrice": 4,
      "categoryIds": ["bakery"],
      "imagePath": "https://shop.coles.com.au/wcsstore/Coles-CAS/images/2/7/6/2762237.jpg",
      "cupPrice": "$1.21 per 100g",
      "unit": "ea",
      "packageSize": "165g",
      "barcode": ["5000221509240"],
      "isAvailable": true
    },
    {
      "id": "c1647164p-5000221505709",
      "store": "coles",
      "name": "Lemon Slices 6 Pack",
      "brand": "Mr Kipling",
      "price": 2,
      "orgPrice": 4,
      "categoryIds": ["bakery"],
      "imagePath": "https://shop.coles.com.au/wcsstore/Coles-CAS/images/1/6/4/1647164.jpg",
      "cupPrice": "$1.21 per 100g",
      "unit": "ea",
      "packageSize": "165g",
      "barcode": ["5000221505709"],
      "isAvailable": true
    },
    {
      "id": "c1777410p-5000221001386",
      "store": "coles",
      "name": "Cherry & Almond Bakewells Tarts 6 pack",
      "brand": "Mr Kipling",
      "price": 2,
      "orgPrice": 4,
      "categoryIds": ["bakery"],
      "imagePath": "https://shop.coles.com.au/wcsstore/Coles-CAS/images/1/7/7/1777410.jpg",
      "cupPrice": "$8.00 per 1kg",
      "unit": "ea",
      "packageSize": "250g",
      "barcode": ["5000221001386", "5000221209942"],
      "isAvailable": true
    },
    {
      "id": "c3726294p-9339423008715",
      "store": "coles",
      "name": "Coconut Cranberry",
      "brand": "Tip Top Cafe",
      "price": 3,
      "orgPrice": 6,
      "categoryIds": ["bakery"],
      "imagePath": "https://shop.coles.com.au/wcsstore/Coles-CAS/images/3/7/2/3726294.jpg",
      "cupPrice": "$0.60 per 100g",
      "unit": "ea",
      "packageSize": "500g",
      "barcode": ["9339423008715"],
      "isAvailable": true
    },
    {
      "id": "c3740637p-5060362390152",
      "store": "coles",
      "name": "Waffles Choco Hazelnut 4 Pack",
      "brand": "Waffulls",
      "price": 2.5,
      "orgPrice": 5,
      "categoryIds": ["bakery"],
      "imagePath": "https://shop.coles.com.au/wcsstore/Coles-CAS/images/3/7/4/3740637.jpg",
      "cupPrice": "$1.25 per 100g",
      "unit": "ea",
      "packageSize": "200g",
      "barcode": ["5060362390152", "400003592272"],
      "isAvailable": true
    },
    {
      "id": "c3475547p-5000221603191",
      "store": "coles",
      "name": "Milk Chocolate Cake Bars 10 Pack",
      "brand": "Cadbury",
      "price": 2.5,
      "orgPrice": 5.5,
      "categoryIds": ["bakery"],
      "imagePath": "https://shop.coles.com.au/wcsstore/Coles-CAS/images/3/4/7/3475547.jpg",
      "cupPrice": "$1.19 per 100g",
      "unit": "ea",
      "packageSize": "210g",
      "barcode": ["5000221603191"],
      "isAvailable": true
    },
    {
      "id": "c3740659p-5060362390176",
      "store": "coles",
      "name": "Waffles Salted Caramel 4 Pack",
      "brand": "Waffulls",
      "price": 2.5,
      "orgPrice": 5,
      "categoryIds": ["bakery"],
      "imagePath": "https://shop.coles.com.au/wcsstore/Coles-CAS/images/3/7/4/3740659.jpg",
      "cupPrice": "$1.25 per 100g",
      "unit": "ea",
      "packageSize": "200g",
      "barcode": ["5060362390176", "400003592296"],
      "isAvailable": true
    },
    {
      "id": "c1434684p-9310653102985",
      "store": "coles",
      "name": "Strawberry Yoghurt Pouch",
      "brand": "Chobani",
      "price": 1.12,
      "orgPrice": 2.25,
      "categoryIds": ["dairy-eggs-fridge"],
      "imagePath": "https://shop.coles.com.au/wcsstore/Coles-CAS/images/1/4/3/1434684.jpg",
      "cupPrice": "$0.80 per 100g",
      "unit": "ea",
      "packageSize": "140g",
      "barcode": ["9310653102985"],
      "isAvailable": true
    },
    {
      "id": "c1434720p-9310653102992",
      "store": "coles",
      "name": "Blueberry Yoghurt Pouch",
      "brand": "Chobani",
      "price": 1.12,
      "orgPrice": 2.25,
      "categoryIds": ["dairy-eggs-fridge"],
      "imagePath": "https://shop.coles.com.au/wcsstore/Coles-CAS/images/1/4/3/1434720.jpg",
      "cupPrice": "$0.80 per 100g",
      "unit": "ea",
      "packageSize": "140g",
      "barcode": ["9310653102992"],
      "isAvailable": true
    },
    {
      "id": "c1872885p-9310653103203",
      "store": "coles",
      "name": "Raspberry Yoghurt Pouch",
      "brand": "Chobani",
      "price": 1.12,
      "orgPrice": 2.25,
      "categoryIds": ["dairy-eggs-fridge"],
      "imagePath": "https://shop.coles.com.au/wcsstore/Coles-CAS/images/1/8/7/1872885.jpg",
      "cupPrice": "$0.80 per 100g",
      "unit": "ea",
      "packageSize": "140g",
      "barcode": ["9310653103203"],
      "isAvailable": true
    },
    {
      "id": "c2991948p-9344962001707",
      "store": "coles",
      "name": "YoPro Vanilla Yoghurt",
      "brand": "Danone",
      "price": 1.2,
      "orgPrice": 2.4,
      "categoryIds": ["dairy-eggs-fridge"],
      "imagePath": "https://shop.coles.com.au/wcsstore/Coles-CAS/images/2/9/9/2991948.jpg",
      "cupPrice": "$0.75 per 100g",
      "unit": "ea",
      "packageSize": "160g",
      "barcode": ["9344962001707"],
      "isAvailable": true
    },
    {
      "id": "c3088110p-9310653103418",
      "store": "coles",
      "name": "Vanilla Yoghurt Pouch",
      "brand": "Chobani",
      "price": 1.12,
      "orgPrice": 2.25,
      "categoryIds": ["dairy-eggs-fridge"],
      "imagePath": "https://shop.coles.com.au/wcsstore/Coles-CAS/images/3/0/8/3088110.jpg",
      "cupPrice": "$0.80 per 100g",
      "unit": "ea",
      "packageSize": "140g",
      "barcode": ["9310653103418"],
      "isAvailable": true
    },
    {
      "id": "c2991880p-9344962001646",
      "store": "coles",
      "name": "YoPro Strawberry Yoghurt",
      "brand": "Danone",
      "price": 1.2,
      "orgPrice": 2.4,
      "categoryIds": ["dairy-eggs-fridge"],
      "imagePath": "https://shop.coles.com.au/wcsstore/Coles-CAS/images/2/9/9/2991880.jpg",
      "cupPrice": "$0.75 per 100g",
      "unit": "ea",
      "packageSize": "160g",
      "barcode": ["9344962001646"],
      "isAvailable": true
    },
    {
      "id": "c3025041p-9344962001660",
      "store": "coles",
      "name": "YoPro Passionfruit Yoghurt",
      "brand": "Danone",
      "price": 1.2,
      "orgPrice": 2.4,
      "categoryIds": ["dairy-eggs-fridge"],
      "imagePath": "https://shop.coles.com.au/wcsstore/Coles-CAS/images/3/0/2/3025041.jpg",
      "cupPrice": "$0.75 per 100g",
      "unit": "ea",
      "packageSize": "160g",
      "barcode": ["9344962001660"],
      "isAvailable": true
    },
    {
      "id": "c3246856p-9344962001677",
      "store": "coles",
      "name": "Yopro Mango Yoghurt",
      "brand": "Danone",
      "price": 1.2,
      "orgPrice": 2.4,
      "categoryIds": ["dairy-eggs-fridge"],
      "imagePath": "https://shop.coles.com.au/wcsstore/Coles-CAS/images/3/2/4/3246856.jpg",
      "cupPrice": "$0.75 per 100g",
      "unit": "ea",
      "packageSize": "160g",
      "barcode": ["9344962001677"],
      "isAvailable": true
    },
    {
      "id": "c3246889p-9344962001776",
      "store": "coles",
      "name": "Yopro Banana Yoghurt",
      "brand": "Danone",
      "price": 1.2,
      "orgPrice": 2.4,
      "categoryIds": ["dairy-eggs-fridge"],
      "imagePath": "https://shop.coles.com.au/wcsstore/Coles-CAS/images/3/2/4/3246889.jpg",
      "cupPrice": "$0.75 per 100g",
      "unit": "ea",
      "packageSize": "160g",
      "barcode": ["9344962001776"],
      "isAvailable": true
    },
    {
      "id": "c3539774p-9310653104255",
      "store": "coles",
      "name": "Tropical Yoghurt Pouch",
      "brand": "Chobani",
      "price": 1.12,
      "orgPrice": 2.25,
      "categoryIds": ["dairy-eggs-fridge"],
      "imagePath": "https://shop.coles.com.au/wcsstore/Coles-CAS/images/3/5/3/3539774.jpg",
      "cupPrice": "$0.80 per 100g",
      "unit": "ea",
      "packageSize": "140g",
      "barcode": ["9310653104255"],
      "isAvailable": true
    },
    {
      "id": "c3766583p-9300650450196",
      "store": "coles",
      "name": "Caramilk Cream Cheese",
      "brand": "Philadelphia",
      "price": 2.35,
      "orgPrice": 4.7,
      "categoryIds": ["dairy-eggs-fridge"],
      "imagePath": "https://shop.coles.com.au/wcsstore/Coles-CAS/images/3/7/6/3766583.jpg",
      "cupPrice": "$9.40 per 1kg",
      "unit": "ea",
      "packageSize": "250g",
      "barcode": ["9300650450196"],
      "isAvailable": true
    },
    {
      "id": "c3246572p-9310653104170",
      "store": "coles",
      "name": "Limited Edition Watermelon Flavour Greek Yoghurt Pouch",
      "brand": "Chobani",
      "price": 1.12,
      "orgPrice": 2.25,
      "categoryIds": ["dairy-eggs-fridge"],
      "imagePath": "https://shop.coles.com.au/wcsstore/Coles-CAS/images/3/2/4/3246572.jpg",
      "cupPrice": "$0.80 per 100g",
      "unit": "ea",
      "packageSize": "140g",
      "barcode": ["9310653104170", "9310653104187"],
      "isAvailable": true
    },
    {
      "id": "c8495891p-9310055537408",
      "store": "coles",
      "name": "Special K Original Breakfast Cereal with Grain Based Protein",
      "brand": "Kellogg's",
      "price": 3.82,
      "orgPrice": 7.65,
      "categoryIds": ["pantry"],
      "imagePath": "https://shop.coles.com.au/wcsstore/Coles-CAS/images/8/4/9/8495891.jpg",
      "cupPrice": "$0.71 per 100g",
      "unit": "ea",
      "packageSize": "535g",
      "barcode": ["9310055537408"],
      "isAvailable": true
    },
    {
      "id": "c8495790p-9310055537323",
      "store": "coles",
      "name": "Nutri-Grain Protein Breakfast Cereal",
      "brand": "Kellogg's",
      "price": 3.37,
      "orgPrice": 6.75,
      "categoryIds": ["pantry"],
      "imagePath": "https://shop.coles.com.au/wcsstore/Coles-CAS/images/8/4/9/8495790.jpg",
      "cupPrice": "$0.67 per 100g",
      "unit": "ea",
      "packageSize": "500g",
      "barcode": ["9310055537323"],
      "isAvailable": true
    },
    {
      "id": "c304752p-070177025700",
      "store": "coles",
      "name": "English Breakfast Tea Bags 100 pack",
      "brand": "Twinings",
      "price": 5.5,
      "orgPrice": 11,
      "categoryIds": ["pantry", "drinks"],
      "imagePath": "https://shop.coles.com.au/wcsstore/Coles-CAS/images/3/0/4/304752.jpg",
      "cupPrice": "$2.75 per 100g",
      "unit": "ea",
      "packageSize": "200g",
      "barcode": ["070177025700"],
      "isAvailable": true
    },
    {
      "id": "c5604560p-9300605033726",
      "store": "coles",
      "name": "Creamy Honey Oats Quick Sachets 12 pack",
      "brand": "Uncle Tobys",
      "price": 3,
      "orgPrice": 6,
      "categoryIds": ["pantry"],
      "imagePath": "https://shop.coles.com.au/wcsstore/Coles-CAS/images/5/6/0/5604560.jpg",
      "cupPrice": "$0.71 per 100g",
      "unit": "ea",
      "packageSize": "420g",
      "barcode": ["9300605033726"],
      "isAvailable": true
    },
    {
      "id": "c6899164p-9300605048522",
      "store": "coles",
      "name": "Rainbow Berry Berry Roll Ups",
      "brand": "Uncle Tobys",
      "price": 2,
      "orgPrice": 4,
      "categoryIds": ["pantry"],
      "imagePath": "https://shop.coles.com.au/wcsstore/Coles-CAS/images/6/8/9/6899164.jpg",
      "cupPrice": "$2.13 per 100g",
      "unit": "ea",
      "packageSize": "94g",
      "barcode": ["9300605048522"],
      "isAvailable": true
    },
    {
      "id": "c8494298p-9310055537194",
      "store": "coles",
      "name": "Coco Pops Chocolatey Breakfast Cereal",
      "brand": "Kellogg's",
      "price": 3.75,
      "orgPrice": 7.5,
      "categoryIds": ["pantry"],
      "imagePath": "https://shop.coles.com.au/wcsstore/Coles-CAS/images/8/4/9/8494298.jpg",
      "cupPrice": "$0.58 per 100g",
      "unit": "ea",
      "packageSize": "650g",
      "barcode": ["9310055537194"],
      "isAvailable": true
    },
    {
      "id": "c5833943p-400003457830",
      "store": "coles",
      "name": "Extra Virgin Olive Oil",
      "brand": "La Espanola",
      "price": 4.5,
      "orgPrice": 9,
      "categoryIds": ["pantry"],
      "imagePath": "https://shop.coles.com.au/wcsstore/Coles-CAS/images/5/8/3/5833943.jpg",
      "cupPrice": "$0.90 per 100ml",
      "unit": "ea",
      "packageSize": "500ml",
      "barcode": ["400003457830", "8410660510115"],
      "isAvailable": true
    },
    {
      "id": "c1734236p-9300605094833",
      "store": "coles",
      "name": "Berry Variety Oats Quick Sachets 12 pack",
      "brand": "Uncle Tobys",
      "price": 3,
      "orgPrice": 6,
      "categoryIds": ["pantry"],
      "imagePath": "https://shop.coles.com.au/wcsstore/Coles-CAS/images/1/7/3/1734236.jpg",
      "cupPrice": "$0.71 per 100g",
      "unit": "ea",
      "packageSize": "420g",
      "barcode": ["9300605094833"],
      "isAvailable": true
    },
    {
      "id": "c1786160p-9310015240621",
      "store": "coles",
      "name": "Honey Soy Chicken Potato Chips",
      "brand": "Red Rock Deli",
      "price": 2.32,
      "orgPrice": 4.65,
      "categoryIds": ["pantry"],
      "imagePath": "https://shop.coles.com.au/wcsstore/Coles-CAS/images/1/7/8/1786160.jpg",
      "cupPrice": "$1.41 per 100g",
      "unit": "ea",
      "packageSize": "165g",
      "barcode": ["9310015240621"],
      "isAvailable": true
    },
    {
      "id": "c1786150p-9310015240614",
      "store": "coles",
      "name": "Sea Salt Potato Chips",
      "brand": "Red Rock Deli",
      "price": 2.32,
      "orgPrice": 4.65,
      "categoryIds": ["pantry"],
      "imagePath": "https://shop.coles.com.au/wcsstore/Coles-CAS/images/1/7/8/1786150.jpg",
      "cupPrice": "$1.41 per 100g",
      "unit": "ea",
      "packageSize": "165g",
      "barcode": ["9310015240614"],
      "isAvailable": true
    },
    {
      "id": "c1786182p-9310015240645",
      "store": "coles",
      "name": "Sweet Chilli & Sour Cream Potato Chips",
      "brand": "Red Rock Deli",
      "price": 2.32,
      "orgPrice": 4.65,
      "categoryIds": ["pantry"],
      "imagePath": "https://shop.coles.com.au/wcsstore/Coles-CAS/images/1/7/8/1786182.jpg",
      "cupPrice": "$1.41 per 100g",
      "unit": "ea",
      "packageSize": "165g",
      "barcode": ["9310015240645"],
      "isAvailable": true
    },
    {
      "id": "c2236788p-070177106348",
      "store": "coles",
      "name": "English Breakfast Extra Strong Tea Bags 80 pack",
      "brand": "Twinings",
      "price": 5.5,
      "orgPrice": 11,
      "categoryIds": ["pantry", "drinks"],
      "imagePath": "https://shop.coles.com.au/wcsstore/Coles-CAS/images/2/2/3/2236788.jpg",
      "cupPrice": "$2.75 per 100g",
      "unit": "ea",
      "packageSize": "200g",
      "barcode": ["070177106348"],
      "isAvailable": true
    },
    {
      "id": "c3451367p-9312211108972",
      "store": "coles",
      "name": "Gluten Free Chocolate Bites",
      "brand": "Violet Crumble",
      "price": 2.2,
      "orgPrice": 4.4,
      "categoryIds": ["pantry"],
      "imagePath": "https://shop.coles.com.au/wcsstore/Coles-CAS/images/3/4/5/3451367.jpg",
      "cupPrice": "$1.22 per 100g",
      "unit": "ea",
      "packageSize": "180g",
      "barcode": ["9312211108972"],
      "isAvailable": true
    },
    {
      "id": "c3568331p-9310015247811",
      "store": "coles",
      "name": "Cheese Supreme Corn Chips",
      "brand": "Doritos",
      "price": 3.5,
      "orgPrice": 7,
      "categoryIds": ["pantry"],
      "imagePath": "https://shop.coles.com.au/wcsstore/Coles-CAS/images/3/5/6/3568331.jpg",
      "cupPrice": "$0.92 per 100g",
      "unit": "ea",
      "packageSize": "380g",
      "barcode": ["9310015247811"],
      "isAvailable": true
    },
    {
      "id": "c3571992p-9300617075295",
      "store": "coles",
      "name": "Favourites",
      "brand": "Cadbury",
      "price": 7,
      "orgPrice": 14,
      "categoryIds": ["pantry"],
      "imagePath": "https://shop.coles.com.au/wcsstore/Coles-CAS/images/3/5/7/3571992.jpg",
      "cupPrice": "$1.88 per 100g",
      "unit": "ea",
      "packageSize": "373g",
      "barcode": ["9300617075295"],
      "isAvailable": true
    },
    {
      "id": "c6899175p-9300605048430",
      "store": "coles",
      "name": "Roll Ups Rainbow Fruit Salad 6 Pack",
      "brand": "Uncle Tobys",
      "price": 2,
      "orgPrice": 4,
      "categoryIds": ["pantry"],
      "imagePath": "https://shop.coles.com.au/wcsstore/Coles-CAS/images/6/8/9/6899175.jpg",
      "cupPrice": "$2.13 per 100g",
      "unit": "ea",
      "packageSize": "94g",
      "barcode": ["9300605048430"],
      "isAvailable": true
    },
    {
      "id": "c6899153p-9300605048454",
      "store": "coles",
      "name": "Strawberry Flavour Roll Ups 6 pack",
      "brand": "Uncle Toby's",
      "price": 2,
      "orgPrice": 4,
      "categoryIds": ["pantry"],
      "imagePath": "https://shop.coles.com.au/wcsstore/Coles-CAS/images/6/8/9/6899153.jpg",
      "cupPrice": "$2.13 per 1g",
      "unit": "ea",
      "packageSize": "94g",
      "barcode": ["9300605048454"],
      "isAvailable": true
    },
    {
      "id": "c8495905p-9310055537453",
      "store": "coles",
      "name": "Sultana Bran Cereal",
      "brand": "Kellogg's",
      "price": 3.75,
      "orgPrice": 7.5,
      "categoryIds": ["pantry"],
      "imagePath": "https://shop.coles.com.au/wcsstore/Coles-CAS/images/8/4/9/8495905.jpg",
      "cupPrice": "$0.51 per 100g",
      "unit": "ea",
      "packageSize": "730g",
      "barcode": ["9310055537453"],
      "isAvailable": true
    },
    {
      "id": "c8221386p-9400563740565",
      "store": "coles",
      "name": "Chocolate Almond Nut Bars 6 pack",
      "brand": "Nice & Natural",
      "price": 2,
      "orgPrice": 4,
      "categoryIds": ["pantry"],
      "imagePath": "https://shop.coles.com.au/wcsstore/Coles-CAS/images/8/2/2/8221386.jpg",
      "cupPrice": "$1.11 per 100g",
      "unit": "ea",
      "packageSize": "180g",
      "barcode": ["9400563740565", "9400563448676"],
      "isAvailable": true
    },
    {
      "id": "c7488100p-070177233556",
      "store": "coles",
      "name": "Pure Peppermint Tea Bags 80 pack",
      "brand": "Twinings",
      "price": 5.5,
      "orgPrice": 11,
      "categoryIds": ["pantry", "drinks"],
      "imagePath": "https://shop.coles.com.au/wcsstore/Coles-CAS/images/7/4/8/7488100.jpg",
      "cupPrice": "$3.44 per 100g",
      "unit": "ea",
      "packageSize": "160g",
      "barcode": ["070177233556", "070177169923"],
      "isAvailable": true
    },
    {
      "id": "c7210045p-9311503220040",
      "store": "coles",
      "name": "Calico Basmati Rice",
      "brand": "Maharajah's Choice",
      "price": 9.5,
      "orgPrice": 19,
      "categoryIds": ["pantry"],
      "imagePath": "https://shop.coles.com.au/wcsstore/Coles-CAS/images/7/2/1/7210045.jpg",
      "cupPrice": "$0.19 per 100g",
      "unit": "ea",
      "packageSize": "5kg",
      "barcode": ["9311503220040", "10843"],
      "isAvailable": true
    },
    {
      "id": "c4975192p-9310060406942",
      "store": "coles",
      "name": "Chewy Bars Choc Chip",
      "brand": "Uncle Tobys",
      "price": 2.15,
      "orgPrice": 4.3,
      "categoryIds": ["pantry"],
      "imagePath": "https://shop.coles.com.au/wcsstore/Coles-CAS/images/4/9/7/4975192.jpg",
      "cupPrice": "$1.16 per 100g",
      "unit": "ea",
      "packageSize": "185g",
      "barcode": ["9310060406942"],
      "isAvailable": true
    },
    {
      "id": "c304763p-070177025694",
      "store": "coles",
      "name": "Earl Grey Tea Bags 100 pack",
      "brand": "Twinings",
      "price": 5.5,
      "orgPrice": 11,
      "categoryIds": ["pantry", "drinks"],
      "imagePath": "https://shop.coles.com.au/wcsstore/Coles-CAS/images/3/0/4/304763.jpg",
      "cupPrice": "$2.75 per 100g",
      "unit": "ea",
      "packageSize": "200g",
      "barcode": ["070177025694"],
      "isAvailable": true
    },
    {
      "id": "c138201p-9300682001298",
      "store": "coles",
      "name": "Chocolate Bar",
      "brand": "Mars",
      "price": 1,
      "orgPrice": 2,
      "categoryIds": ["pantry"],
      "imagePath": "https://shop.coles.com.au/wcsstore/Coles-CAS/images/1/3/8/138201.jpg",
      "cupPrice": "$1.89 per 100g",
      "unit": "ea",
      "packageSize": "53g",
      "barcode": [
        "9300682001298",
        "9300682016063",
        "93682084",
        "93682015",
        "93682459",
        "9300682010757",
        "9300682042321"
      ],
      "isAvailable": true
    },
    {
      "id": "c136512p-93600057",
      "store": "coles",
      "name": "KitKat Milk Chocolate Bar",
      "brand": "Nestle",
      "price": 1,
      "orgPrice": 2,
      "categoryIds": ["pantry"],
      "imagePath": "https://shop.coles.com.au/wcsstore/Coles-CAS/images/1/3/6/136512.jpg",
      "cupPrice": "$2.22 per 100g",
      "unit": "ea",
      "packageSize": "45g",
      "barcode": ["93600057", "5000189342910"],
      "isAvailable": true
    },
    {
      "id": "c1786171p-9310015240638",
      "store": "coles",
      "name": "Sea Salt & Balsamic Vinegar Potato Chips",
      "brand": "Red Rock Deli",
      "price": 2.32,
      "orgPrice": 4.65,
      "categoryIds": ["pantry"],
      "imagePath": "https://shop.coles.com.au/wcsstore/Coles-CAS/images/1/7/8/1786171.jpg",
      "cupPrice": "$1.41 per 100g",
      "unit": "ea",
      "packageSize": "165g",
      "barcode": ["9310015240638"],
      "isAvailable": true
    },
    {
      "id": "c6816666p-070177261863",
      "store": "coles",
      "name": "Pure Green Tea Bags 100 pack",
      "brand": "Twinings",
      "price": 5.5,
      "orgPrice": 11,
      "categoryIds": ["pantry", "drinks"],
      "imagePath": "https://shop.coles.com.au/wcsstore/Coles-CAS/images/6/8/1/6816666.jpg",
      "cupPrice": "$3.67 per 100g",
      "unit": "ea",
      "packageSize": "150g",
      "barcode": ["070177261863"],
      "isAvailable": true
    },
    {
      "id": "c255646p-9300667014756",
      "store": "coles",
      "name": "Cup A Soup Creamy Chicken with Lots of Noodles 2 pack",
      "brand": "Continental",
      "price": 1,
      "orgPrice": 2,
      "categoryIds": ["pantry"],
      "imagePath": "https://shop.coles.com.au/wcsstore/Coles-CAS/images/2/5/5/255646.jpg",
      "cupPrice": "$1.67 per 100g",
      "unit": "ea",
      "packageSize": "60g",
      "barcode": ["9300667014756"],
      "isAvailable": true
    },
    {
      "id": "c9827090p-9400563738944",
      "store": "coles",
      "name": "Real Milk Chocolate Roasted Nut Bars 6 pack",
      "brand": "Nice & Natural",
      "price": 2,
      "orgPrice": 4,
      "categoryIds": ["pantry"],
      "imagePath": "https://shop.coles.com.au/wcsstore/Coles-CAS/images/9/8/2/9827090.jpg",
      "cupPrice": "$1.04 per 100g",
      "unit": "ea",
      "packageSize": "192g",
      "barcode": ["9400563738944", "9400563448614", "9400563500572"],
      "isAvailable": true
    },
    {
      "id": "c2664431p-9350515001001",
      "store": "coles",
      "name": "Lightly Salted English Crisps",
      "brand": "Tyrrells",
      "price": 2.25,
      "orgPrice": 4.5,
      "categoryIds": ["pantry"],
      "imagePath": "https://shop.coles.com.au/wcsstore/Coles-CAS/images/2/6/6/2664431.jpg",
      "cupPrice": "$1.36 per 100g",
      "unit": "ea",
      "packageSize": "165g",
      "barcode": ["9350515001001", "400003397129"],
      "isAvailable": true
    },
    {
      "id": "c2715940p-8003340093567",
      "store": "coles",
      "name": "Lindor Assorted Surtido Cornet",
      "brand": "Lindt",
      "price": 10,
      "orgPrice": 20,
      "categoryIds": ["pantry"],
      "imagePath": "https://shop.coles.com.au/wcsstore/Coles-CAS/images/2/7/1/2715940.jpg",
      "cupPrice": "$2.67 per 100g",
      "unit": "ea",
      "packageSize": "375g",
      "barcode": ["8003340093567"],
      "isAvailable": true
    },
    {
      "id": "c3022010p-9300695007096",
      "store": "coles",
      "name": "Salted Caramel Protein Bar",
      "brand": "Nature Valley",
      "price": 2.65,
      "orgPrice": 5.3,
      "categoryIds": ["pantry"],
      "imagePath": "https://shop.coles.com.au/wcsstore/Coles-CAS/images/3/0/2/3022010.jpg",
      "cupPrice": "$1.66 per 100g",
      "unit": "ea",
      "packageSize": "160g",
      "barcode": ["9300695007096"],
      "isAvailable": true
    },
    {
      "id": "c3572157p-9310015247798",
      "store": "coles",
      "name": "Original Potato Crinkle Chips",
      "brand": "Smith's",
      "price": 3.5,
      "orgPrice": 7,
      "categoryIds": ["pantry"],
      "imagePath": "https://shop.coles.com.au/wcsstore/Coles-CAS/images/3/5/7/3572157.jpg",
      "cupPrice": "$0.92 per 100g",
      "unit": "ea",
      "packageSize": "380g",
      "barcode": ["9310015247798"],
      "isAvailable": true
    },
    {
      "id": "c8047813p-9300605062696",
      "store": "coles",
      "name": "Quick Oats Sachets Classic Variety 12 Pack",
      "brand": "Uncle Tobys",
      "price": 3,
      "orgPrice": 6,
      "categoryIds": ["pantry"],
      "imagePath": "https://shop.coles.com.au/wcsstore/Coles-CAS/images/8/0/4/8047813.jpg",
      "cupPrice": "$0.71 per 100g",
      "unit": "ea",
      "packageSize": "420g",
      "barcode": ["9300605062696"],
      "isAvailable": true
    },
    {
      "id": "c6851055p-400003099320",
      "store": "coles",
      "name": "Qualita Oro Medium Roast Smooth Ground Coffee",
      "brand": "Lavazza",
      "price": 8,
      "orgPrice": 16,
      "categoryIds": ["pantry", "drinks"],
      "imagePath": "https://shop.coles.com.au/wcsstore/Coles-CAS/images/6/8/5/6851055.jpg",
      "cupPrice": "$1.60 per 100g",
      "unit": "ea",
      "packageSize": "500g",
      "barcode": ["400003099320", "8000070012325", "8000070019683"],
      "isAvailable": true
    },
    {
      "id": "c6851099p-8000070019362",
      "store": "coles",
      "name": "Qualita Oro Medium Roast Smooth Coffee Beans",
      "brand": "Lavazza",
      "price": 8,
      "orgPrice": 16,
      "categoryIds": ["pantry", "drinks"],
      "imagePath": "https://shop.coles.com.au/wcsstore/Coles-CAS/images/6/8/5/6851099.jpg",
      "cupPrice": "$1.60 per 100g",
      "unit": "ea",
      "packageSize": "500g",
      "barcode": ["8000070019362", "400003099313", "8000070019690"],
      "isAvailable": true
    },
    {
      "id": "c5436900p-7612100156506",
      "store": "coles",
      "name": "French Vanilla Latte",
      "brand": "Jarrah",
      "price": 3,
      "orgPrice": 6,
      "categoryIds": ["pantry", "drinks"],
      "imagePath": "https://shop.coles.com.au/wcsstore/Coles-CAS/images/5/4/3/5436900.jpg",
      "cupPrice": "$1.20 per 100g",
      "unit": "ea",
      "packageSize": "250g",
      "barcode": ["7612100156506"],
      "isAvailable": true
    },
    {
      "id": "c4974983p-9310060406973",
      "store": "coles",
      "name": "Yoghurt Muesli Bars Strawberry 6 Pack",
      "brand": "Uncle Tobys",
      "price": 2.15,
      "orgPrice": 4.3,
      "categoryIds": ["pantry"],
      "imagePath": "https://shop.coles.com.au/wcsstore/Coles-CAS/images/4/9/7/4974983.jpg",
      "cupPrice": "$1.16 per 100g",
      "unit": "ea",
      "packageSize": "185g",
      "barcode": ["9310060406973"],
      "isAvailable": true
    },
    {
      "id": "c245868p-9300682016087",
      "store": "coles",
      "name": "Chocolate Bar",
      "brand": "Snickers",
      "price": 1,
      "orgPrice": 2,
      "categoryIds": ["pantry"],
      "imagePath": "https://shop.coles.com.au/wcsstore/Coles-CAS/images/2/4/5/245868.jpg",
      "cupPrice": "$2.00 per 100g",
      "unit": "ea",
      "packageSize": "50g",
      "barcode": [
        "9300682016087",
        "9300682042338",
        "93682480",
        "9300682001823",
        "9300682052825",
        "93682091",
        "9300682043663",
        "9300682010832"
      ],
      "isAvailable": true
    },
    {
      "id": "c356472p-9300667014732",
      "store": "coles",
      "name": "Cup A Soup Chicken with Lots of Noodles 2 pack",
      "brand": "Continental",
      "price": 1,
      "orgPrice": 2,
      "categoryIds": ["pantry"],
      "imagePath": "https://shop.coles.com.au/wcsstore/Coles-CAS/images/3/5/6/356472.jpg",
      "cupPrice": "$1.67 per 100g",
      "unit": "ea",
      "packageSize": "60g",
      "barcode": ["9300667014732"],
      "isAvailable": true
    },
    {
      "id": "c1786193p-9310015240652",
      "store": "coles",
      "name": "Lime & Pepper Potato Chips",
      "brand": "Red Rock Deli",
      "price": 2.32,
      "orgPrice": 4.65,
      "categoryIds": ["pantry"],
      "imagePath": "https://shop.coles.com.au/wcsstore/Coles-CAS/images/1/7/8/1786193.jpg",
      "cupPrice": "$1.41 per 100g",
      "unit": "ea",
      "packageSize": "165g",
      "barcode": ["9310015240652"],
      "isAvailable": true
    },
    {
      "id": "c2827139p-9300695007072",
      "store": "coles",
      "name": "Peanut & Chocolate Protein Bar",
      "brand": "Nature Valley",
      "price": 2.65,
      "orgPrice": 5.3,
      "categoryIds": ["pantry"],
      "imagePath": "https://shop.coles.com.au/wcsstore/Coles-CAS/images/2/8/2/2827139.jpg",
      "cupPrice": "$1.66 per 100g",
      "unit": "ea",
      "packageSize": "160g",
      "barcode": ["9300695007072"],
      "isAvailable": true
    },
    {
      "id": "c2827161p-9300695007324",
      "store": "coles",
      "name": "Chocolate Fudge Brownies 5 pack",
      "brand": "Fibre One",
      "price": 2.75,
      "orgPrice": 5.5,
      "categoryIds": ["pantry"],
      "imagePath": "https://shop.coles.com.au/wcsstore/Coles-CAS/images/2/8/2/2827161.jpg",
      "cupPrice": "$2.29 per 100g",
      "unit": "ea",
      "packageSize": "120g",
      "barcode": ["9300695007324"],
      "isAvailable": true
    },
    {
      "id": "c3314377p-9323966118512",
      "store": "coles",
      "name": "Lindor Limited Edition Chocolate Balls Assorted",
      "brand": "Lindt",
      "price": 10,
      "orgPrice": 20,
      "categoryIds": ["pantry"],
      "imagePath": "https://shop.coles.com.au/wcsstore/Coles-CAS/images/3/3/1/3314377.jpg",
      "cupPrice": "$2.67 per 100g",
      "unit": "ea",
      "packageSize": "375g",
      "barcode": ["9323966118512", "8003340094298", "8003340099798"],
      "isAvailable": true
    },
    {
      "id": "c1018260p-9400563738999",
      "store": "coles",
      "name": "Trail Mix Roasted Nut Bars 6 pack",
      "brand": "Nice & Natural",
      "price": 2,
      "orgPrice": 4,
      "categoryIds": ["pantry"],
      "imagePath": "https://shop.coles.com.au/wcsstore/Coles-CAS/images/1/0/1/1018260.jpg",
      "cupPrice": "$1.04 per 100g",
      "unit": "ea",
      "packageSize": "192g",
      "barcode": ["9400563738999", "9400563448652"],
      "isAvailable": true
    },
    {
      "id": "c8887042p-9300667022850",
      "store": "coles",
      "name": "Cup A Soup Asian Laksa 2 pack",
      "brand": "Continental",
      "price": 1,
      "orgPrice": 2,
      "categoryIds": ["pantry"],
      "imagePath": "https://shop.coles.com.au/wcsstore/Coles-CAS/images/8/8/8/8887042.jpg",
      "cupPrice": "$1.54 per 100g",
      "unit": "ea",
      "packageSize": "65g",
      "barcode": ["9300667022850"],
      "isAvailable": true
    },
    {
      "id": "c67850p-400003526963",
      "store": "coles",
      "name": "Honey Nougat Log",
      "brand": "Europe",
      "price": 1,
      "orgPrice": 2,
      "categoryIds": ["pantry"],
      "imagePath": "https://shop.coles.com.au/wcsstore/Coles-CAS/images/6/7/8/67850.jpg",
      "cupPrice": "$2.50 per 100g",
      "unit": "ea",
      "packageSize": "40g",
      "barcode": [
        "400003526963",
        "9300685327791",
        "9300685401422",
        "9300685401507",
        "9300617000563",
        "9300617408963"
      ],
      "isAvailable": true
    },
    {
      "id": "c5833477p-400003457847",
      "store": "coles",
      "name": "Olive Oil Light",
      "brand": "La Espanola",
      "price": 4.5,
      "orgPrice": 9,
      "categoryIds": ["pantry"],
      "imagePath": "https://shop.coles.com.au/wcsstore/Coles-CAS/images/5/8/3/5833477.jpg",
      "cupPrice": "$0.90 per 100ml",
      "unit": "ea",
      "packageSize": "500ml",
      "barcode": ["400003457847", "8410660510139"],
      "isAvailable": true
    },
    {
      "id": "c4975217p-9310060406959",
      "store": "coles",
      "name": "Chewy Muesli Bars White Choc Chip 6 Pack",
      "brand": "Uncle Tobys",
      "price": 2.15,
      "orgPrice": 4.3,
      "categoryIds": ["pantry"],
      "imagePath": "https://shop.coles.com.au/wcsstore/Coles-CAS/images/4/9/7/4975217.jpg",
      "cupPrice": "$1.16 per 100g",
      "unit": "ea",
      "packageSize": "185g",
      "barcode": ["9310060406959"],
      "isAvailable": true
    },
    {
      "id": "c142424p-93600101",
      "store": "coles",
      "name": "Peppermint Crisp Chocolate Bar",
      "brand": "Nestle",
      "price": 1,
      "orgPrice": 2,
      "categoryIds": ["pantry"],
      "imagePath": "https://shop.coles.com.au/wcsstore/Coles-CAS/images/1/4/2/142424.jpg",
      "cupPrice": "$2.86 per 100g",
      "unit": "ea",
      "packageSize": "35g",
      "barcode": ["93600101"],
      "isAvailable": true
    },
    {
      "id": "c142413p-9300600005322",
      "store": "coles",
      "name": "Smarties",
      "brand": "Nestle",
      "price": 1,
      "orgPrice": 2,
      "categoryIds": ["pantry"],
      "imagePath": "https://shop.coles.com.au/wcsstore/Coles-CAS/images/1/4/2/142413.jpg",
      "cupPrice": "$2.00 per 100g",
      "unit": "ea",
      "packageSize": "50g",
      "barcode": ["9300600005322"],
      "isAvailable": true
    },
    {
      "id": "c9151344p-9300667025035",
      "store": "coles",
      "name": "Cup A Soup Creamy Chicken with Croutons 2 pack",
      "brand": "Continental",
      "price": 1,
      "orgPrice": 2,
      "categoryIds": ["pantry"],
      "imagePath": "https://shop.coles.com.au/wcsstore/Coles-CAS/images/9/1/5/9151344.jpg",
      "cupPrice": "$1.67 per 100g",
      "unit": "ea",
      "packageSize": "60g",
      "barcode": ["9300667025035"],
      "isAvailable": true
    },
    {
      "id": "c8930039p-070177187699",
      "store": "coles",
      "name": "Afternoon Tea Bags 100 pack",
      "brand": "Twinings",
      "price": 5.5,
      "orgPrice": 11,
      "categoryIds": ["pantry", "drinks"],
      "imagePath": "https://shop.coles.com.au/wcsstore/Coles-CAS/images/8/9/3/8930039.jpg",
      "cupPrice": "$2.75 per 100g",
      "unit": "ea",
      "packageSize": "200g",
      "barcode": ["070177187699"],
      "isAvailable": true
    },
    {
      "id": "c9151559p-9300667025059",
      "store": "coles",
      "name": "Cup A Soup Creamy Chicken & Corn with Croutons 2 pack",
      "brand": "Continental",
      "price": 1,
      "orgPrice": 2,
      "categoryIds": ["pantry"],
      "imagePath": "https://shop.coles.com.au/wcsstore/Coles-CAS/images/9/1/5/9151559.jpg",
      "cupPrice": "$1.67 per 100g",
      "unit": "ea",
      "packageSize": "60g",
      "barcode": ["9300667025059"],
      "isAvailable": true
    },
    {
      "id": "c2026118p-9300605094697",
      "store": "coles",
      "name": "KitKat Chunky Milk Chocolate",
      "brand": "Nestle",
      "price": 1,
      "orgPrice": 2,
      "categoryIds": ["pantry"],
      "imagePath": "https://shop.coles.com.au/wcsstore/Coles-CAS/images/2/0/2/2026118.jpg",
      "cupPrice": "$2.00 per 100g",
      "unit": "ea",
      "packageSize": "50g",
      "barcode": ["9300605094697"],
      "isAvailable": true
    },
    {
      "id": "c2245563p-070177169909",
      "store": "coles",
      "name": "Lemon & Ginger Infusions Tea Bags 80 pack",
      "brand": "Twinings",
      "price": 5.5,
      "orgPrice": 11,
      "categoryIds": ["pantry", "drinks"],
      "imagePath": "https://shop.coles.com.au/wcsstore/Coles-CAS/images/2/2/4/2245563.jpg",
      "cupPrice": "$4.58 per 100g",
      "unit": "ea",
      "packageSize": "120g",
      "barcode": ["070177169909", "070177268091"],
      "isAvailable": true
    },
    {
      "id": "c2471325p-070177169916",
      "store": "coles",
      "name": "Pure Camomile Infusions Tea Bags 80 pack",
      "brand": "Twinings",
      "price": 5.5,
      "orgPrice": 11,
      "categoryIds": ["pantry", "drinks"],
      "imagePath": "https://shop.coles.com.au/wcsstore/Coles-CAS/images/2/4/7/2471325.jpg",
      "cupPrice": "$4.58 per 100g",
      "unit": "ea",
      "packageSize": "120g",
      "barcode": ["070177169916"],
      "isAvailable": true
    },
    {
      "id": "c2664442p-9350515001018",
      "store": "coles",
      "name": "Cheddar Cheese & Chives English Chips",
      "brand": "Tyrrells",
      "price": 2.25,
      "orgPrice": 4.5,
      "categoryIds": ["pantry"],
      "imagePath": "https://shop.coles.com.au/wcsstore/Coles-CAS/images/2/6/6/2664442.jpg",
      "cupPrice": "$1.36 per 100g",
      "unit": "ea",
      "packageSize": "165g",
      "barcode": ["9350515001018", "400003397112"],
      "isAvailable": true
    },
    {
      "id": "c2605873p-9400563448607",
      "store": "coles",
      "name": "Roasted Cashew Milk Chocolate Peanut Bars 6 Pack",
      "brand": "Nice & Natural",
      "price": 2,
      "orgPrice": 4,
      "categoryIds": ["pantry"],
      "imagePath": "https://shop.coles.com.au/wcsstore/Coles-CAS/images/2/6/0/2605873.jpg",
      "cupPrice": "$1.04 per 100g",
      "unit": "ea",
      "packageSize": "192g",
      "barcode": ["9400563448607"],
      "isAvailable": true
    },
    {
      "id": "c83584p-070177043117",
      "store": "coles",
      "name": "Irish Breakfast Tea Bags 100 pack",
      "brand": "Twinings",
      "price": 5.5,
      "orgPrice": 11,
      "categoryIds": ["pantry", "drinks"],
      "imagePath": "https://shop.coles.com.au/wcsstore/Coles-CAS/images/8/3/5/83584.jpg",
      "cupPrice": "$2.75 per 100g",
      "unit": "ea",
      "packageSize": "200g",
      "barcode": ["070177043117"],
      "isAvailable": true
    },
    {
      "id": "c67861p-9300685327807",
      "store": "coles",
      "name": "Summer Roll",
      "brand": "Europe",
      "price": 1,
      "orgPrice": 2,
      "categoryIds": ["pantry"],
      "imagePath": "https://shop.coles.com.au/wcsstore/Coles-CAS/images/6/7/8/67861.jpg",
      "cupPrice": "$2.50 per 100g",
      "unit": "ea",
      "packageSize": "40g",
      "barcode": [
        "9300685327807",
        "9300617408802",
        "9300685401460",
        "9300685401552",
        "400003526932"
      ],
      "isAvailable": true
    },
    {
      "id": "c5436896p-7612100156209",
      "store": "coles",
      "name": "Brazilian Latte Coffee",
      "brand": "Jarrah",
      "price": 3,
      "orgPrice": 6,
      "categoryIds": ["pantry", "drinks"],
      "imagePath": "https://shop.coles.com.au/wcsstore/Coles-CAS/images/5/4/3/5436896.jpg",
      "cupPrice": "$1.20 per 100g",
      "unit": "ea",
      "packageSize": "250g",
      "barcode": ["7612100156209"],
      "isAvailable": true
    },
    {
      "id": "c5823950p-9300605065024",
      "store": "coles",
      "name": "Aero Peppermint Chocolate Bar",
      "brand": "Nestle",
      "price": 1,
      "orgPrice": 2,
      "categoryIds": ["pantry"],
      "imagePath": "https://shop.coles.com.au/wcsstore/Coles-CAS/images/5/8/2/5823950.jpg",
      "cupPrice": "$2.50 per 100g",
      "unit": "ea",
      "packageSize": "40g",
      "barcode": [
        "9300605065024",
        "9300605051997",
        "5000189828933",
        "9300684373072",
        "5000189532113"
      ],
      "isAvailable": true
    },
    {
      "id": "c5342920p-9300667015029",
      "store": "coles",
      "name": "Cup A Soup Italian Minestrone 2 pack",
      "brand": "Continental",
      "price": 1,
      "orgPrice": 2,
      "categoryIds": ["pantry"],
      "imagePath": "https://shop.coles.com.au/wcsstore/Coles-CAS/images/5/3/4/5342920.jpg",
      "cupPrice": "$1.33 per 100g",
      "unit": "ea",
      "packageSize": "75g",
      "barcode": ["9300667015029"],
      "isAvailable": true
    },
    {
      "id": "c4167303p-9400563448669",
      "store": "coles",
      "name": "Yoghurt Roasted Nut Bars 6 pack",
      "brand": "Nice & Natural",
      "price": 2,
      "orgPrice": 4,
      "categoryIds": ["pantry"],
      "imagePath": "https://shop.coles.com.au/wcsstore/Coles-CAS/images/4/1/6/4167303.jpg",
      "cupPrice": "$1.04 per 100g",
      "unit": "ea",
      "packageSize": "192g",
      "barcode": ["9400563448669", "9400563500565", "9400563738951"],
      "isAvailable": true
    },
    {
      "id": "c299732p-9310060011016",
      "store": "coles",
      "name": "Traditional Rolled Oats",
      "brand": "Uncle Tobys",
      "price": 2.12,
      "orgPrice": 4.25,
      "categoryIds": ["pantry"],
      "imagePath": "https://shop.coles.com.au/wcsstore/Coles-CAS/images/2/9/9/299732.jpg",
      "cupPrice": "$0.42 per 100g",
      "unit": "ea",
      "packageSize": "500g",
      "barcode": ["9310060011016"],
      "isAvailable": true
    },
    {
      "id": "c1196156p-9300605087354",
      "store": "coles",
      "name": "Creamy Vanilla Oats Quick Sachets 12 pack",
      "brand": "Uncle Tobys",
      "price": 3,
      "orgPrice": 6,
      "categoryIds": ["pantry"],
      "imagePath": "https://shop.coles.com.au/wcsstore/Coles-CAS/images/1/1/9/1196156.jpg",
      "cupPrice": "$0.71 per 100g",
      "unit": "ea",
      "packageSize": "420g",
      "barcode": ["9300605087354"],
      "isAvailable": true
    },
    {
      "id": "c2664475p-400003397105",
      "store": "coles",
      "name": "Sea Salt & Vinegar Hand Cooked Crisps",
      "brand": "Tyrrells",
      "price": 2.25,
      "orgPrice": 4.5,
      "categoryIds": ["pantry"],
      "imagePath": "https://shop.coles.com.au/wcsstore/Coles-CAS/images/2/6/6/2664475.jpg",
      "cupPrice": "$1.36 per 100g",
      "unit": "ea",
      "packageSize": "165g",
      "barcode": ["400003397105", "9350515001056"],
      "isAvailable": true
    },
    {
      "id": "c3050821p-9300605117549",
      "store": "coles",
      "name": "Chokito Bar",
      "brand": "Nestle",
      "price": 1,
      "orgPrice": 2,
      "categoryIds": ["pantry"],
      "imagePath": "https://shop.coles.com.au/wcsstore/Coles-CAS/images/3/0/5/3050821.jpg",
      "cupPrice": "$1.82 per 100g",
      "unit": "ea",
      "packageSize": "55g",
      "barcode": ["9300605117549", "400003378203", "9300605054486"],
      "isAvailable": true
    },
    {
      "id": "c3193421p",
      "store": "coles",
      "name": "Ristretto 12 Espresso Coffee Capsules 10 pack",
      "brand": "Moccona",
      "price": 3,
      "orgPrice": 6,
      "categoryIds": ["pantry", "drinks"],
      "imagePath": "https://shop.coles.com.au/wcsstore/Coles-CAS/images/3/1/9/3193421.jpg",
      "cupPrice": "$5.77 per 100g",
      "unit": "ea",
      "packageSize": "52g",
      "barcode": null,
      "isAvailable": true
    },
    {
      "id": "c3568353p-9310015247804",
      "store": "coles",
      "name": "Salt & Vinegar Flavour Potato Chips",
      "brand": "Smith's",
      "price": 3.5,
      "orgPrice": 7,
      "categoryIds": ["pantry"],
      "imagePath": "https://shop.coles.com.au/wcsstore/Coles-CAS/images/3/5/6/3568353.jpg",
      "cupPrice": "$0.92 per 100g",
      "unit": "ea",
      "packageSize": "380g",
      "barcode": ["9310015247804"],
      "isAvailable": true
    },
    {
      "id": "c7767668p-9300605228764",
      "store": "coles",
      "name": "Milkybar White Chocolate Bar",
      "brand": "Nestle",
      "price": 1,
      "orgPrice": 2,
      "categoryIds": ["pantry"],
      "imagePath": "https://shop.coles.com.au/wcsstore/Coles-CAS/images/7/7/6/7767668.jpg",
      "cupPrice": "$2.00 per 100g",
      "unit": "ea",
      "packageSize": "50g",
      "barcode": ["9300605228764"],
      "isAvailable": true
    },
    {
      "id": "c67883p-9300685327760",
      "store": "coles",
      "name": "Sesame Bar",
      "brand": "Europe",
      "price": 1,
      "orgPrice": 2,
      "categoryIds": ["pantry"],
      "imagePath": "https://shop.coles.com.au/wcsstore/Coles-CAS/images/6/7/8/67883.jpg",
      "cupPrice": "$2.22 per 100g",
      "unit": "ea",
      "packageSize": "45g",
      "barcode": ["9300685327760", "9300685411452", "9300685401651"],
      "isAvailable": true
    },
    {
      "id": "c6029901p-9300682043090",
      "store": "coles",
      "name": "Chocolate Bar",
      "brand": "Twix",
      "price": 1,
      "orgPrice": 2,
      "categoryIds": ["pantry"],
      "imagePath": "https://shop.coles.com.au/wcsstore/Coles-CAS/images/6/0/2/6029901.jpg",
      "cupPrice": "$2.00 per 100g",
      "unit": "ea",
      "packageSize": "50g",
      "barcode": [
        "9300682043090",
        "9300682035507",
        "9300682016070",
        "9300682051385",
        "9300682007696"
      ],
      "isAvailable": true
    },
    {
      "id": "c5192521p-93600491",
      "store": "coles",
      "name": "Gluten Free Chocolate Bar",
      "brand": "Violet Crumble",
      "price": 1,
      "orgPrice": 2,
      "categoryIds": ["pantry"],
      "imagePath": "https://shop.coles.com.au/wcsstore/Coles-CAS/images/5/1/9/5192521.jpg",
      "cupPrice": "$2.00 per 100g",
      "unit": "ea",
      "packageSize": "50g",
      "barcode": ["93600491", "93555517"],
      "isAvailable": true
    },
    {
      "id": "c204168p-40111216",
      "store": "coles",
      "name": "Bounty Coconut Chocolate Bar",
      "brand": "Mars",
      "price": 1,
      "orgPrice": 2,
      "categoryIds": ["pantry"],
      "imagePath": "https://shop.coles.com.au/wcsstore/Coles-CAS/images/2/0/4/204168.jpg",
      "cupPrice": "$1.79 per 100g",
      "unit": "ea",
      "packageSize": "56g",
      "barcode": [
        "40111216",
        "93682510",
        "93682022",
        "5000159523073",
        "9300682052283"
      ],
      "isAvailable": true
    },
    {
      "id": "c290465p-9300667015012",
      "store": "coles",
      "name": "Cup A Soup Roast Chicken 2 pack",
      "brand": "Continental",
      "price": 1,
      "orgPrice": 2,
      "categoryIds": ["pantry"],
      "imagePath": "https://shop.coles.com.au/wcsstore/Coles-CAS/images/2/9/0/290465.jpg",
      "cupPrice": "$1.33 per 100g",
      "unit": "ea",
      "packageSize": "75g",
      "barcode": ["9300667015012"],
      "isAvailable": true
    },
    {
      "id": "c1250626p-9400563741784",
      "store": "coles",
      "name": "Cranberry & Blueberry Flavour Superfruits Muesli Bars 6 pack",
      "brand": "Nice & Natural",
      "price": 2,
      "orgPrice": 4,
      "categoryIds": ["pantry"],
      "imagePath": "https://shop.coles.com.au/wcsstore/Coles-CAS/images/1/2/5/1250626.jpg",
      "cupPrice": "$1.11 per 100g",
      "unit": "ea",
      "packageSize": "180g",
      "barcode": ["9400563741784"],
      "isAvailable": true
    },
    {
      "id": "c4974950p-9310060407260",
      "store": "coles",
      "name": "Yoghurt Muesli Bars Honeycomb 6 Pack",
      "brand": "Uncle Tobys",
      "price": 2.15,
      "orgPrice": 4.3,
      "categoryIds": ["pantry"],
      "imagePath": "https://shop.coles.com.au/wcsstore/Coles-CAS/images/4/9/7/4974950.jpg",
      "cupPrice": "$1.16 per 100g",
      "unit": "ea",
      "packageSize": "185g",
      "barcode": ["9310060407260"],
      "isAvailable": true
    },
    {
      "id": "c2762929p-9300650022898",
      "store": "coles",
      "name": "Breakfast Strawberry Sandwich Biscuits",
      "brand": "Belvita",
      "price": 2.25,
      "orgPrice": 4.5,
      "categoryIds": ["pantry"],
      "imagePath": "https://shop.coles.com.au/wcsstore/Coles-CAS/images/2/7/6/2762929.jpg",
      "cupPrice": "$0.89 per 100g",
      "unit": "ea",
      "packageSize": "253g",
      "barcode": ["9300650022898"],
      "isAvailable": true
    },
    {
      "id": "c3191437p",
      "store": "coles",
      "name": "Lindor Milk Cornet",
      "brand": "Lindt",
      "price": 10,
      "orgPrice": 20,
      "categoryIds": ["pantry"],
      "imagePath": "https://shop.coles.com.au/wcsstore/Coles-CAS/images/3/1/9/3191437.jpg",
      "cupPrice": "$2.67 per 100g",
      "unit": "ea",
      "packageSize": "375g",
      "barcode": null,
      "isAvailable": true
    },
    {
      "id": "c3193410p",
      "store": "coles",
      "name": "Espresso Coffee Capsules 10 pack",
      "brand": "Moccona",
      "price": 3,
      "orgPrice": 6,
      "categoryIds": ["pantry", "drinks"],
      "imagePath": "https://shop.coles.com.au/wcsstore/Coles-CAS/images/3/1/9/3193410.jpg",
      "cupPrice": "$5.77 per 100g",
      "unit": "ea",
      "packageSize": "52g",
      "barcode": null,
      "isAvailable": true
    },
    {
      "id": "c3512632p-8711000370049",
      "store": "coles",
      "name": "Lungo 8 Coffee Capsules 10 Pack",
      "brand": "Moccona",
      "price": 3,
      "orgPrice": 6,
      "categoryIds": ["pantry", "drinks"],
      "imagePath": "https://shop.coles.com.au/wcsstore/Coles-CAS/images/3/5/1/3512632.jpg",
      "cupPrice": "$5.77 per 100g",
      "unit": "ea",
      "packageSize": "52g",
      "barcode": ["8711000370049"],
      "isAvailable": true
    },
    {
      "id": "c5436910p-7612100156308",
      "store": "coles",
      "name": "Swiss Mochaccino Coffee",
      "brand": "Jarrah",
      "price": 3,
      "orgPrice": 6,
      "categoryIds": ["pantry", "drinks"],
      "imagePath": "https://shop.coles.com.au/wcsstore/Coles-CAS/images/5/4/3/5436910.jpg",
      "cupPrice": "$1.20 per 100g",
      "unit": "ea",
      "packageSize": "250g",
      "barcode": ["7612100156308"],
      "isAvailable": true
    },
    {
      "id": "c5706050p-9300667038073",
      "store": "coles",
      "name": "Cup A Soup Dutch Curry with Rice 2 pack",
      "brand": "Continental",
      "price": 1,
      "orgPrice": 2,
      "categoryIds": ["pantry"],
      "imagePath": "https://shop.coles.com.au/wcsstore/Coles-CAS/images/5/7/0/5706050.jpg",
      "cupPrice": "$1.82 per 100g",
      "unit": "ea",
      "packageSize": "55g",
      "barcode": ["9300667038073"],
      "isAvailable": true
    },
    {
      "id": "c4503874p-93682152",
      "store": "coles",
      "name": "M&M's Minis Chocolate",
      "brand": "Mars",
      "price": 1,
      "orgPrice": 2,
      "categoryIds": ["pantry"],
      "imagePath": "https://shop.coles.com.au/wcsstore/Coles-CAS/images/4/5/0/4503874.jpg",
      "cupPrice": "$2.86 per 100g",
      "unit": "ea",
      "packageSize": "35g",
      "barcode": ["93682152", "9300682050685"],
      "isAvailable": true
    },
    {
      "id": "c9896060p-070177194826",
      "store": "coles",
      "name": "Assam Bold Tea Bags 80 pack",
      "brand": "Twinings",
      "price": 5.5,
      "orgPrice": 11,
      "categoryIds": ["pantry", "drinks"],
      "imagePath": "https://shop.coles.com.au/wcsstore/Coles-CAS/images/9/8/9/9896060.jpg",
      "cupPrice": "$2.75 per 100g",
      "unit": "ea",
      "packageSize": "200g",
      "barcode": ["070177194826"],
      "isAvailable": true
    },
    {
      "id": "c2129449p-9400563448638",
      "store": "coles",
      "name": "Mixed Berry Roasted Nut Bars 6 pack",
      "brand": "Nice & Natural",
      "price": 2,
      "orgPrice": 4,
      "categoryIds": ["pantry"],
      "imagePath": "https://shop.coles.com.au/wcsstore/Coles-CAS/images/2/1/2/2129449.jpg",
      "cupPrice": "$1.04 per 100g",
      "unit": "ea",
      "packageSize": "192g",
      "barcode": ["9400563448638"],
      "isAvailable": true
    },
    {
      "id": "c2133821p-9400563741777",
      "store": "coles",
      "name": "Strawberry & Blackcurrant Superfruits Muesli Bars 6 Pack",
      "brand": "Nice & Natural",
      "price": 2,
      "orgPrice": 4,
      "categoryIds": ["pantry"],
      "imagePath": "https://shop.coles.com.au/wcsstore/Coles-CAS/images/2/1/3/2133821.jpg",
      "cupPrice": "$1.11 per 100g",
      "unit": "ea",
      "packageSize": "180g",
      "barcode": ["9400563741777"],
      "isAvailable": true
    },
    {
      "id": "c2244491p-7612100066041",
      "store": "coles",
      "name": "Salted Caramel Latte",
      "brand": "Jarrah",
      "price": 3,
      "orgPrice": 6,
      "categoryIds": ["pantry", "drinks"],
      "imagePath": "https://shop.coles.com.au/wcsstore/Coles-CAS/images/2/2/4/2244491.jpg",
      "cupPrice": "$1.20 per 100g",
      "unit": "ea",
      "packageSize": "250g",
      "barcode": ["7612100066041"],
      "isAvailable": true
    },
    {
      "id": "c3151840p-9310015248399",
      "store": "coles",
      "name": "Potato Chips Limited Edition",
      "brand": "Red Rock Deli",
      "price": 2.32,
      "orgPrice": 4.65,
      "categoryIds": ["pantry"],
      "imagePath": "https://shop.coles.com.au/wcsstore/Coles-CAS/images/3/1/5/3151840.jpg",
      "cupPrice": "$1.55 per 100g",
      "unit": "ea",
      "packageSize": "150g",
      "barcode": [
        "9310015248399",
        "400003336364",
        "9310015245558",
        "9310015246982"
      ],
      "isAvailable": true
    },
    {
      "id": "c3708645p-070177227166",
      "store": "coles",
      "name": "Vanilla Chai Tea Bags",
      "brand": "Twining's",
      "price": 5.5,
      "orgPrice": 11,
      "categoryIds": ["pantry", "drinks"],
      "imagePath": "https://shop.coles.com.au/wcsstore/Coles-CAS/images/3/7/0/3708645.jpg",
      "cupPrice": "$0.07 per 1ea",
      "unit": "ea",
      "packageSize": "80 pack",
      "barcode": ["070177227166"],
      "isAvailable": true
    },
    {
      "id": "c6280012p-9300605039308",
      "store": "coles",
      "name": "Oats Brown Sugar And Cinnamon Quick Sachets",
      "brand": "Uncle Tobys",
      "price": 3,
      "orgPrice": 6,
      "categoryIds": ["pantry"],
      "imagePath": "https://shop.coles.com.au/wcsstore/Coles-CAS/images/6/2/8/6280012.jpg",
      "cupPrice": "$0.71 per 100g",
      "unit": "ea",
      "packageSize": "420g",
      "barcode": ["9300605039308"],
      "isAvailable": true
    },
    {
      "id": "c1018271p-9400563454103",
      "store": "coles",
      "name": "Sweet & Salty Roasted Nut Bars 6 pack",
      "brand": "Nice & Natural",
      "price": 2,
      "orgPrice": 4,
      "categoryIds": ["pantry"],
      "imagePath": "https://shop.coles.com.au/wcsstore/Coles-CAS/images/1/0/1/1018271.jpg",
      "cupPrice": "$1.04 per 100g",
      "unit": "ea",
      "packageSize": "192g",
      "barcode": ["9400563454103", "9400563740572", "9400563448591"],
      "isAvailable": true
    },
    {
      "id": "c4975181p-9310060406935",
      "store": "coles",
      "name": "Chewy Apricot Wholegrain Oats Bars 6 Pack",
      "brand": "Uncle Tobys",
      "price": 2.15,
      "orgPrice": 4.3,
      "categoryIds": ["pantry"],
      "imagePath": "https://shop.coles.com.au/wcsstore/Coles-CAS/images/4/9/7/4975181.jpg",
      "cupPrice": "$1.16 per 100g",
      "unit": "ea",
      "packageSize": "185g",
      "barcode": ["9310060406935"],
      "isAvailable": true
    },
    {
      "id": "c152020p-9310060012013",
      "store": "coles",
      "name": "Quick Oats Porridge",
      "brand": "Uncle Tobys",
      "price": 2.12,
      "orgPrice": 4.25,
      "categoryIds": ["pantry"],
      "imagePath": "https://shop.coles.com.au/wcsstore/Coles-CAS/images/1/5/2/152020.jpg",
      "cupPrice": "$0.42 per 100g",
      "unit": "ea",
      "packageSize": "500g",
      "barcode": ["9310060012013"],
      "isAvailable": true
    },
    {
      "id": "c9151606p-9300667024984",
      "store": "coles",
      "name": "Cup A Soup Creamy Potato & Bacon With Croutons 2 Pack",
      "brand": "Continental",
      "price": 1,
      "orgPrice": 2,
      "categoryIds": ["pantry"],
      "imagePath": "https://shop.coles.com.au/wcsstore/Coles-CAS/images/9/1/5/9151606.jpg",
      "cupPrice": "$2.00 per 100g",
      "unit": "ea",
      "packageSize": "50g",
      "barcode": ["9300667024984"],
      "isAvailable": true
    },
    {
      "id": "c2667655p-9300830037452",
      "store": "coles",
      "name": "Cup A Soup Homestyle Pumpkin 2 Pack",
      "brand": "Continental",
      "price": 1,
      "orgPrice": 2,
      "categoryIds": ["pantry"],
      "imagePath": "https://shop.coles.com.au/wcsstore/Coles-CAS/images/2/6/6/2667655.jpg",
      "cupPrice": "$1.64 per 100g",
      "unit": "ea",
      "packageSize": "61g",
      "barcode": ["9300830037452"],
      "isAvailable": true
    },
    {
      "id": "c2667633p-9300830037476",
      "store": "coles",
      "name": "Cup A Soup Homestyle Chicken Noodle 2 pack",
      "brand": "Continental",
      "price": 1,
      "orgPrice": 2,
      "categoryIds": ["pantry"],
      "imagePath": "https://shop.coles.com.au/wcsstore/Coles-CAS/images/2/6/6/2667633.jpg",
      "cupPrice": "$2.50 per 100g",
      "unit": "ea",
      "packageSize": "40g",
      "barcode": ["9300830037476"],
      "isAvailable": true
    },
    {
      "id": "c2605931p-9400563448683",
      "store": "coles",
      "name": "Chocolate Peanut Apricot Bars 6 Pack",
      "brand": "Nice & Natural",
      "price": 2,
      "orgPrice": 4,
      "categoryIds": ["pantry"],
      "imagePath": "https://shop.coles.com.au/wcsstore/Coles-CAS/images/2/6/0/2605931.jpg",
      "cupPrice": "$1.11 per 100g",
      "unit": "ea",
      "packageSize": "180g",
      "barcode": ["9400563448683"],
      "isAvailable": true
    },
    {
      "id": "c2795575p-9400563451324",
      "store": "coles",
      "name": "Salted Caramel Protein Nut Bars With 3 Superseeds 5 Pack",
      "brand": "Nice & Natural",
      "price": 2.5,
      "orgPrice": 5,
      "categoryIds": ["pantry"],
      "imagePath": "https://shop.coles.com.au/wcsstore/Coles-CAS/images/2/7/9/2795575.jpg",
      "cupPrice": "$1.52 per 100g",
      "unit": "ea",
      "packageSize": "165g",
      "barcode": ["9400563451324"],
      "isAvailable": true
    },
    {
      "id": "c2872938p-400003175529",
      "store": "coles",
      "name": "Morning Tea Bags 100 pack",
      "brand": "Twinings",
      "price": 5.5,
      "orgPrice": 11,
      "categoryIds": ["pantry", "drinks"],
      "imagePath": "https://shop.coles.com.au/wcsstore/Coles-CAS/images/2/8/7/2872938.jpg",
      "cupPrice": "$2.50 per 100g",
      "unit": "ea",
      "packageSize": "200g",
      "barcode": ["400003175529", "0070177176174"],
      "isAvailable": true
    },
    {
      "id": "c3021991p-9300695007461",
      "store": "coles",
      "name": "Salted Caramel Squares 5 pack",
      "brand": "Fibre One",
      "price": 2.75,
      "orgPrice": 5.5,
      "categoryIds": ["pantry"],
      "imagePath": "https://shop.coles.com.au/wcsstore/Coles-CAS/images/3/0/2/3021991.jpg",
      "cupPrice": "$2.29 per 100g",
      "unit": "ea",
      "packageSize": "120g",
      "barcode": ["9300695007461"],
      "isAvailable": true
    },
    {
      "id": "c3139186p-9325740029304",
      "store": "coles",
      "name": "Fat Blaster Less Sugar Chocolate Shake",
      "brand": "Naturopathica",
      "price": 10,
      "orgPrice": 20,
      "categoryIds": ["pantry", "health-beauty"],
      "imagePath": "https://shop.coles.com.au/wcsstore/Coles-CAS/images/3/1/3/3139186.jpg",
      "cupPrice": "$2.33 per 100g",
      "unit": "ea",
      "packageSize": "430g",
      "barcode": ["9325740029304"],
      "isAvailable": true
    },
    {
      "id": "c3208493p",
      "store": "coles",
      "name": "Barista Reserve Crema Instant Coffee",
      "brand": "Moccona",
      "price": 9,
      "orgPrice": 18,
      "categoryIds": ["pantry", "drinks"],
      "imagePath": "https://shop.coles.com.au/wcsstore/Coles-CAS/images/3/2/0/3208493.jpg",
      "cupPrice": "$5.14 per 100g",
      "unit": "ea",
      "packageSize": "175g",
      "barcode": null,
      "isAvailable": true
    },
    {
      "id": "c3265792p",
      "store": "coles",
      "name": "Freddo Delicious Biscuits Dipped In Milk Chocolate",
      "brand": "Cadbury",
      "price": 1.5,
      "orgPrice": 3,
      "categoryIds": ["pantry"],
      "imagePath": "https://shop.coles.com.au/wcsstore/Coles-CAS/images/3/2/6/3265792.jpg",
      "cupPrice": "$0.90 per 100g",
      "unit": "ea",
      "packageSize": "167g",
      "barcode": null,
      "isAvailable": true
    },
    {
      "id": "c3384565p-8410076620460",
      "store": "coles",
      "name": "Milk Chocolate Popcorn Bars",
      "brand": "Fibre One",
      "price": 2.75,
      "orgPrice": 5.5,
      "categoryIds": ["pantry"],
      "imagePath": "https://shop.coles.com.au/wcsstore/Coles-CAS/images/3/3/8/3384565.jpg",
      "cupPrice": "$2.62 per 100g",
      "unit": "ea",
      "packageSize": "105g",
      "barcode": ["8410076620460"],
      "isAvailable": true
    },
    {
      "id": "c3387756p-9300605125407",
      "store": "coles",
      "name": "Passionfruit Flavour Roll Ups 6 pack",
      "brand": "Uncle Tobys",
      "price": 2,
      "orgPrice": 4,
      "categoryIds": ["pantry"],
      "imagePath": "https://shop.coles.com.au/wcsstore/Coles-CAS/images/3/3/8/3387756.jpg",
      "cupPrice": "$2.13 per 100g",
      "unit": "ea",
      "packageSize": "94g",
      "barcode": ["9300605125407"],
      "isAvailable": true
    },
    {
      "id": "c3569888p-9300605122994",
      "store": "coles",
      "name": "KitKat Gold White Chocolate With Caramelised Break",
      "brand": "Nestle",
      "price": 1,
      "orgPrice": 2,
      "categoryIds": ["pantry"],
      "imagePath": "https://shop.coles.com.au/wcsstore/Coles-CAS/images/3/5/6/3569888.jpg",
      "cupPrice": "$2.22 per 100g",
      "unit": "ea",
      "packageSize": "45g",
      "barcode": ["9300605122994", "400003525102"],
      "isAvailable": true
    },
    {
      "id": "c7978200p-9300667015142",
      "store": "coles",
      "name": "Cup A Soup Chinese Chicken & Corn with Lots of Noodles 2 pack",
      "brand": "Continental",
      "price": 1,
      "orgPrice": 2,
      "categoryIds": ["pantry"],
      "imagePath": "https://shop.coles.com.au/wcsstore/Coles-CAS/images/7/9/7/7978200.jpg",
      "cupPrice": "$1.52 per 100g",
      "unit": "ea",
      "packageSize": "66g",
      "barcode": ["9300667015142"],
      "isAvailable": true
    },
    {
      "id": "c5687987p-9323966000046",
      "store": "coles",
      "name": "Lindor Assorted Chocolate Balls Gift Box",
      "brand": "Lindt",
      "price": 7,
      "orgPrice": 14,
      "categoryIds": ["pantry"],
      "imagePath": "https://shop.coles.com.au/wcsstore/Coles-CAS/images/5/6/8/5687987.jpg",
      "cupPrice": "$4.67 per 100g",
      "unit": "ea",
      "packageSize": "150g",
      "barcode": ["9323966000046", "9323966100944", "9311616000058"],
      "isAvailable": true
    },
    {
      "id": "c9194846p-9300667025332",
      "store": "coles",
      "name": "Cup A Soup Thai Red Curry 2 pack",
      "brand": "Continental",
      "price": 1,
      "orgPrice": 2,
      "categoryIds": ["pantry"],
      "imagePath": "https://shop.coles.com.au/wcsstore/Coles-CAS/images/9/1/9/9194846.jpg",
      "cupPrice": "$1.67 per 100g",
      "unit": "ea",
      "packageSize": "60g",
      "barcode": ["9300667025332"],
      "isAvailable": true
    },
    {
      "id": "c9151537p-9300667025042",
      "store": "coles",
      "name": "Cup A Soup Creamy Pumpkin with Croutons 2 pack",
      "brand": "Continental",
      "price": 1,
      "orgPrice": 2,
      "categoryIds": ["pantry"],
      "imagePath": "https://shop.coles.com.au/wcsstore/Coles-CAS/images/9/1/5/9151537.jpg",
      "cupPrice": "$1.82 per 100g",
      "unit": "ea",
      "packageSize": "55g",
      "barcode": ["9300667025042"],
      "isAvailable": true
    },
    {
      "id": "c1734247p-9300605095519",
      "store": "coles",
      "name": "Oats Quick Sachets Fruit Variety 12 pack",
      "brand": "Uncle Tobys",
      "price": 3,
      "orgPrice": 6,
      "categoryIds": ["pantry"],
      "imagePath": "https://shop.coles.com.au/wcsstore/Coles-CAS/images/1/7/3/1734247.jpg",
      "cupPrice": "$0.71 per 100g",
      "unit": "ea",
      "packageSize": "420g",
      "barcode": ["9300605095519"],
      "isAvailable": true
    },
    {
      "id": "c5172284p-76145513",
      "store": "coles",
      "name": "Milk Chocolate Bar",
      "brand": "Toblerone",
      "price": 1,
      "orgPrice": 2,
      "categoryIds": ["pantry"],
      "imagePath": "https://shop.coles.com.au/wcsstore/Coles-CAS/images/5/1/7/5172284.jpg",
      "cupPrice": "$2.00 per 100g",
      "unit": "ea",
      "packageSize": "50g",
      "barcode": ["76145513", "400003309092"],
      "isAvailable": true
    },
    {
      "id": "c3151476p-9310034000503",
      "store": "coles",
      "name": "Golden Grain Soft Bakes Biscuit",
      "brand": "Belvita",
      "price": 2.25,
      "orgPrice": 4.5,
      "categoryIds": ["pantry"],
      "imagePath": "https://shop.coles.com.au/wcsstore/Coles-CAS/images/3/1/5/3151476.jpg",
      "cupPrice": "$1.13 per 100g",
      "unit": "ea",
      "packageSize": "200g",
      "barcode": ["9310034000503"],
      "isAvailable": true
    },
    {
      "id": "c3151851p-9310015248153",
      "store": "coles",
      "name": "Limited Edition Moroccan Chicken & Lemon Potato Chips",
      "brand": "Red Rock Deli",
      "price": 2.32,
      "orgPrice": 4.65,
      "categoryIds": ["pantry"],
      "imagePath": "https://shop.coles.com.au/wcsstore/Coles-CAS/images/3/1/5/3151851.jpg",
      "cupPrice": "$1.55 per 100g",
      "unit": "ea",
      "packageSize": "150g",
      "barcode": [
        "9310015248153",
        "9310015246975",
        "9310015248405",
        "9310015245565",
        "400003364268"
      ],
      "isAvailable": true
    },
    {
      "id": "c4341819p-400003495955",
      "store": "coles",
      "name": "Fat Blaster Max Tablets",
      "brand": "Naturopathica",
      "price": 20,
      "orgPrice": 40,
      "categoryIds": ["pantry", "health-beauty"],
      "imagePath": "https://shop.coles.com.au/wcsstore/Coles-CAS/images/4/3/4/4341819.jpg",
      "cupPrice": "$33.33 per 100ea",
      "unit": "ea",
      "packageSize": "60 pack",
      "barcode": ["400003495955", "9325740007104"],
      "isAvailable": true
    },
    {
      "id": "c4975206p-9310060406928",
      "store": "coles",
      "name": "Chewy Muesli Bars Forest Fruits 6 Pack",
      "brand": "Uncle Tobys",
      "price": 2.15,
      "orgPrice": 4.3,
      "categoryIds": ["pantry"],
      "imagePath": "https://shop.coles.com.au/wcsstore/Coles-CAS/images/4/9/7/4975206.jpg",
      "cupPrice": "$1.16 per 100g",
      "unit": "ea",
      "packageSize": "185g",
      "barcode": ["9310060406928"],
      "isAvailable": true
    },
    {
      "id": "c9827148p-9400563740466",
      "store": "coles",
      "name": "Roasted Peanut Nut Bars 6 Pack",
      "brand": "Nice & Natural",
      "price": 2,
      "orgPrice": 4,
      "categoryIds": ["pantry"],
      "imagePath": "https://shop.coles.com.au/wcsstore/Coles-CAS/images/9/8/2/9827148.jpg",
      "cupPrice": "$1.04 per 100g",
      "unit": "ea",
      "packageSize": "192g",
      "barcode": ["9400563740466", "9400563500558", "9400563448645"],
      "isAvailable": true
    },
    {
      "id": "c2605910p-9400563448584",
      "store": "coles",
      "name": "Roasted Peanut Almond Bars 6 Pack",
      "brand": "Nice & Natural",
      "price": 2,
      "orgPrice": 4,
      "categoryIds": ["pantry"],
      "imagePath": "https://shop.coles.com.au/wcsstore/Coles-CAS/images/2/6/0/2605910.jpg",
      "cupPrice": "$1.04 per 100g",
      "unit": "ea",
      "packageSize": "192g",
      "barcode": ["9400563448584"],
      "isAvailable": true
    },
    {
      "id": "c2795586p-9400563451348",
      "store": "coles",
      "name": "Real Dark Chocolate & Cacao Protein Nut Bars 5 Pack",
      "brand": "Nice & Natural",
      "price": 2.5,
      "orgPrice": 5,
      "categoryIds": ["pantry"],
      "imagePath": "https://shop.coles.com.au/wcsstore/Coles-CAS/images/2/7/9/2795586.jpg",
      "cupPrice": "$1.52 per 100g",
      "unit": "ea",
      "packageSize": "165g",
      "barcode": ["9400563451348"],
      "isAvailable": true
    },
    {
      "id": "c3151465p-9310034000459",
      "store": "coles",
      "name": "Cranberry & Sultana Soft Bakes Biscuit",
      "brand": "Belvita",
      "price": 2.25,
      "orgPrice": 4.5,
      "categoryIds": ["pantry"],
      "imagePath": "https://shop.coles.com.au/wcsstore/Coles-CAS/images/3/1/5/3151465.jpg",
      "cupPrice": "$1.13 per 100g",
      "unit": "ea",
      "packageSize": "200g",
      "barcode": ["9310034000459"],
      "isAvailable": true
    },
    {
      "id": "c3208620p",
      "store": "coles",
      "name": "A Modo Mio Tiny Black Coffee Machine",
      "brand": "Lavazza",
      "price": 39.5,
      "orgPrice": 79,
      "categoryIds": ["pantry", "drinks"],
      "imagePath": "https://shop.coles.com.au/wcsstore/Coles-CAS/images/3/2/0/3208620.jpg",
      "cupPrice": "$39.50 per 1ea",
      "unit": "ea",
      "packageSize": "1 each",
      "barcode": null,
      "isAvailable": true
    },
    {
      "id": "c3274272p-9315090207934",
      "store": "coles",
      "name": "Honey & Vanilla Heritage Mill Porridge Sachets 8 Pack",
      "brand": "Freedom Foods",
      "price": 2.5,
      "orgPrice": 5,
      "categoryIds": ["pantry"],
      "imagePath": "https://shop.coles.com.au/wcsstore/Coles-CAS/images/3/2/7/3274272.jpg",
      "cupPrice": "$0.78 per 100g",
      "unit": "ea",
      "packageSize": "320g",
      "barcode": ["9315090207934"],
      "isAvailable": true
    },
    {
      "id": "c3312928p-9310015247514",
      "store": "coles",
      "name": "Creamy Feta Avocado & Lime Tortilla Chips",
      "brand": "Red Rock Deli",
      "price": 2.32,
      "orgPrice": 4.65,
      "categoryIds": ["pantry"],
      "imagePath": "https://shop.coles.com.au/wcsstore/Coles-CAS/images/3/3/1/3312928.jpg",
      "cupPrice": "$1.41 per 100g",
      "unit": "ea",
      "packageSize": "165g",
      "barcode": ["9310015247514", "9310015246296"],
      "isAvailable": true
    },
    {
      "id": "c3312950p-9310015246319",
      "store": "coles",
      "name": "Parmesan & Caramelised Onion Tortilla Chips",
      "brand": "Red Rock Deli",
      "price": 2.32,
      "orgPrice": 4.65,
      "categoryIds": ["pantry"],
      "imagePath": "https://shop.coles.com.au/wcsstore/Coles-CAS/images/3/3/1/3312950.jpg",
      "cupPrice": "$1.41 per 100g",
      "unit": "ea",
      "packageSize": "165g",
      "barcode": ["9310015246319"],
      "isAvailable": true
    },
    {
      "id": "c3434674p-400003469734",
      "store": "coles",
      "name": "Minis Honey & Choc Chip Breakfast Biscuits 6 pack",
      "brand": "Belvita",
      "price": 2.5,
      "orgPrice": 5,
      "categoryIds": ["pantry"],
      "imagePath": "https://shop.coles.com.au/wcsstore/Coles-CAS/images/3/4/3/3434674.jpg",
      "cupPrice": "$1.19 per 100g",
      "unit": "ea",
      "packageSize": "210g",
      "barcode": ["400003469734", "9300650028975"],
      "isAvailable": true
    },
    {
      "id": "c7477012p-9300605054141",
      "store": "coles",
      "name": "Golden Syrup Oats Quick Sachets 12 pack",
      "brand": "Uncle Tobys",
      "price": 3,
      "orgPrice": 6,
      "categoryIds": ["pantry"],
      "imagePath": "https://shop.coles.com.au/wcsstore/Coles-CAS/images/7/4/7/7477012.jpg",
      "cupPrice": "$0.71 per 100g",
      "unit": "ea",
      "packageSize": "420g",
      "barcode": ["9300605054141"],
      "isAvailable": true
    },
    {
      "id": "c2286516p-9300830024049",
      "store": "coles",
      "name": "Cup A Soup Pepper Steak & Mushroom with Croutons 2 pack",
      "brand": "Continental",
      "price": 1,
      "orgPrice": 2,
      "categoryIds": ["pantry"],
      "imagePath": "https://shop.coles.com.au/wcsstore/Coles-CAS/images/2/2/8/2286516.jpg",
      "cupPrice": "$1.92 per 100g",
      "unit": "ea",
      "packageSize": "52g",
      "barcode": ["9300830024049"],
      "isAvailable": true
    },
    {
      "id": "c3434663p-9300650028944",
      "store": "coles",
      "name": "Minis Chocolate Biscuits 6 Packs",
      "brand": "Belvita",
      "price": 2.5,
      "orgPrice": 5,
      "categoryIds": ["pantry"],
      "imagePath": "https://shop.coles.com.au/wcsstore/Coles-CAS/images/3/4/3/3434663.jpg",
      "cupPrice": "$1.19 per 100g",
      "unit": "ea",
      "packageSize": "210g",
      "barcode": ["9300650028944", "400003469727"],
      "isAvailable": true
    },
    {
      "id": "c3496445p-9310988017435",
      "store": "coles",
      "name": "Sea Salt Flat Bread Crackers",
      "brand": "Kettle",
      "price": 2.25,
      "orgPrice": 4.5,
      "categoryIds": ["pantry"],
      "imagePath": "https://shop.coles.com.au/wcsstore/Coles-CAS/images/3/4/9/3496445.jpg",
      "cupPrice": "$1.50 per 100g",
      "unit": "ea",
      "packageSize": "150g",
      "barcode": ["9310988017435"],
      "isAvailable": true
    },
    {
      "id": "c3558371p-9313495005810",
      "store": "coles",
      "name": "Organic Tortilla Corn & Quinoa Chips",
      "brand": "The Wholesome Food Company",
      "price": 2.5,
      "orgPrice": 5,
      "categoryIds": ["pantry", "health-beauty"],
      "imagePath": "https://shop.coles.com.au/wcsstore/Coles-CAS/images/3/5/5/3558371.jpg",
      "cupPrice": "$1.67 per 100g",
      "unit": "ea",
      "packageSize": "150g",
      "barcode": ["9313495005810"],
      "isAvailable": true
    },
    {
      "id": "c8949795p-9300605072336",
      "store": "coles",
      "name": "Hi-Fibre Oats Quick Sachets",
      "brand": "Uncle Tobys",
      "price": 3,
      "orgPrice": 6,
      "categoryIds": ["pantry"],
      "imagePath": "https://shop.coles.com.au/wcsstore/Coles-CAS/images/8/9/4/8949795.jpg",
      "cupPrice": "$0.75 per 100g",
      "unit": "ea",
      "packageSize": "400g",
      "barcode": ["9300605072336"],
      "isAvailable": true
    },
    {
      "id": "c5248149p-9300617000501",
      "store": "coles",
      "name": "Dairy Milk Chocolate  Freddo",
      "brand": "Cadbury",
      "price": 0.5,
      "orgPrice": 1,
      "categoryIds": ["pantry"],
      "imagePath": "https://shop.coles.com.au/wcsstore/Coles-CAS/images/5/2/4/5248149.jpg",
      "cupPrice": "$1.43 per 100g",
      "unit": "ea",
      "packageSize": "35g",
      "barcode": ["9300617000501", "9300617333371", "9300617411031"],
      "isAvailable": true
    },
    {
      "id": "c2458509p-9300682045421",
      "store": "coles",
      "name": "Teasers Milk Chocolate Bar",
      "brand": "Maltesers",
      "price": 1,
      "orgPrice": 2,
      "categoryIds": ["pantry"],
      "imagePath": "https://shop.coles.com.au/wcsstore/Coles-CAS/images/2/4/5/2458509.jpg",
      "cupPrice": "$2.86 per 100g",
      "unit": "ea",
      "packageSize": "35g",
      "barcode": ["9300682045421", "9300682054751"],
      "isAvailable": true
    },
    {
      "id": "c2510020p-9313495005353",
      "store": "coles",
      "name": "Gluten Free Original Hommus Chips",
      "brand": "Wholesome Food Company",
      "price": 2.5,
      "orgPrice": 5,
      "categoryIds": ["pantry", "health-beauty"],
      "imagePath": "https://shop.coles.com.au/wcsstore/Coles-CAS/images/2/5/1/2510020.jpg",
      "cupPrice": "$2.08 per 100g",
      "unit": "ea",
      "packageSize": "120g",
      "barcode": ["9313495005353"],
      "isAvailable": true
    },
    {
      "id": "c3139200p-9325740029311",
      "store": "coles",
      "name": "Fat Blaster Less Sugar Vanilla Shake",
      "brand": "Naturopathica",
      "price": 10,
      "orgPrice": 20,
      "categoryIds": ["pantry", "health-beauty"],
      "imagePath": "https://shop.coles.com.au/wcsstore/Coles-CAS/images/3/1/3/3139200.jpg",
      "cupPrice": "$2.33 per 100g",
      "unit": "ea",
      "packageSize": "430g",
      "barcode": ["9325740029311"],
      "isAvailable": true
    },
    {
      "id": "c3293663p-9300682046480",
      "store": "coles",
      "name": "Chocolate Bar",
      "brand": "Milky Way",
      "price": 1,
      "orgPrice": 2,
      "categoryIds": ["pantry"],
      "imagePath": "https://shop.coles.com.au/wcsstore/Coles-CAS/images/3/2/9/3293663.jpg",
      "cupPrice": "$1.89 per 100g",
      "unit": "ea",
      "packageSize": "53g",
      "barcode": ["9300682046480"],
      "isAvailable": true
    },
    {
      "id": "c3525634p-8711000377390",
      "store": "coles",
      "name": "Espresso 7 Coffee Capsules 10 pack",
      "brand": "Moccona",
      "price": 3,
      "orgPrice": 6,
      "categoryIds": ["pantry", "drinks"],
      "imagePath": "https://shop.coles.com.au/wcsstore/Coles-CAS/images/3/5/2/3525634.jpg",
      "cupPrice": "$5.77 per 100g",
      "unit": "ea",
      "packageSize": "52g",
      "barcode": ["8711000377390", "8711000370001"],
      "isAvailable": true
    },
    {
      "id": "c2395362p-9300617044901",
      "store": "coles",
      "name": "Caramello Koala\u00a0Chocolate",
      "brand": "Cadbury",
      "price": 0.5,
      "orgPrice": 1,
      "categoryIds": ["pantry"],
      "imagePath": "https://shop.coles.com.au/wcsstore/Coles-CAS/images/2/3/9/2395362.jpg",
      "cupPrice": "$1.43 per 100g",
      "unit": "ea",
      "packageSize": "35g",
      "barcode": ["9300617044901"],
      "isAvailable": true
    },
    {
      "id": "c2509654p-9313495005285",
      "store": "coles",
      "name": "Gluten Free Original Falafel Chips",
      "brand": "Wholesome Food Company",
      "price": 2.5,
      "orgPrice": 5,
      "categoryIds": ["pantry", "health-beauty"],
      "imagePath": "https://shop.coles.com.au/wcsstore/Coles-CAS/images/2/5/0/2509654.jpg",
      "cupPrice": "$1.43 per 100g",
      "unit": "ea",
      "packageSize": "175g",
      "barcode": ["9313495005285"],
      "isAvailable": true
    },
    {
      "id": "c3387360p-9300695008253",
      "store": "coles",
      "name": "Cinnamon Drizzle Squares 5 pack",
      "brand": "Fibre One",
      "price": 2.75,
      "orgPrice": 5.5,
      "categoryIds": ["pantry"],
      "imagePath": "https://shop.coles.com.au/wcsstore/Coles-CAS/images/3/3/8/3387360.jpg",
      "cupPrice": "$2.29 per 100g",
      "unit": "ea",
      "packageSize": "120g",
      "barcode": ["9300695008253"],
      "isAvailable": true
    },
    {
      "id": "c3501986p-9300605126244",
      "store": "coles",
      "name": "KitKat Chunky Cookie Dough",
      "brand": "Nestle",
      "price": 1,
      "orgPrice": 2,
      "categoryIds": ["pantry"],
      "imagePath": "https://shop.coles.com.au/wcsstore/Coles-CAS/images/3/5/0/3501986.jpg",
      "cupPrice": "$1.92 per 100g",
      "unit": "ea",
      "packageSize": "52g",
      "barcode": ["9300605126244"],
      "isAvailable": true
    },
    {
      "id": "c3496467p-9310988017442",
      "store": "coles",
      "name": "Burnt Fig Flat Bread Crackers",
      "brand": "Kettle",
      "price": 2.25,
      "orgPrice": 4.5,
      "categoryIds": ["pantry"],
      "imagePath": "https://shop.coles.com.au/wcsstore/Coles-CAS/images/3/4/9/3496467.jpg",
      "cupPrice": "$1.50 per 100g",
      "unit": "ea",
      "packageSize": "150g",
      "barcode": ["9310988017442"],
      "isAvailable": true
    },
    {
      "id": "c3529760p-9310645262062",
      "store": "coles",
      "name": "Hazelnut Spread",
      "brand": "Coles",
      "price": 2,
      "orgPrice": 4,
      "categoryIds": ["pantry"],
      "imagePath": "https://shop.coles.com.au/wcsstore/Coles-CAS/images/3/5/2/3529760.jpg",
      "cupPrice": "$0.67 per 100g",
      "unit": "ea",
      "packageSize": "300g",
      "barcode": ["9310645262062"],
      "isAvailable": true
    },
    {
      "id": "c7251224p-93682664",
      "store": "coles",
      "name": "Milk Chocolate Small Bag",
      "brand": "M&M's",
      "price": 1,
      "orgPrice": 2,
      "categoryIds": ["pantry"],
      "imagePath": "https://shop.coles.com.au/wcsstore/Coles-CAS/images/7/2/5/7251224.jpg",
      "cupPrice": "$2.04 per 100g",
      "unit": "ea",
      "packageSize": "49g",
      "barcode": ["93682664"],
      "isAvailable": true
    },
    {
      "id": "c3274240p-9315090207903",
      "store": "coles",
      "name": "Heritage Mill Maple Date & Pecan Porridge Sachets 8 pack",
      "brand": "Freedom Foods",
      "price": 2.5,
      "orgPrice": 5,
      "categoryIds": ["pantry"],
      "imagePath": "https://shop.coles.com.au/wcsstore/Coles-CAS/images/3/2/7/3274240.jpg",
      "cupPrice": "$0.78 per 100g",
      "unit": "ea",
      "packageSize": "320g",
      "barcode": ["9315090207903"],
      "isAvailable": true
    },
    {
      "id": "c3384554p-8410076620453",
      "store": "coles",
      "name": "Peanut Butter Popcorn Bars 5 pack",
      "brand": "Fibre One",
      "price": 2.75,
      "orgPrice": 5.5,
      "categoryIds": ["pantry"],
      "imagePath": "https://shop.coles.com.au/wcsstore/Coles-CAS/images/3/3/8/3384554.jpg",
      "cupPrice": "$2.62 per 100g",
      "unit": "ea",
      "packageSize": "105g",
      "barcode": ["8410076620453"],
      "isAvailable": true
    },
    {
      "id": "c2667622p-9300830037483",
      "store": "coles",
      "name": "Cup A Soup Homestyle Chicken 2 pack",
      "brand": "Continental",
      "price": 1,
      "orgPrice": 2,
      "categoryIds": ["pantry"],
      "imagePath": "https://shop.coles.com.au/wcsstore/Coles-CAS/images/2/6/6/2667622.jpg",
      "cupPrice": "$2.17 per 100g",
      "unit": "ea",
      "packageSize": "46g",
      "barcode": ["9300830037483"],
      "isAvailable": true
    },
    {
      "id": "c3145010p",
      "store": "coles",
      "name": "Gluten Free Corn Chips With Veg Cauliflower Linseed & Cheddar Cheese",
      "brand": "Wholesome Food Company",
      "price": 2.5,
      "orgPrice": 5,
      "categoryIds": ["pantry", "health-beauty"],
      "imagePath": "https://shop.coles.com.au/wcsstore/Coles-CAS/images/3/1/4/3145010.jpg",
      "cupPrice": "$1.67 per 100g",
      "unit": "ea",
      "packageSize": "150g",
      "barcode": null,
      "isAvailable": true
    },
    {
      "id": "c3478046p-9325740030317",
      "store": "coles",
      "name": "Fat Blaster Chocolate Flavour Keto Fit Protein Shake Mix",
      "brand": "Naturopathica",
      "price": 15,
      "orgPrice": 30,
      "categoryIds": ["pantry", "health-beauty"],
      "imagePath": "https://shop.coles.com.au/wcsstore/Coles-CAS/images/3/4/7/3478046.jpg",
      "cupPrice": "$5.00 per 100g",
      "unit": "ea",
      "packageSize": "300g",
      "barcode": ["9325740030317"],
      "isAvailable": true
    },
    {
      "id": "c2026140p-9300605094666",
      "store": "coles",
      "name": "KitKat Chunky Caramel",
      "brand": "Nestle",
      "price": 1,
      "orgPrice": 2,
      "categoryIds": ["pantry"],
      "imagePath": "https://shop.coles.com.au/wcsstore/Coles-CAS/images/2/0/2/2026140.jpg",
      "cupPrice": "$1.82 per 100g",
      "unit": "ea",
      "packageSize": "55g",
      "barcode": ["9300605094666"],
      "isAvailable": true
    },
    {
      "id": "c3139222p-9325740029335",
      "store": "coles",
      "name": "Fat Blaster 30% Less Sugar Raspberry Ripple Shake",
      "brand": "Naturopathica",
      "price": 10,
      "orgPrice": 20,
      "categoryIds": ["pantry", "health-beauty"],
      "imagePath": "https://shop.coles.com.au/wcsstore/Coles-CAS/images/3/1/3/3139222.jpg",
      "cupPrice": "$2.33 per 100g",
      "unit": "ea",
      "packageSize": "430g",
      "barcode": ["9325740029335"],
      "isAvailable": true
    },
    {
      "id": "c3139211p-9325740029328",
      "store": "coles",
      "name": "Fat Blaster 30% Less Sugar Mocha Shake",
      "brand": "Naturopathica",
      "price": 10,
      "orgPrice": 20,
      "categoryIds": ["pantry", "health-beauty"],
      "imagePath": "https://shop.coles.com.au/wcsstore/Coles-CAS/images/3/1/3/3139211.jpg",
      "cupPrice": "$2.33 per 100g",
      "unit": "ea",
      "packageSize": "430g",
      "barcode": ["9325740029328"],
      "isAvailable": true
    },
    {
      "id": "c3208471p",
      "store": "coles",
      "name": "Barista Reserve Rich Espresso Instant Coffee",
      "brand": "Moccona",
      "price": 9,
      "orgPrice": 18,
      "categoryIds": ["pantry", "drinks"],
      "imagePath": "https://shop.coles.com.au/wcsstore/Coles-CAS/images/3/2/0/3208471.jpg",
      "cupPrice": "$5.14 per 100g",
      "unit": "ea",
      "packageSize": "175g",
      "barcode": null,
      "isAvailable": true
    },
    {
      "id": "c3710192p-9300605129269",
      "store": "coles",
      "name": "Kit Kat Double Cookies & Cream",
      "brand": "Nestle",
      "price": 1,
      "orgPrice": 2,
      "categoryIds": ["pantry"],
      "imagePath": "https://shop.coles.com.au/wcsstore/Coles-CAS/images/3/7/1/3710192.jpg",
      "cupPrice": "$2.22 per 100g",
      "unit": "ea",
      "packageSize": "45g",
      "barcode": ["9300605129269"],
      "isAvailable": true
    },
    {
      "id": "c2995891p-9313495005582",
      "store": "coles",
      "name": "Gluten Free Roasted Jalapeno Protein Chips",
      "brand": "Wholesome Food Company",
      "price": 2.5,
      "orgPrice": 5,
      "categoryIds": ["pantry", "health-beauty"],
      "imagePath": "https://shop.coles.com.au/wcsstore/Coles-CAS/images/2/9/9/2995891.jpg",
      "cupPrice": "$3.57 per 100g",
      "unit": "ea",
      "packageSize": "70g",
      "barcode": ["9313495005582"],
      "isAvailable": true
    },
    {
      "id": "c3145000p",
      "store": "coles",
      "name": "Gluten Free Quinoa & Chia Straws With Wasabi Chips",
      "brand": "Wholesome Food Company",
      "price": 2.5,
      "orgPrice": 5,
      "categoryIds": ["pantry", "health-beauty"],
      "imagePath": "https://shop.coles.com.au/wcsstore/Coles-CAS/images/3/1/4/3145000.jpg",
      "cupPrice": "$2.08 per 100g",
      "unit": "ea",
      "packageSize": "120g",
      "barcode": null,
      "isAvailable": true
    },
    {
      "id": "c3274250p-9315090207910",
      "store": "coles",
      "name": "Heritage Mill Berry-Licious Porridge Sachets 8 pack",
      "brand": "Freedom Foods",
      "price": 2.5,
      "orgPrice": 5,
      "categoryIds": ["pantry"],
      "imagePath": "https://shop.coles.com.au/wcsstore/Coles-CAS/images/3/2/7/3274250.jpg",
      "cupPrice": "$0.78 per 100g",
      "unit": "ea",
      "packageSize": "320g",
      "barcode": ["9315090207910"],
      "isAvailable": true
    },
    {
      "id": "c3496456p-9310988017428",
      "store": "coles",
      "name": "Chilli Jam Flat Bread Crackers",
      "brand": "Kettle",
      "price": 2.25,
      "orgPrice": 4.5,
      "categoryIds": ["pantry"],
      "imagePath": "https://shop.coles.com.au/wcsstore/Coles-CAS/images/3/4/9/3496456.jpg",
      "cupPrice": "$1.50 per 100g",
      "unit": "ea",
      "packageSize": "150g",
      "barcode": ["9310988017428"],
      "isAvailable": true
    },
    {
      "id": "c3502016p-93555296",
      "store": "coles",
      "name": "Original Fruit Chews Lollies Stick",
      "brand": "Starburst",
      "price": 1,
      "orgPrice": 2,
      "categoryIds": ["pantry"],
      "imagePath": "https://shop.coles.com.au/wcsstore/Coles-CAS/images/3/5/0/3502016.jpg",
      "cupPrice": "$2.22 per 100g",
      "unit": "ea",
      "packageSize": "45g",
      "barcode": ["93555296"],
      "isAvailable": true
    },
    {
      "id": "c3629130p-9319636001383",
      "store": "coles",
      "name": "Sweet & Salty Rice Puffs Crackers",
      "brand": "Sakata",
      "price": 1.5,
      "orgPrice": 3,
      "categoryIds": ["pantry"],
      "imagePath": "https://shop.coles.com.au/wcsstore/Coles-CAS/images/3/6/2/3629130.jpg",
      "cupPrice": "$2.08 per 100g",
      "unit": "ea",
      "packageSize": "72g",
      "barcode": ["9319636001383"],
      "isAvailable": true
    },
    {
      "id": "c3706016p-9310015248078",
      "store": "coles",
      "name": "Pita Chip Cracker Sea Salt",
      "brand": "Stacy's",
      "price": 2.25,
      "orgPrice": 4.5,
      "categoryIds": ["pantry"],
      "imagePath": "https://shop.coles.com.au/wcsstore/Coles-CAS/images/3/7/0/3706016.jpg",
      "cupPrice": "$1.32 per 100g",
      "unit": "ea",
      "packageSize": "170g",
      "barcode": ["9310015248078"],
      "isAvailable": true
    },
    {
      "id": "c3144991p",
      "store": "coles",
      "name": "Gluten Free Lentil Harissa Twists Chips",
      "brand": "Wholesome Food Company",
      "price": 2.5,
      "orgPrice": 5,
      "categoryIds": ["pantry", "health-beauty"],
      "imagePath": "https://shop.coles.com.au/wcsstore/Coles-CAS/images/3/1/4/3144991.jpg",
      "cupPrice": "$2.08 per 100g",
      "unit": "ea",
      "packageSize": "120g",
      "barcode": null,
      "isAvailable": true
    },
    {
      "id": "c3208482p",
      "store": "coles",
      "name": "Barista Reserve Smooth Espresso Instant Coffee",
      "brand": "Moccona",
      "price": 9,
      "orgPrice": 18,
      "categoryIds": ["pantry", "drinks"],
      "imagePath": "https://shop.coles.com.au/wcsstore/Coles-CAS/images/3/2/0/3208482.jpg",
      "cupPrice": "$5.14 per 100g",
      "unit": "ea",
      "packageSize": "175g",
      "barcode": null,
      "isAvailable": true
    },
    {
      "id": "c1478362p",
      "store": "coles",
      "name": "Sugar Free Natural Energy Drink Can",
      "brand": "28 Black",
      "price": 1.3,
      "orgPrice": 2.7,
      "categoryIds": ["pantry", "health-beauty"],
      "imagePath": "https://shop.coles.com.au/wcsstore/Coles-CAS/images/1/4/7/1478362.jpg",
      "cupPrice": "$5.20 per 1l",
      "unit": "ea",
      "packageSize": "250ml",
      "barcode": null,
      "isAvailable": true
    },
    {
      "id": "c3629141p-9319636001390",
      "store": "coles",
      "name": "Teriyaki Rice Puffs Crackers",
      "brand": "Sakata",
      "price": 1.5,
      "orgPrice": 3,
      "categoryIds": ["pantry"],
      "imagePath": "https://shop.coles.com.au/wcsstore/Coles-CAS/images/3/6/2/3629141.jpg",
      "cupPrice": "$2.08 per 100g",
      "unit": "ea",
      "packageSize": "72g",
      "barcode": ["9319636001390"],
      "isAvailable": true
    },
    {
      "id": "c2015723p-9325740025894",
      "store": "coles",
      "name": "Fat Blaster Garcinia Max Supplement",
      "brand": "Naturopathica",
      "price": 15,
      "orgPrice": 30,
      "categoryIds": ["pantry", "health-beauty"],
      "imagePath": "https://shop.coles.com.au/wcsstore/Coles-CAS/images/2/0/1/2015723.jpg",
      "cupPrice": "$0.25 per 1ea",
      "unit": "ea",
      "packageSize": "60 pack",
      "barcode": ["9325740025894"],
      "isAvailable": true
    },
    {
      "id": "c3629152p-9319636001406",
      "store": "coles",
      "name": "Lime & Chilli Rice Puffs Crackers",
      "brand": "Sakata",
      "price": 1.5,
      "orgPrice": 3,
      "categoryIds": ["pantry"],
      "imagePath": "https://shop.coles.com.au/wcsstore/Coles-CAS/images/3/6/2/3629152.jpg",
      "cupPrice": "$2.08 per 100g",
      "unit": "ea",
      "packageSize": "72g",
      "barcode": ["9319636001406"],
      "isAvailable": true
    },
    {
      "id": "c3433412p-9310034001227",
      "store": "coles",
      "name": "Chocolate Flavour Wafer Bites",
      "brand": "Oreo",
      "price": 0.6,
      "orgPrice": 1.5,
      "categoryIds": ["pantry"],
      "imagePath": "https://shop.coles.com.au/wcsstore/Coles-CAS/images/3/4/3/3433412.jpg",
      "cupPrice": "$1.28 per 100g",
      "unit": "ea",
      "packageSize": "47g",
      "barcode": ["9310034001227"],
      "isAvailable": true
    },
    {
      "id": "c3591333p-8005110001659",
      "store": "coles",
      "name": "Pesto Style Stir Through Sauce Orange Tomato",
      "brand": "Mutti",
      "price": 2.5,
      "orgPrice": 5,
      "categoryIds": ["pantry"],
      "imagePath": "https://shop.coles.com.au/wcsstore/Coles-CAS/images/3/5/9/3591333.jpg",
      "cupPrice": "$0.89 per 100g",
      "unit": "ea",
      "packageSize": "280g",
      "barcode": ["8005110001659"],
      "isAvailable": true
    },
    {
      "id": "c3558360p-9313495005865",
      "store": "coles",
      "name": "Lime, Peppercorn & Probiotic Lentils Chips",
      "brand": "The Wholesome Food Company",
      "price": 2.5,
      "orgPrice": 5,
      "categoryIds": ["pantry", "health-beauty"],
      "imagePath": "https://shop.coles.com.au/wcsstore/Coles-CAS/images/3/5/5/3558360.jpg",
      "cupPrice": "$2.50 per 100g",
      "unit": "ea",
      "packageSize": "100g",
      "barcode": ["9313495005865"],
      "isAvailable": true
    },
    {
      "id": "c3515776p-9310055103634",
      "store": "coles",
      "name": "Nutri-Grain To Go Breakfast Cereal 6 Pack",
      "brand": "Kellogg's",
      "price": 3.25,
      "orgPrice": 6.5,
      "categoryIds": ["pantry"],
      "imagePath": "https://shop.coles.com.au/wcsstore/Coles-CAS/images/3/5/1/3515776.jpg",
      "cupPrice": "$1.35 per 100g",
      "unit": "ea",
      "packageSize": "240g",
      "barcode": ["9310055103634"],
      "isAvailable": true
    },
    {
      "id": "c8434627p-9310213565892",
      "store": "coles",
      "name": "Frozen Crumbed Chicken Breast Tenders",
      "brand": "Steggles",
      "price": 3.97,
      "orgPrice": 7.95,
      "categoryIds": ["freezer"],
      "imagePath": "https://shop.coles.com.au/wcsstore/Coles-CAS/images/8/4/3/8434627.jpg",
      "cupPrice": "$9.93 per 1kg",
      "unit": "ea",
      "packageSize": "400g",
      "barcode": ["9310213565892", "9310213541353"],
      "isAvailable": true
    },
    {
      "id": "c5164388p-9344372002950",
      "store": "coles",
      "name": "Frozen Raspberries",
      "brand": "Creative Gourmet",
      "price": 2.82,
      "orgPrice": 5.65,
      "categoryIds": ["freezer"],
      "imagePath": "https://shop.coles.com.au/wcsstore/Coles-CAS/images/5/1/6/5164388.jpg",
      "cupPrice": "$9.40 per 1kg",
      "unit": "ea",
      "packageSize": "300g",
      "barcode": ["9344372002950", "9300766040991", "9311008049993"],
      "isAvailable": true
    },
    {
      "id": "c5164399p-9311008049177",
      "store": "coles",
      "name": "Frozen Blueberries",
      "brand": "Creative Gourmet",
      "price": 2.82,
      "orgPrice": 5.65,
      "categoryIds": ["freezer"],
      "imagePath": "https://shop.coles.com.au/wcsstore/Coles-CAS/images/5/1/6/5164399.jpg",
      "cupPrice": "$9.40 per 1kg",
      "unit": "ea",
      "packageSize": "300g",
      "barcode": [
        "9311008049177",
        "9344372002783",
        "9300766041172",
        "400002883357"
      ],
      "isAvailable": true
    },
    {
      "id": "c4675530p-9323015006685",
      "store": "coles",
      "name": "Frozen Cocktail Spring Rolls 68 pack",
      "brand": "Pacific West",
      "price": 5.75,
      "orgPrice": 11.5,
      "categoryIds": ["freezer"],
      "imagePath": "https://shop.coles.com.au/wcsstore/Coles-CAS/images/4/6/7/4675530.jpg",
      "cupPrice": "$5.75 per 1kg",
      "unit": "ea",
      "packageSize": "1kg",
      "barcode": ["9323015006685"],
      "isAvailable": true
    },
    {
      "id": "c2356724p-9318122381008",
      "store": "coles",
      "name": "Frozen Pork & Chive Dumplings 10 Pieces",
      "brand": "Hong Kong Dim Sim Kitchen",
      "price": 2.5,
      "orgPrice": 5,
      "categoryIds": ["freezer"],
      "imagePath": "https://shop.coles.com.au/wcsstore/Coles-CAS/images/2/3/5/2356724.jpg",
      "cupPrice": "$1.25 per 100g",
      "unit": "ea",
      "packageSize": "200g",
      "barcode": ["9318122381008"],
      "isAvailable": true
    },
    {
      "id": "c2719952p-9310213540905",
      "store": "coles",
      "name": "Frozen Sweet Chilli Chicken Breast Tenders",
      "brand": "Steggles",
      "price": 3.97,
      "orgPrice": 7.95,
      "categoryIds": ["freezer"],
      "imagePath": "https://shop.coles.com.au/wcsstore/Coles-CAS/images/2/7/1/2719952.jpg",
      "cupPrice": "$9.93 per 1kg",
      "unit": "ea",
      "packageSize": "400g",
      "barcode": ["9310213540905", "9310213171383", "9310213541346"],
      "isAvailable": true
    },
    {
      "id": "c2719963p-9310213540912",
      "store": "coles",
      "name": "Frozen Southern Style Chicken Breast Tenders",
      "brand": "Steggles",
      "price": 3.97,
      "orgPrice": 7.95,
      "categoryIds": ["freezer"],
      "imagePath": "https://shop.coles.com.au/wcsstore/Coles-CAS/images/2/7/1/2719963.jpg",
      "cupPrice": "$9.93 per 1kg",
      "unit": "ea",
      "packageSize": "400g",
      "barcode": ["9310213540912", "9310213541339", "9313690171044"],
      "isAvailable": true
    },
    {
      "id": "c3059972p-9344372003179",
      "store": "coles",
      "name": "Frozen Banana Chunks",
      "brand": "Creative Gourmet",
      "price": 2.5,
      "orgPrice": 5,
      "categoryIds": ["freezer"],
      "imagePath": "https://shop.coles.com.au/wcsstore/Coles-CAS/images/3/0/5/3059972.jpg",
      "cupPrice": "$5.00 per 1kg",
      "unit": "ea",
      "packageSize": "500g",
      "barcode": ["9344372003179"],
      "isAvailable": true
    },
    {
      "id": "c2356688p-9318122383828",
      "store": "coles",
      "name": "Frozen BBQ Pork Buns 6 Pieces",
      "brand": "Hong Kong Dim Sim Kitchen",
      "price": 2.5,
      "orgPrice": 5,
      "categoryIds": ["freezer"],
      "imagePath": "https://shop.coles.com.au/wcsstore/Coles-CAS/images/2/3/5/2356688.jpg",
      "cupPrice": "$1.25 per 100g",
      "unit": "ea",
      "packageSize": "200g",
      "barcode": ["9318122383828"],
      "isAvailable": true
    },
    {
      "id": "c6070086p-9310090042974",
      "store": "coles",
      "name": "Frozen Traditional Square Meat Pies 4 pack",
      "brand": "Balfours",
      "price": 4,
      "orgPrice": 8,
      "categoryIds": ["freezer"],
      "imagePath": "https://shop.coles.com.au/wcsstore/Coles-CAS/images/6/0/7/6070086.jpg",
      "cupPrice": "$0.59 per 100g",
      "unit": "ea",
      "packageSize": "680g",
      "barcode": ["9310090042974"],
      "isAvailable": true
    },
    {
      "id": "c4675520p-9323015006548",
      "store": "coles",
      "name": "Frozen Asian Banquet 64 pack",
      "brand": "Pacific West",
      "price": 5.75,
      "orgPrice": 11.5,
      "categoryIds": ["freezer"],
      "imagePath": "https://shop.coles.com.au/wcsstore/Coles-CAS/images/4/6/7/4675520.jpg",
      "cupPrice": "$5.75 per 1kg",
      "unit": "ea",
      "packageSize": "1kg",
      "barcode": ["9323015006548"],
      "isAvailable": true
    },
    {
      "id": "c2356702p-9318122386300",
      "store": "coles",
      "name": "Frozen Siu Mai 10 Pieces",
      "brand": "Hong Kong Dim Sim Kitchen",
      "price": 2.5,
      "orgPrice": 5,
      "categoryIds": ["freezer"],
      "imagePath": "https://shop.coles.com.au/wcsstore/Coles-CAS/images/2/3/5/2356702.jpg",
      "cupPrice": "$1.25 per 100g",
      "unit": "ea",
      "packageSize": "200g",
      "barcode": ["9318122386300"],
      "isAvailable": true
    },
    {
      "id": "c3230754p",
      "store": "coles",
      "name": "Frozen Honey Soy Frozen Chicken Breast Tenders",
      "brand": "Steggles",
      "price": 3.97,
      "orgPrice": 7.95,
      "categoryIds": ["freezer"],
      "imagePath": "https://shop.coles.com.au/wcsstore/Coles-CAS/images/3/2/3/3230754.jpg",
      "cupPrice": "$9.93 per 1kg",
      "unit": "ea",
      "packageSize": "400g",
      "barcode": null,
      "isAvailable": true
    },
    {
      "id": "c3573047p-9344372004619",
      "store": "coles",
      "name": "Frozen Passionfruit Pulp",
      "brand": "Creative Gourmet",
      "price": 2.82,
      "orgPrice": 5.65,
      "categoryIds": ["freezer"],
      "imagePath": "https://shop.coles.com.au/wcsstore/Coles-CAS/images/3/5/7/3573047.jpg",
      "cupPrice": "$9.40 per 1kg",
      "unit": "ea",
      "packageSize": "300g",
      "barcode": ["9344372004619"],
      "isAvailable": true
    },
    {
      "id": "c3573070p-9344372004626",
      "store": "coles",
      "name": "Frozen Pink Dragonfruit Chunks",
      "brand": "Creative Gourmet",
      "price": 2.82,
      "orgPrice": 5.65,
      "categoryIds": ["freezer"],
      "imagePath": "https://shop.coles.com.au/wcsstore/Coles-CAS/images/3/5/7/3573070.jpg",
      "cupPrice": "$9.40 per 1kg",
      "unit": "ea",
      "packageSize": "300g",
      "barcode": ["9344372004626"],
      "isAvailable": true
    },
    {
      "id": "c2719974p-9310213540899",
      "store": "coles",
      "name": "Frozen Hot & Spicy Chicken Breast Tenders",
      "brand": "Steggles",
      "price": 3.97,
      "orgPrice": 7.95,
      "categoryIds": ["freezer"],
      "imagePath": "https://shop.coles.com.au/wcsstore/Coles-CAS/images/2/7/1/2719974.jpg",
      "cupPrice": "$9.93 per 1kg",
      "unit": "ea",
      "packageSize": "400g",
      "barcode": ["9310213540899", "400003131037", "9310213541360"],
      "isAvailable": true
    },
    {
      "id": "c3407310p",
      "store": "coles",
      "name": "Peanut Butter Chocolate Cones",
      "brand": "Reese's",
      "price": 4.25,
      "orgPrice": 8.5,
      "categoryIds": ["freezer"],
      "imagePath": "https://shop.coles.com.au/wcsstore/Coles-CAS/images/3/4/0/3407310.jpg",
      "cupPrice": "$0.90 per 100ml",
      "unit": "ea",
      "packageSize": "472ml",
      "barcode": null,
      "isAvailable": true
    },
    {
      "id": "c9513445p-8935239903919",
      "store": "coles",
      "name": "Frozen Prawn Hargow Dumplings 12 pack",
      "brand": "Mr Chen's",
      "price": 3.75,
      "orgPrice": 7.5,
      "categoryIds": ["freezer"],
      "imagePath": "https://shop.coles.com.au/wcsstore/Coles-CAS/images/9/5/1/9513445.jpg",
      "cupPrice": "$1.25 per 100g",
      "unit": "ea",
      "packageSize": "300g",
      "barcode": ["8935239903919", "8935121616590", "8935239904039"],
      "isAvailable": true
    },
    {
      "id": "c3407300p-9310161014558",
      "store": "coles",
      "name": "Frozen Cookies 'N' Cr\u00e8me Sticks",
      "brand": "Hershey's",
      "price": 4.25,
      "orgPrice": 8.5,
      "categoryIds": ["freezer"],
      "imagePath": "https://shop.coles.com.au/wcsstore/Coles-CAS/images/3/4/0/3407300.jpg",
      "cupPrice": "$0.90 per 100ml",
      "unit": "ea",
      "packageSize": "473ml",
      "barcode": ["9310161014558"],
      "isAvailable": true
    },
    {
      "id": "c3407274p-9310161014510",
      "store": "coles",
      "name": "Peanut Butter Chocolate Ice Cream Tub",
      "brand": "Reese's",
      "price": 4.25,
      "orgPrice": 8.5,
      "categoryIds": ["freezer"],
      "imagePath": "https://shop.coles.com.au/wcsstore/Coles-CAS/images/3/4/0/3407274.jpg",
      "cupPrice": "$0.90 per 100ml",
      "unit": "ea",
      "packageSize": "473ml",
      "barcode": ["9310161014510"],
      "isAvailable": true
    },
    {
      "id": "c3533993p-9350167000049",
      "store": "coles",
      "name": "Holy Meatballs Lean Beef",
      "brand": "Core Power Foods",
      "price": 4.5,
      "orgPrice": 9,
      "categoryIds": ["freezer"],
      "imagePath": "https://shop.coles.com.au/wcsstore/Coles-CAS/images/3/5/3/3533993.jpg",
      "cupPrice": "$1.29 per 100g",
      "unit": "ea",
      "packageSize": "350g",
      "barcode": ["9350167000049"],
      "isAvailable": true
    },
    {
      "id": "c3544446p-9347042002793",
      "store": "coles",
      "name": "Bush Honey & Nougat Gourmet Ice Cream Tub",
      "brand": "Connoisseur",
      "price": 5,
      "orgPrice": 10,
      "categoryIds": ["freezer"],
      "imagePath": "https://shop.coles.com.au/wcsstore/Coles-CAS/images/3/5/4/3544446.jpg",
      "cupPrice": "$1.06 per 100ml",
      "unit": "ea",
      "packageSize": "470ml",
      "barcode": ["9347042002793"],
      "isAvailable": true
    },
    {
      "id": "c3544945p-9310161014541",
      "store": "coles",
      "name": "Peanut Butter Chocolate Ice Cream Sticks 4 pack",
      "brand": "Reese's",
      "price": 4.25,
      "orgPrice": 8.5,
      "categoryIds": ["freezer"],
      "imagePath": "https://shop.coles.com.au/wcsstore/Coles-CAS/images/3/5/4/3544945.jpg",
      "cupPrice": "$1.18 per 100ml",
      "unit": "ea",
      "packageSize": "360ml",
      "barcode": ["9310161014541"],
      "isAvailable": true
    },
    {
      "id": "c3534001p-9350167000056",
      "store": "coles",
      "name": "Smokey Mountain Meatballs",
      "brand": "Core Power Foods",
      "price": 4.5,
      "orgPrice": 9,
      "categoryIds": ["freezer"],
      "imagePath": "https://shop.coles.com.au/wcsstore/Coles-CAS/images/3/5/3/3534001.jpg",
      "cupPrice": "$1.29 per 100g",
      "unit": "ea",
      "packageSize": "350g",
      "barcode": ["9350167000056"],
      "isAvailable": true
    },
    {
      "id": "c3533949p-9350167000018",
      "store": "coles",
      "name": "Crunchy Satay Chicken",
      "brand": "Core Power Foods",
      "price": 4.5,
      "orgPrice": 9,
      "categoryIds": ["freezer"],
      "imagePath": "https://shop.coles.com.au/wcsstore/Coles-CAS/images/3/5/3/3533949.jpg",
      "cupPrice": "$1.29 per 100g",
      "unit": "ea",
      "packageSize": "350g",
      "barcode": ["9350167000018"],
      "isAvailable": true
    },
    {
      "id": "c2508550p-8935239903933",
      "store": "coles",
      "name": "Frozen Ginger Prawn Dumpling 8 pack",
      "brand": "Mr Chen's",
      "price": 3.75,
      "orgPrice": 7.5,
      "categoryIds": ["freezer"],
      "imagePath": "https://shop.coles.com.au/wcsstore/Coles-CAS/images/2/5/0/2508550.jpg",
      "cupPrice": "$1.56 per 100g",
      "unit": "ea",
      "packageSize": "240g",
      "barcode": ["8935239903933", "8935239904053", "8935121616873"],
      "isAvailable": true
    },
    {
      "id": "c3533938p-9350167000063",
      "store": "coles",
      "name": "Deep South Beef Chilli",
      "brand": "Core Power Foods",
      "price": 4.5,
      "orgPrice": 9,
      "categoryIds": ["freezer"],
      "imagePath": "https://shop.coles.com.au/wcsstore/Coles-CAS/images/3/5/3/3533938.jpg",
      "cupPrice": "$1.29 per 100g",
      "unit": "ea",
      "packageSize": "350g",
      "barcode": ["9350167000063"],
      "isAvailable": true
    },
    {
      "id": "c3697017p-9310161015401",
      "store": "coles",
      "name": "Murray St Caramelised Peanut Brittle Ice Cream Tub",
      "brand": "Bulla",
      "price": 5,
      "orgPrice": 10,
      "categoryIds": ["freezer"],
      "imagePath": "https://shop.coles.com.au/wcsstore/Coles-CAS/images/3/6/9/3697017.jpg",
      "cupPrice": "$1.09 per 100ml",
      "unit": "ea",
      "packageSize": "460ml",
      "barcode": ["9310161015401"],
      "isAvailable": true
    },
    {
      "id": "c3533927p-9350167000001",
      "store": "coles",
      "name": "Portuguese-Style Chicken",
      "brand": "Core Power Foods",
      "price": 4.5,
      "orgPrice": 9,
      "categoryIds": ["freezer"],
      "imagePath": "https://shop.coles.com.au/wcsstore/Coles-CAS/images/3/5/3/3533927.jpg",
      "cupPrice": "$1.29 per 100g",
      "unit": "ea",
      "packageSize": "350g",
      "barcode": ["9350167000001"],
      "isAvailable": true
    },
    {
      "id": "c3697083p-9310161015517",
      "store": "coles",
      "name": "Murray St Vanilla Bean & Chocolate Almonds Ice cream Sticks 4 Pack",
      "brand": "Bulla",
      "price": 5,
      "orgPrice": 10,
      "categoryIds": ["freezer"],
      "imagePath": "https://shop.coles.com.au/wcsstore/Coles-CAS/images/3/6/9/3697083.jpg",
      "cupPrice": "$1.25 per 100ml",
      "unit": "ea",
      "packageSize": "400ml",
      "barcode": ["9310161015517"],
      "isAvailable": true
    },
    {
      "id": "c3697040p-9310161015487",
      "store": "coles",
      "name": "Murray St Caramel Maple Macadamia Ice Cream Sticks 4 pack",
      "brand": "Bulla",
      "price": 5,
      "orgPrice": 10,
      "categoryIds": ["freezer"],
      "imagePath": "https://shop.coles.com.au/wcsstore/Coles-CAS/images/3/6/9/3697040.jpg",
      "cupPrice": "$1.25 per 100ml",
      "unit": "ea",
      "packageSize": "400ml",
      "barcode": ["9310161015487"],
      "isAvailable": true
    },
    {
      "id": "c3697006p-9310161015395",
      "store": "coles",
      "name": "Murray St Vanilla Bean & Chocolate Almond Ice Cream Tub",
      "brand": "Bulla",
      "price": 5,
      "orgPrice": 10,
      "categoryIds": ["freezer"],
      "imagePath": "https://shop.coles.com.au/wcsstore/Coles-CAS/images/3/6/9/3697006.jpg",
      "cupPrice": "$1.09 per 100ml",
      "unit": "ea",
      "packageSize": "460ml",
      "barcode": ["9310161015395"],
      "isAvailable": true
    },
    {
      "id": "c9513467p-8935239904022",
      "store": "coles",
      "name": "Frozen Steam Selection Dumplings 9 pack",
      "brand": "Mr Chen's",
      "price": 3.75,
      "orgPrice": 7.5,
      "categoryIds": ["freezer"],
      "imagePath": "https://shop.coles.com.au/wcsstore/Coles-CAS/images/9/5/1/9513467.jpg",
      "cupPrice": "$1.56 per 100g",
      "unit": "ea",
      "packageSize": "240g",
      "barcode": ["8935239904022", "8935121616552"],
      "isAvailable": true
    },
    {
      "id": "c3693887p-9350167040052",
      "store": "coles",
      "name": "Smokey BBQ Chicken Pizza",
      "brand": "Core Powerfoods",
      "price": 4.5,
      "orgPrice": 9,
      "categoryIds": ["freezer"],
      "imagePath": "https://shop.coles.com.au/wcsstore/Coles-CAS/images/3/6/9/3693887.jpg",
      "cupPrice": "$1.50 per 100g",
      "unit": "ea",
      "packageSize": "300g",
      "barcode": ["9350167040052"],
      "isAvailable": true
    },
    {
      "id": "c3051405p-8935239904077",
      "store": "coles",
      "name": "Frozen Steamed Prawn Roll 5 pack",
      "brand": "Mr.Chen's",
      "price": 3.75,
      "orgPrice": 7.5,
      "categoryIds": ["freezer"],
      "imagePath": "https://shop.coles.com.au/wcsstore/Coles-CAS/images/3/0/5/3051405.jpg",
      "cupPrice": "$1.25 per 100g",
      "unit": "ea",
      "packageSize": "300g",
      "barcode": ["8935239904077"],
      "isAvailable": true
    },
    {
      "id": "c3542327p-9350167000100",
      "store": "coles",
      "name": "Red Thai Style Curry",
      "brand": "Core Power Foods",
      "price": 4.5,
      "orgPrice": 9,
      "categoryIds": ["freezer"],
      "imagePath": "https://shop.coles.com.au/wcsstore/Coles-CAS/images/3/5/4/3542327.jpg",
      "cupPrice": "$1.36 per 100g",
      "unit": "ea",
      "packageSize": "330g",
      "barcode": ["9350167000100"],
      "isAvailable": true
    },
    {
      "id": "c9117200p-041570081013",
      "store": "coles",
      "name": "Almond Breeze Unsweetened Almond Milk",
      "brand": "Blue Diamond",
      "price": 1.25,
      "orgPrice": null,
      "categoryIds": ["drinks"],
      "imagePath": "https://shop.coles.com.au/wcsstore/Coles-CAS/images/9/1/1/9117200.jpg",
      "cupPrice": "$1.25 per 1l",
      "unit": "ea",
      "packageSize": "1l",
      "barcode": ["041570081013"],
      "isAvailable": true
    },
    {
      "id": "c1262363p-9312231231032",
      "store": "coles",
      "name": "Gluten Free Organic Coco Quench Unsweetened Coconut Milk",
      "brand": "Pureharvest",
      "price": 1.75,
      "orgPrice": 3.5,
      "categoryIds": ["health-beauty", "drinks"],
      "imagePath": "https://shop.coles.com.au/wcsstore/Coles-CAS/images/1/2/6/1262363.jpg",
      "cupPrice": "$1.75 per 1l",
      "unit": "ea",
      "packageSize": "1l",
      "barcode": ["9312231231032"],
      "isAvailable": true
    },
    {
      "id": "c6684146p-9312231222023",
      "store": "coles",
      "name": "Organic Long Life Oat Milk",
      "brand": "Pureharvest",
      "price": 1.4,
      "orgPrice": 2.8,
      "categoryIds": ["health-beauty", "drinks"],
      "imagePath": "https://shop.coles.com.au/wcsstore/Coles-CAS/images/6/6/8/6684146.jpg",
      "cupPrice": "$1.40 per 1l",
      "unit": "ea",
      "packageSize": "1l",
      "barcode": ["9312231222023"],
      "isAvailable": true
    },
    {
      "id": "c1274828p-041570108918",
      "store": "coles",
      "name": "Almond Breeze Vanilla Flavoured Unsweetened Almond Milk",
      "brand": "Blue Diamond",
      "price": 1.35,
      "orgPrice": null,
      "categoryIds": ["health-beauty", "drinks"],
      "imagePath": "https://shop.coles.com.au/wcsstore/Coles-CAS/images/1/2/7/1274828.jpg",
      "cupPrice": "$1.35 per 1l",
      "unit": "ea",
      "packageSize": "1l",
      "barcode": ["041570108918"],
      "isAvailable": true
    },
    {
      "id": "c2528320p-9300644704076",
      "store": "coles",
      "name": "V8 Healthy Greens Juice",
      "brand": "Campbell's",
      "price": 2.5,
      "orgPrice": 5,
      "categoryIds": ["drinks"],
      "imagePath": "https://shop.coles.com.au/wcsstore/Coles-CAS/images/2/5/2/2528320.jpg",
      "cupPrice": "$2.00 per 1l",
      "unit": "ea",
      "packageSize": "1.25l",
      "barcode": ["9300644704076"],
      "isAvailable": true
    },
    {
      "id": "c3179646p-400003357574",
      "store": "coles",
      "name": "Almond Breeze Chocolate Flavoured Almond Milk",
      "brand": "Blue Diamond",
      "price": 1.35,
      "orgPrice": 2.7,
      "categoryIds": ["drinks"],
      "imagePath": "https://shop.coles.com.au/wcsstore/Coles-CAS/images/3/1/7/3179646.jpg",
      "cupPrice": "$1.35 per 1l",
      "unit": "ea",
      "packageSize": "1l",
      "barcode": ["400003357574", "041570080856"],
      "isAvailable": true
    },
    {
      "id": "c2528342p-9300644704090",
      "store": "coles",
      "name": "V8 Purple Power Juice",
      "brand": "Campbell's",
      "price": 2.5,
      "orgPrice": 5,
      "categoryIds": ["drinks"],
      "imagePath": "https://shop.coles.com.au/wcsstore/Coles-CAS/images/2/5/2/2528342.jpg",
      "cupPrice": "$2.00 per 1l",
      "unit": "ea",
      "packageSize": "1.25l",
      "barcode": ["9300644704090"],
      "isAvailable": true
    },
    {
      "id": "c3447621p-9300644704793",
      "store": "coles",
      "name": "V8 Power Blend Rainbow Burst Juice",
      "brand": "Campbell's",
      "price": 2.5,
      "orgPrice": 5,
      "categoryIds": ["drinks"],
      "imagePath": "https://shop.coles.com.au/wcsstore/Coles-CAS/images/3/4/4/3447621.jpg",
      "cupPrice": "$2.00 per 1l",
      "unit": "ea",
      "packageSize": "1.25l",
      "barcode": ["9300644704793"],
      "isAvailable": true
    },
    {
      "id": "c2528331p-9300644704083",
      "store": "coles",
      "name": "V8 Orange Kick Juice",
      "brand": "Campbell's",
      "price": 2.5,
      "orgPrice": 5,
      "categoryIds": ["drinks"],
      "imagePath": "https://shop.coles.com.au/wcsstore/Coles-CAS/images/2/5/2/2528331.jpg",
      "cupPrice": "$2.00 per 1l",
      "unit": "ea",
      "packageSize": "1.25l",
      "barcode": ["9300644704083"],
      "isAvailable": true
    },
    {
      "id": "c3447585p-9300644704786",
      "store": "coles",
      "name": "V8 Power Blend Mighty Peach Juice",
      "brand": "Campbell's",
      "price": 2.5,
      "orgPrice": 5,
      "categoryIds": ["drinks"],
      "imagePath": "https://shop.coles.com.au/wcsstore/Coles-CAS/images/3/4/4/3447585.jpg",
      "cupPrice": "$2.00 per 1l",
      "unit": "ea",
      "packageSize": "1.25l",
      "barcode": ["9300644704786"],
      "isAvailable": true
    },
    {
      "id": "c1828409p-9337314000152",
      "store": "coles",
      "name": "Sparkling Mineral Water",
      "brand": "Yaru",
      "price": 1.4,
      "orgPrice": 2.8,
      "categoryIds": ["drinks"],
      "imagePath": "https://shop.coles.com.au/wcsstore/Coles-CAS/images/1/8/2/1828409.jpg",
      "cupPrice": "$1.40 per 1l",
      "unit": "ea",
      "packageSize": "1l",
      "barcode": ["9337314000152"],
      "isAvailable": true
    },
    {
      "id": "c1949094p-9312231178269",
      "store": "coles",
      "name": "Organic Hazel Quench Hazelnut Coconut Milk",
      "brand": "Pure Harvest",
      "price": 1.8,
      "orgPrice": 3.6,
      "categoryIds": ["health-beauty", "drinks"],
      "imagePath": "https://shop.coles.com.au/wcsstore/Coles-CAS/images/1/9/4/1949094.jpg",
      "cupPrice": "$1.80 per 1l",
      "unit": "ea",
      "packageSize": "1l",
      "barcode": ["9312231178269", "9312231108266"],
      "isAvailable": true
    },
    {
      "id": "c1828410p-9337314000145",
      "store": "coles",
      "name": "Still Mineral Water",
      "brand": "Yaru",
      "price": 1.4,
      "orgPrice": 2.8,
      "categoryIds": ["drinks"],
      "imagePath": "https://shop.coles.com.au/wcsstore/Coles-CAS/images/1/8/2/1828410.jpg",
      "cupPrice": "$1.40 per 1l",
      "unit": "ea",
      "packageSize": "1l",
      "barcode": ["9337314000145"],
      "isAvailable": true
    },
    {
      "id": "c3515222p-8000070029910",
      "store": "coles",
      "name": "Qualita ORO Mountain Grown Ground Coffee",
      "brand": "Lavazza",
      "price": 8,
      "orgPrice": 16,
      "categoryIds": ["drinks"],
      "imagePath": "https://shop.coles.com.au/wcsstore/Coles-CAS/images/3/5/1/3515222.jpg",
      "cupPrice": "$1.60 per 100g",
      "unit": "ea",
      "packageSize": "500g",
      "barcode": ["8000070029910"],
      "isAvailable": true
    },
    {
      "id": "c3265282p-9310645243153",
      "store": "coles",
      "name": "Indian Daal Makhani",
      "brand": "Coles",
      "price": 1.5,
      "orgPrice": 3,
      "categoryIds": ["international-foods"],
      "imagePath": "https://shop.coles.com.au/wcsstore/Coles-CAS/images/3/2/6/3265282.jpg",
      "cupPrice": "$0.50 per 100g",
      "unit": "ea",
      "packageSize": "300g",
      "barcode": ["9310645243153"],
      "isAvailable": true
    },
    {
      "id": "c3265250p-9310645243177",
      "store": "coles",
      "name": "Indian Chana Masala",
      "brand": "Coles",
      "price": 1.5,
      "orgPrice": 3,
      "categoryIds": ["international-foods"],
      "imagePath": "https://shop.coles.com.au/wcsstore/Coles-CAS/images/3/2/6/3265250.jpg",
      "cupPrice": "$0.50 per 100g",
      "unit": "ea",
      "packageSize": "300g",
      "barcode": ["9310645243177"],
      "isAvailable": true
    },
    {
      "id": "c8097221p-9314807022846",
      "store": "coles",
      "name": "Kids Smart Vita Gummies Multivitamin Pastilles",
      "brand": "Nature's Way",
      "price": 13,
      "orgPrice": 26,
      "categoryIds": ["health-beauty"],
      "imagePath": "https://shop.coles.com.au/wcsstore/Coles-CAS/images/8/0/9/8097221.jpg",
      "cupPrice": "$10.83 per 100ea",
      "unit": "ea",
      "packageSize": "120 pack",
      "barcode": ["9314807022846"],
      "isAvailable": true
    },
    {
      "id": "c1279129p-9314807025458",
      "store": "coles",
      "name": "Kids Smart Probiotic 50 Milk Chocolate Balls",
      "brand": "Nature's Way",
      "price": 8,
      "orgPrice": 16,
      "categoryIds": ["health-beauty"],
      "imagePath": "https://shop.coles.com.au/wcsstore/Coles-CAS/images/1/2/7/1279129.jpg",
      "cupPrice": "$6.40 per 100g",
      "unit": "ea",
      "packageSize": "125g",
      "barcode": ["9314807025458"],
      "isAvailable": true
    },
    {
      "id": "c8098927p-9311770589246",
      "store": "coles",
      "name": "Ultiboost Vitamin D Capsules",
      "brand": "Swisse",
      "price": 13,
      "orgPrice": 26,
      "categoryIds": ["health-beauty"],
      "imagePath": "https://shop.coles.com.au/wcsstore/Coles-CAS/images/8/0/9/8098927.jpg",
      "cupPrice": "$5.20 per 100ea",
      "unit": "ea",
      "packageSize": "250 pack",
      "barcode": ["9311770589246"],
      "isAvailable": true
    },
    {
      "id": "c2869456p",
      "store": "coles",
      "name": "High Strength C",
      "brand": "Swisse",
      "price": 20,
      "orgPrice": 40,
      "categoryIds": ["health-beauty"],
      "imagePath": "https://shop.coles.com.au/wcsstore/Coles-CAS/images/2/8/6/2869456.jpg",
      "cupPrice": "$0.13 per 1ea",
      "unit": "ea",
      "packageSize": "150 pack",
      "barcode": null,
      "isAvailable": true
    },
    {
      "id": "c6280464p-93388139",
      "store": "coles",
      "name": "Men's Ultivite Multi Vitamin Tablets",
      "brand": "Swisse",
      "price": 14.5,
      "orgPrice": 29,
      "categoryIds": ["health-beauty"],
      "imagePath": "https://shop.coles.com.au/wcsstore/Coles-CAS/images/6/2/8/6280464.jpg",
      "cupPrice": "$24.17 per 100ea",
      "unit": "ea",
      "packageSize": "60 pack",
      "barcode": ["93388139"],
      "isAvailable": true
    },
    {
      "id": "c9120329p-9311770589666",
      "store": "coles",
      "name": "Ultiboost Zinc+ Tablets",
      "brand": "Swisse",
      "price": 8.1,
      "orgPrice": 16.2,
      "categoryIds": ["health-beauty"],
      "imagePath": "https://shop.coles.com.au/wcsstore/Coles-CAS/images/9/1/2/9120329.jpg",
      "cupPrice": "$13.50 per 100ea",
      "unit": "ea",
      "packageSize": "60 pack",
      "barcode": ["9311770589666"],
      "isAvailable": true
    },
    {
      "id": "c6280475p-93454117",
      "store": "coles",
      "name": "Ultivite Women's Formula 1 Multi Vitamins",
      "brand": "Swisse",
      "price": 14.5,
      "orgPrice": 29,
      "categoryIds": ["health-beauty"],
      "imagePath": "https://shop.coles.com.au/wcsstore/Coles-CAS/images/6/2/8/6280475.jpg",
      "cupPrice": "$24.17 per 100ea",
      "unit": "ea",
      "packageSize": "60 pack",
      "barcode": ["93454117"],
      "isAvailable": true
    },
    {
      "id": "c3279505p-9314807062354",
      "store": "coles",
      "name": "Kids Smart Vita Gummies Multi-Vitamin",
      "brand": "Nature's Way",
      "price": 10,
      "orgPrice": 20,
      "categoryIds": ["health-beauty"],
      "imagePath": "https://shop.coles.com.au/wcsstore/Coles-CAS/images/3/2/7/3279505.jpg",
      "cupPrice": "$13.33 per 100ea",
      "unit": "ea",
      "packageSize": "75 pack",
      "barcode": ["9314807062354"],
      "isAvailable": true
    },
    {
      "id": "c3412401p-8437015910994",
      "store": "coles",
      "name": "Organic Unfiltered Raspberry Vinegar",
      "brand": "Ecovinal",
      "price": 3.8,
      "orgPrice": 7.6,
      "categoryIds": ["health-beauty"],
      "imagePath": "https://shop.coles.com.au/wcsstore/Coles-CAS/images/3/4/1/3412401.jpg",
      "cupPrice": "$0.76 per 100ml",
      "unit": "ea",
      "packageSize": "500ml",
      "barcode": ["8437015910994"],
      "isAvailable": true
    },
    {
      "id": "c3470430p-9314807066178",
      "store": "coles",
      "name": "Kid Smart Multivitamin + Probiotic Strawberry Flavour 50 Chewable Tablets",
      "brand": "Nature's Way",
      "price": 9.5,
      "orgPrice": 19,
      "categoryIds": ["health-beauty"],
      "imagePath": "https://shop.coles.com.au/wcsstore/Coles-CAS/images/3/4/7/3470430.jpg",
      "cupPrice": "$9.50 per 1ea",
      "unit": "ea",
      "packageSize": "1 pack",
      "barcode": ["9314807066178"],
      "isAvailable": true
    },
    {
      "id": "c3470441p-9314807062804",
      "store": "coles",
      "name": "Sugar Kids Smart Free Vita Gummies Probiotics",
      "brand": "Nature's Way",
      "price": 10,
      "orgPrice": 20,
      "categoryIds": ["health-beauty"],
      "imagePath": "https://shop.coles.com.au/wcsstore/Coles-CAS/images/3/4/7/3470441.jpg",
      "cupPrice": "$0.15 per 1ea",
      "unit": "ea",
      "packageSize": "65 pack",
      "barcode": ["9314807062804"],
      "isAvailable": true
    },
    {
      "id": "c2869489p-9311770592550",
      "store": "coles",
      "name": "High Strength Organic Spirulina Tablets",
      "brand": "Swisse",
      "price": 24,
      "orgPrice": 48,
      "categoryIds": ["health-beauty"],
      "imagePath": "https://shop.coles.com.au/wcsstore/Coles-CAS/images/2/8/6/2869489.jpg",
      "cupPrice": "$12.00 per 100ea",
      "unit": "ea",
      "packageSize": "200 pack",
      "barcode": ["9311770592550"],
      "isAvailable": true
    },
    {
      "id": "c3411318p-845561001345",
      "store": "coles",
      "name": "Gluten Free Chipotle Bowl With Black Beans Meal",
      "brand": "Loma Linda",
      "price": 2.5,
      "orgPrice": 5,
      "categoryIds": ["health-beauty"],
      "imagePath": "https://shop.coles.com.au/wcsstore/Coles-CAS/images/3/4/1/3411318.jpg",
      "cupPrice": "$0.88 per 100g",
      "unit": "ea",
      "packageSize": "285g",
      "barcode": ["845561001345"],
      "isAvailable": true
    },
    {
      "id": "c3411329p-845561001499",
      "store": "coles",
      "name": "Gluten Free Thai Green Curry With Chik'N And Rice",
      "brand": "Loma Linda",
      "price": 2.5,
      "orgPrice": 5,
      "categoryIds": ["health-beauty"],
      "imagePath": "https://shop.coles.com.au/wcsstore/Coles-CAS/images/3/4/1/3411329.jpg",
      "cupPrice": "$0.88 per 100g",
      "unit": "ea",
      "packageSize": "285g",
      "barcode": ["845561001499"],
      "isAvailable": true
    },
    {
      "id": "c8152068p-9300830001101",
      "store": "coles",
      "name": "Triple Moisturising Body Wash",
      "brand": "Dove",
      "price": 6.85,
      "orgPrice": 13.7,
      "categoryIds": ["health-beauty"],
      "imagePath": "https://shop.coles.com.au/wcsstore/Coles-CAS/images/8/1/5/8152068.jpg",
      "cupPrice": "$0.69 per 100ml",
      "unit": "ea",
      "packageSize": "1l",
      "barcode": ["9300830001101", "6902088324112"],
      "isAvailable": true
    },
    {
      "id": "c8617230p-400003259427",
      "store": "coles",
      "name": "Whitening & Tartar Control Toothpaste",
      "brand": "Colgate",
      "price": 3.5,
      "orgPrice": 7,
      "categoryIds": ["health-beauty"],
      "imagePath": "https://shop.coles.com.au/wcsstore/Coles-CAS/images/8/6/1/8617230.jpg",
      "cupPrice": "$1.84 per 100g",
      "unit": "ea",
      "packageSize": "190g",
      "barcode": ["400003259427", "8850006327517"],
      "isAvailable": true
    },
    {
      "id": "c3516848p-9327693000485",
      "store": "coles",
      "name": "Signature Cleansing Hand Wash",
      "brand": "Sukin",
      "price": 8.97,
      "orgPrice": 17.95,
      "categoryIds": ["health-beauty"],
      "imagePath": "https://shop.coles.com.au/wcsstore/Coles-CAS/images/3/5/1/3516848.jpg",
      "cupPrice": "$8.97 per 1l",
      "unit": "ea",
      "packageSize": "1l",
      "barcode": ["9327693000485"],
      "isAvailable": true
    },
    {
      "id": "c3516724p-9327693000140",
      "store": "coles",
      "name": "Signature Cleansing Hand Wash",
      "brand": "Sukin",
      "price": 4.97,
      "orgPrice": 9.95,
      "categoryIds": ["health-beauty"],
      "imagePath": "https://shop.coles.com.au/wcsstore/Coles-CAS/images/3/5/1/3516724.jpg",
      "cupPrice": "$0.99 per 100ml",
      "unit": "ea",
      "packageSize": "500ml",
      "barcode": ["9327693000140", "9327693007170"],
      "isAvailable": true
    },
    {
      "id": "c3660811p-9300830056361",
      "store": "coles",
      "name": "Men Advanced Protection Sport Deodorant",
      "brand": "Rexona",
      "price": 3.75,
      "orgPrice": 7.5,
      "categoryIds": ["health-beauty"],
      "imagePath": "https://shop.coles.com.au/wcsstore/Coles-CAS/images/3/6/6/3660811.jpg",
      "cupPrice": "$1.70 per 100ml",
      "unit": "ea",
      "packageSize": "220ml",
      "barcode": ["9300830056361", "9300830056491"],
      "isAvailable": true
    },
    {
      "id": "c8617194p-8850006327487",
      "store": "coles",
      "name": "Max Fresh Cool Mint Toothpaste",
      "brand": "Colgate",
      "price": 3.5,
      "orgPrice": 7,
      "categoryIds": ["health-beauty"],
      "imagePath": "https://shop.coles.com.au/wcsstore/Coles-CAS/images/8/6/1/8617194.jpg",
      "cupPrice": "$1.84 per 100g",
      "unit": "ea",
      "packageSize": "190g",
      "barcode": ["8850006327487", "400003259366"],
      "isAvailable": true
    },
    {
      "id": "c5492398p-9314807018375",
      "store": "coles",
      "name": "Sorbolene Moisturiser with Vitamin E",
      "brand": "Redwin",
      "price": 3.12,
      "orgPrice": 6.25,
      "categoryIds": ["health-beauty"],
      "imagePath": "https://shop.coles.com.au/wcsstore/Coles-CAS/images/5/4/9/5492398.jpg",
      "cupPrice": "$0.31 per 100ml",
      "unit": "ea",
      "packageSize": "1l",
      "barcode": ["9314807018375", "9314094000961", "9314807018504"],
      "isAvailable": true
    },
    {
      "id": "c9811272p-9314094010205",
      "store": "coles",
      "name": "Extra Sensitive Body Wash",
      "brand": "Redwin",
      "price": 6,
      "orgPrice": 12,
      "categoryIds": ["health-beauty"],
      "imagePath": "https://shop.coles.com.au/wcsstore/Coles-CAS/images/9/8/1/9811272.jpg",
      "cupPrice": "$0.60 per 100ml",
      "unit": "ea",
      "packageSize": "1l",
      "barcode": ["9314094010205", "9314807018573"],
      "isAvailable": true
    },
    {
      "id": "c3660866p-9300830056422",
      "store": "coles",
      "name": "Women's Antiperspirant Aerosol Advanced Bright Bouquet Deodorant",
      "brand": "Rexona",
      "price": 3.75,
      "orgPrice": 7.5,
      "categoryIds": ["health-beauty"],
      "imagePath": "https://shop.coles.com.au/wcsstore/Coles-CAS/images/3/6/6/3660866.jpg",
      "cupPrice": "$1.70 per 100ml",
      "unit": "ea",
      "packageSize": "220ml",
      "barcode": ["9300830056422"],
      "isAvailable": true
    },
    {
      "id": "c2994050p-9327693000225",
      "store": "coles",
      "name": "Signature Botanical Body Wash",
      "brand": "Sukin",
      "price": 8.97,
      "orgPrice": 17.95,
      "categoryIds": ["health-beauty"],
      "imagePath": "https://shop.coles.com.au/wcsstore/Coles-CAS/images/2/9/9/2994050.jpg",
      "cupPrice": "$8.97 per 1l",
      "unit": "ea",
      "packageSize": "1l",
      "barcode": ["9327693000225"],
      "isAvailable": true
    },
    {
      "id": "c3552149p-9327693008412",
      "store": "coles",
      "name": "Lime & Coconut Cleansing Hand Wash",
      "brand": "Sukin",
      "price": 4.97,
      "orgPrice": 9.95,
      "categoryIds": ["health-beauty"],
      "imagePath": "https://shop.coles.com.au/wcsstore/Coles-CAS/images/3/5/5/3552149.jpg",
      "cupPrice": "$0.99 per 100ml",
      "unit": "ea",
      "packageSize": "500ml",
      "barcode": ["9327693008412", "9327693008436"],
      "isAvailable": true
    },
    {
      "id": "c3660822p-9300830056378",
      "store": "coles",
      "name": "Women Antiperspirant Aerosol Advanced Invisible Dry Pure Deodorant",
      "brand": "Rexona",
      "price": 3.75,
      "orgPrice": 7.5,
      "categoryIds": ["health-beauty"],
      "imagePath": "https://shop.coles.com.au/wcsstore/Coles-CAS/images/3/6/6/3660822.jpg",
      "cupPrice": "$1.70 per 100ml",
      "unit": "ea",
      "packageSize": "220ml",
      "barcode": ["9300830056378"],
      "isAvailable": true
    },
    {
      "id": "c3660913p-9300830056460",
      "store": "coles",
      "name": "Men Antiperspirant Aerosol Advanced Invisible Dry Black & White Deodorant",
      "brand": "Rexona",
      "price": 3.75,
      "orgPrice": 7.5,
      "categoryIds": ["health-beauty"],
      "imagePath": "https://shop.coles.com.au/wcsstore/Coles-CAS/images/3/6/6/3660913.jpg",
      "cupPrice": "$1.70 per 100ml",
      "unit": "ea",
      "packageSize": "220ml",
      "barcode": ["9300830056460"],
      "isAvailable": true
    },
    {
      "id": "c9218252p-9300830001194",
      "store": "coles",
      "name": "Nourishing Body Wash Fresh Touch",
      "brand": "Dove",
      "price": 6.85,
      "orgPrice": 13.7,
      "categoryIds": ["health-beauty"],
      "imagePath": "https://shop.coles.com.au/wcsstore/Coles-CAS/images/9/2/1/9218252.jpg",
      "cupPrice": "$0.69 per 100ml",
      "unit": "ea",
      "packageSize": "1l",
      "barcode": ["9300830001194"],
      "isAvailable": true
    },
    {
      "id": "c6519922p-7702018038275",
      "store": "coles",
      "name": "Venus Sensitive Disposable Razors",
      "brand": "Gillette",
      "price": 5,
      "orgPrice": 10,
      "categoryIds": ["health-beauty"],
      "imagePath": "https://shop.coles.com.au/wcsstore/Coles-CAS/images/6/5/1/6519922.jpg",
      "cupPrice": "$1.67 per 1ea",
      "unit": "ea",
      "packageSize": "3 pack",
      "barcode": ["7702018038275", "7702018963386"],
      "isAvailable": true
    },
    {
      "id": "c2994287p-9327693000317",
      "store": "coles",
      "name": "Foaming Facial Cleanser Pump",
      "brand": "Sukin",
      "price": 6.5,
      "orgPrice": 13,
      "categoryIds": ["health-beauty"],
      "imagePath": "https://shop.coles.com.au/wcsstore/Coles-CAS/images/2/9/9/2994287.jpg",
      "cupPrice": "$5.20 per 100ml",
      "unit": "ea",
      "packageSize": "125ml",
      "barcode": ["9327693000317"],
      "isAvailable": true
    },
    {
      "id": "c3154984p",
      "store": "coles",
      "name": "Hydrating Conditioner",
      "brand": "Sukin",
      "price": 14,
      "orgPrice": 28,
      "categoryIds": ["health-beauty"],
      "imagePath": "https://shop.coles.com.au/wcsstore/Coles-CAS/images/3/1/5/3154984.jpg",
      "cupPrice": "$1.40 per 100ml",
      "unit": "ea",
      "packageSize": "1l",
      "barcode": null,
      "isAvailable": true
    },
    {
      "id": "c3154940p",
      "store": "coles",
      "name": "Hydrating Shampoo",
      "brand": "Sukin",
      "price": 14,
      "orgPrice": 28,
      "categoryIds": ["health-beauty"],
      "imagePath": "https://shop.coles.com.au/wcsstore/Coles-CAS/images/3/1/5/3154940.jpg",
      "cupPrice": "$1.40 per 100ml",
      "unit": "ea",
      "packageSize": "1l",
      "barcode": null,
      "isAvailable": true
    },
    {
      "id": "c3660844p-9300830056415",
      "store": "coles",
      "name": "Women Anti Per spirant Advance Shower Fresh Deodorant",
      "brand": "Rexona",
      "price": 3.75,
      "orgPrice": 7.5,
      "categoryIds": ["health-beauty"],
      "imagePath": "https://shop.coles.com.au/wcsstore/Coles-CAS/images/3/6/6/3660844.jpg",
      "cupPrice": "$1.70 per 100ml",
      "unit": "ea",
      "packageSize": "220ml",
      "barcode": ["9300830056415"],
      "isAvailable": true
    },
    {
      "id": "c7124690p-7702018967612",
      "store": "coles",
      "name": "Venus ComfortGlide Razor Blades Refill White Tea",
      "brand": "Gillette",
      "price": 10,
      "orgPrice": 20,
      "categoryIds": ["health-beauty"],
      "imagePath": "https://shop.coles.com.au/wcsstore/Coles-CAS/images/7/1/2/7124690.jpg",
      "cupPrice": "$2.50 per 1ea",
      "unit": "ea",
      "packageSize": "4 pack",
      "barcode": ["7702018967612"],
      "isAvailable": true
    },
    {
      "id": "c6005700p-9300632069125",
      "store": "coles",
      "name": "360 Degree Value Pack Soft Toothbrush",
      "brand": "Colgate",
      "price": 4,
      "orgPrice": 8,
      "categoryIds": ["health-beauty"],
      "imagePath": "https://shop.coles.com.au/wcsstore/Coles-CAS/images/6/0/0/6005700.jpg",
      "cupPrice": "$2.00 per 1ea",
      "unit": "ea",
      "packageSize": "2 pack",
      "barcode": ["9300632069125"],
      "isAvailable": true
    },
    {
      "id": "c5398582p-9300632067091",
      "store": "coles",
      "name": "360 Degree Value Pack Medium Toothbrush",
      "brand": "Colgate",
      "price": 4,
      "orgPrice": 8,
      "categoryIds": ["health-beauty"],
      "imagePath": "https://shop.coles.com.au/wcsstore/Coles-CAS/images/5/3/9/5398582.jpg",
      "cupPrice": "$2.00 per 1ea",
      "unit": "ea",
      "packageSize": "2 pack",
      "barcode": ["9300632067091"],
      "isAvailable": true
    },
    {
      "id": "c3001236p-9300830040889",
      "store": "coles",
      "name": "Pear and Aloe Vera Body Wash",
      "brand": "Dove",
      "price": 6.85,
      "orgPrice": 13.7,
      "categoryIds": ["health-beauty"],
      "imagePath": "https://shop.coles.com.au/wcsstore/Coles-CAS/images/3/0/0/3001236.jpg",
      "cupPrice": "$0.69 per 100ml",
      "unit": "ea",
      "packageSize": "1l",
      "barcode": ["9300830040889"],
      "isAvailable": true
    },
    {
      "id": "c8766128p-9300627503702",
      "store": "coles",
      "name": "Blue II UltraGrip Pivot Disposable Shaving Razor",
      "brand": "Gillette",
      "price": 6.75,
      "orgPrice": 13.5,
      "categoryIds": ["health-beauty"],
      "imagePath": "https://shop.coles.com.au/wcsstore/Coles-CAS/images/8/7/6/8766128.jpg",
      "cupPrice": "$0.42 per 1ea",
      "unit": "ea",
      "packageSize": "16 pack",
      "barcode": ["9300627503702"],
      "isAvailable": true
    },
    {
      "id": "c2994119p-9327693006883",
      "store": "coles",
      "name": "Hydrating Shampoo",
      "brand": "Sukin",
      "price": 9,
      "orgPrice": 18,
      "categoryIds": ["health-beauty"],
      "imagePath": "https://shop.coles.com.au/wcsstore/Coles-CAS/images/2/9/9/2994119.jpg",
      "cupPrice": "$1.80 per 100ml",
      "unit": "ea",
      "packageSize": "500ml",
      "barcode": ["9327693006883"],
      "isAvailable": true
    },
    {
      "id": "c2994152p-9327693006890",
      "store": "coles",
      "name": "Hydrating Conditioner",
      "brand": "Sukin",
      "price": 9,
      "orgPrice": 18,
      "categoryIds": ["health-beauty"],
      "imagePath": "https://shop.coles.com.au/wcsstore/Coles-CAS/images/2/9/9/2994152.jpg",
      "cupPrice": "$1.80 per 100ml",
      "unit": "ea",
      "packageSize": "500ml",
      "barcode": ["9327693006890"],
      "isAvailable": true
    },
    {
      "id": "c3400592p-6920354823800",
      "store": "coles",
      "name": "Advanced Whitening Charcoal Toothpaste",
      "brand": "Colgate",
      "price": 3.5,
      "orgPrice": 7,
      "categoryIds": ["health-beauty"],
      "imagePath": "https://shop.coles.com.au/wcsstore/Coles-CAS/images/3/4/0/3400592.jpg",
      "cupPrice": "$2.06 per 100g",
      "unit": "ea",
      "packageSize": "170g",
      "barcode": ["6920354823800"],
      "isAvailable": true
    },
    {
      "id": "c3477000p-9327693007101",
      "store": "coles",
      "name": "Purely Ageless Restorative Night Cream",
      "brand": "Sukin",
      "price": 13,
      "orgPrice": 26,
      "categoryIds": ["health-beauty"],
      "imagePath": "https://shop.coles.com.au/wcsstore/Coles-CAS/images/3/4/7/3477000.jpg",
      "cupPrice": "$10.83 per 100ml",
      "unit": "ea",
      "packageSize": "120ml",
      "barcode": ["9327693007101"],
      "isAvailable": true
    },
    {
      "id": "c3660902p-9300830056453",
      "store": "coles",
      "name": "Men Aerosol Advanced Workout Antiperspirant Deodorant",
      "brand": "Rexona",
      "price": 3.75,
      "orgPrice": 7.5,
      "categoryIds": ["health-beauty"],
      "imagePath": "https://shop.coles.com.au/wcsstore/Coles-CAS/images/3/6/6/3660902.jpg",
      "cupPrice": "$1.70 per 100ml",
      "unit": "ea",
      "packageSize": "220ml",
      "barcode": ["9300830056453"],
      "isAvailable": true
    },
    {
      "id": "c3660797p-9300830056347",
      "store": "coles",
      "name": "Men Antiperspirant Aerosol Advanced Invisible Ice Fresh Deodorant",
      "brand": "Rexona",
      "price": 3.75,
      "orgPrice": 7.5,
      "categoryIds": ["health-beauty"],
      "imagePath": "https://shop.coles.com.au/wcsstore/Coles-CAS/images/3/6/6/3660797.jpg",
      "cupPrice": "$1.70 per 100ml",
      "unit": "ea",
      "packageSize": "220ml",
      "barcode": ["9300830056347"],
      "isAvailable": true
    },
    {
      "id": "c3154930p",
      "store": "coles",
      "name": "Natural Balance Shampoo",
      "brand": "Sukin",
      "price": 14,
      "orgPrice": 28,
      "categoryIds": ["health-beauty"],
      "imagePath": "https://shop.coles.com.au/wcsstore/Coles-CAS/images/3/1/5/3154930.jpg",
      "cupPrice": "$1.40 per 100ml",
      "unit": "ea",
      "packageSize": "1l",
      "barcode": null,
      "isAvailable": true
    },
    {
      "id": "c3660855p-9300830056408",
      "store": "coles",
      "name": "Men Antiperspirant Aerosol Advanced Turbo Deodorant",
      "brand": "Rexona",
      "price": 3.75,
      "orgPrice": 7.5,
      "categoryIds": ["health-beauty"],
      "imagePath": "https://shop.coles.com.au/wcsstore/Coles-CAS/images/3/6/6/3660855.jpg",
      "cupPrice": "$1.70 per 100ml",
      "unit": "ea",
      "packageSize": "220ml",
      "barcode": ["9300830056408"],
      "isAvailable": true
    },
    {
      "id": "c3812829p-9327693009365",
      "store": "coles",
      "name": "Antibacterial Hand Sanitiser Spray",
      "brand": "Sukin",
      "price": 4.97,
      "orgPrice": 9.95,
      "categoryIds": ["health-beauty"],
      "imagePath": "https://shop.coles.com.au/wcsstore/Coles-CAS/images/3/8/1/3812829.jpg",
      "cupPrice": "$3.98 per 100ml",
      "unit": "ea",
      "packageSize": "125ml",
      "barcode": ["9327693009365"],
      "isAvailable": true
    },
    {
      "id": "c7124646p-7702018967643",
      "store": "coles",
      "name": "Venus Spa Breeze 2 in 1 Disposable Shaving Razor & Gel Bars",
      "brand": "Gillette",
      "price": 4.5,
      "orgPrice": 9,
      "categoryIds": ["health-beauty"],
      "imagePath": "https://shop.coles.com.au/wcsstore/Coles-CAS/images/7/1/2/7124646.jpg",
      "cupPrice": "$2.25 per 1ea",
      "unit": "ea",
      "packageSize": "2 pack",
      "barcode": ["7702018967643"],
      "isAvailable": true
    },
    {
      "id": "c2994458p-9327693000294",
      "store": "coles",
      "name": "Facial Moisturiser Pump",
      "brand": "Sukin",
      "price": 6.5,
      "orgPrice": 13,
      "categoryIds": ["health-beauty"],
      "imagePath": "https://shop.coles.com.au/wcsstore/Coles-CAS/images/2/9/9/2994458.jpg",
      "cupPrice": "$5.20 per 100ml",
      "unit": "ea",
      "packageSize": "125ml",
      "barcode": ["9327693000294"],
      "isAvailable": true
    },
    {
      "id": "c3584134p-4902430873383",
      "store": "coles",
      "name": "Sensor 3 Comfort Disposable Razors",
      "brand": "Gillette",
      "price": 5.75,
      "orgPrice": 11.5,
      "categoryIds": ["health-beauty"],
      "imagePath": "https://shop.coles.com.au/wcsstore/Coles-CAS/images/3/5/8/3584134.jpg",
      "cupPrice": "$0.72 per 1ea",
      "unit": "ea",
      "packageSize": "8 pack",
      "barcode": ["4902430873383"],
      "isAvailable": true
    },
    {
      "id": "c3466058p-9300830050611",
      "store": "coles",
      "name": "Nourishing Secrets Restoring Coconut Body Wash",
      "brand": "Dove",
      "price": 6.85,
      "orgPrice": 13.7,
      "categoryIds": ["health-beauty"],
      "imagePath": "https://shop.coles.com.au/wcsstore/Coles-CAS/images/3/4/6/3466058.jpg",
      "cupPrice": "$6.85 per 1l",
      "unit": "ea",
      "packageSize": "1l",
      "barcode": ["9300830050611"],
      "isAvailable": true
    },
    {
      "id": "c2994618p-9327693000430",
      "store": "coles",
      "name": "Signature Botanical Body Wash",
      "brand": "Sukin",
      "price": 4.97,
      "orgPrice": 9.95,
      "categoryIds": ["health-beauty"],
      "imagePath": "https://shop.coles.com.au/wcsstore/Coles-CAS/images/2/9/9/2994618.jpg",
      "cupPrice": "$0.99 per 100ml",
      "unit": "ea",
      "packageSize": "500ml",
      "barcode": ["9327693000430"],
      "isAvailable": true
    },
    {
      "id": "c6124618p-047400141490",
      "store": "coles",
      "name": "Venus Satin Care Sensitive Skin Shaving Gel",
      "brand": "Gillette",
      "price": 3.6,
      "orgPrice": 7.2,
      "categoryIds": ["health-beauty"],
      "imagePath": "https://shop.coles.com.au/wcsstore/Coles-CAS/images/6/1/2/6124618.jpg",
      "cupPrice": "$1.85 per 100g",
      "unit": "ea",
      "packageSize": "195g",
      "barcode": ["047400141490", "3014260223007"],
      "isAvailable": true
    },
    {
      "id": "c9222318p-8711600804388",
      "store": "coles",
      "name": "Warm Vanilla Shea Butter Beauty Bar",
      "brand": "Dove",
      "price": 1.9,
      "orgPrice": null,
      "categoryIds": ["health-beauty"],
      "imagePath": "https://shop.coles.com.au/wcsstore/Coles-CAS/images/9/2/2/9222318.jpg",
      "cupPrice": "$0.95 per 100g",
      "unit": "ea",
      "packageSize": "2 pack",
      "barcode": ["8711600804388"],
      "isAvailable": true
    },
    {
      "id": "c3532200p-9327693007590",
      "store": "coles",
      "name": "Blemish Control Kit",
      "brand": "Sukin",
      "price": 15,
      "orgPrice": 30,
      "categoryIds": ["health-beauty"],
      "imagePath": "https://shop.coles.com.au/wcsstore/Coles-CAS/images/3/5/3/3532200.jpg",
      "cupPrice": "$15.00 per 1ea",
      "unit": "ea",
      "packageSize": "1 each",
      "barcode": ["9327693007590"],
      "isAvailable": true
    },
    {
      "id": "c3476947p-9327693007118",
      "store": "coles",
      "name": "Purely Ageless Rejuvenating Day Cream",
      "brand": "Sukin",
      "price": 13,
      "orgPrice": 26,
      "categoryIds": ["health-beauty"],
      "imagePath": "https://shop.coles.com.au/wcsstore/Coles-CAS/images/3/4/7/3476947.jpg",
      "cupPrice": "$10.83 per 100ml",
      "unit": "ea",
      "packageSize": "120ml",
      "barcode": ["9327693007118"],
      "isAvailable": true
    },
    {
      "id": "c3680499p-7509546652108",
      "store": "coles",
      "name": "Optic White Renewal Lasting Fresh",
      "brand": "Colgate",
      "price": 7.5,
      "orgPrice": 15,
      "categoryIds": ["health-beauty"],
      "imagePath": "https://shop.coles.com.au/wcsstore/Coles-CAS/images/3/6/8/3680499.jpg",
      "cupPrice": "$8.82 per 100g",
      "unit": "ea",
      "packageSize": "85g",
      "barcode": ["7509546652108"],
      "isAvailable": true
    },
    {
      "id": "c7231985p-9344329040561",
      "store": "coles",
      "name": "Paris Revitalift Night Cream",
      "brand": "L'Oreal",
      "price": 16.45,
      "orgPrice": 32.9,
      "categoryIds": ["health-beauty"],
      "imagePath": "https://shop.coles.com.au/wcsstore/Coles-CAS/images/7/2/3/7231985.jpg",
      "cupPrice": "$32.90 per 100ml",
      "unit": "ea",
      "packageSize": "50ml",
      "barcode": ["9344329040561", "9312825697497", "9312825554547"],
      "isAvailable": true
    },
    {
      "id": "c5588216p-3014260214692",
      "store": "coles",
      "name": "Series Shaving Gel Sensitive Skin",
      "brand": "Gillette",
      "price": 3.15,
      "orgPrice": 6.3,
      "categoryIds": ["health-beauty"],
      "imagePath": "https://shop.coles.com.au/wcsstore/Coles-CAS/images/5/5/8/5588216.jpg",
      "cupPrice": "$1.62 per 100g",
      "unit": "ea",
      "packageSize": "195g",
      "barcode": ["3014260214692", "047400154216", "047400130708"],
      "isAvailable": true
    },
    {
      "id": "c5004133p-8000700000012",
      "store": "coles",
      "name": "Beauty Soap Bar Regular 2 pack",
      "brand": "Dove",
      "price": 1.9,
      "orgPrice": null,
      "categoryIds": ["health-beauty"],
      "imagePath": "https://shop.coles.com.au/wcsstore/Coles-CAS/images/5/0/0/5004133.jpg",
      "cupPrice": "$0.95 per 100g",
      "unit": "ea",
      "packageSize": "200g",
      "barcode": [
        "8000700000012",
        "9300663434718",
        "9300663431090",
        "9300663423040",
        "9300663408726",
        "9300663278305",
        "8999999026387",
        "9300663451142"
      ],
      "isAvailable": true
    },
    {
      "id": "c3154973p",
      "store": "coles",
      "name": "Natural Balance Conditioner",
      "brand": "Sukin",
      "price": 14,
      "orgPrice": 28,
      "categoryIds": ["health-beauty"],
      "imagePath": "https://shop.coles.com.au/wcsstore/Coles-CAS/images/3/1/5/3154973.jpg",
      "cupPrice": "$1.40 per 100ml",
      "unit": "ea",
      "packageSize": "1l",
      "barcode": null,
      "isAvailable": true
    },
    {
      "id": "c3364003p-4800888207937",
      "store": "coles",
      "name": "Clinical Protection Antiperspirant Roll On Shower Clean",
      "brand": "Rexona",
      "price": 4,
      "orgPrice": 8,
      "categoryIds": ["health-beauty"],
      "imagePath": "https://shop.coles.com.au/wcsstore/Coles-CAS/images/3/3/6/3364003.jpg",
      "cupPrice": "$8.00 per 100ml",
      "unit": "ea",
      "packageSize": "50ml",
      "barcode": ["4800888207937"],
      "isAvailable": true
    },
    {
      "id": "c3693901p-7509546652528",
      "store": "coles",
      "name": "Optic White Renewal Vibrant Clean",
      "brand": "Colgate",
      "price": 7.5,
      "orgPrice": 15,
      "categoryIds": ["health-beauty"],
      "imagePath": "https://shop.coles.com.au/wcsstore/Coles-CAS/images/3/6/9/3693901.jpg",
      "cupPrice": "$8.82 per 100g",
      "unit": "ea",
      "packageSize": "85g",
      "barcode": ["7509546652528"],
      "isAvailable": true
    },
    {
      "id": "c7434949p-7702018945689",
      "store": "coles",
      "name": "Blue 3 Disposable Shaving Razor",
      "brand": "Gillette",
      "price": 4.25,
      "orgPrice": 8.5,
      "categoryIds": ["health-beauty"],
      "imagePath": "https://shop.coles.com.au/wcsstore/Coles-CAS/images/7/4/3/7434949.jpg",
      "cupPrice": "$0.53 per 1ea",
      "unit": "ea",
      "packageSize": "8 pack",
      "barcode": ["7702018945689"],
      "isAvailable": true
    },
    {
      "id": "c1161435p-3600522248873",
      "store": "coles",
      "name": "Revitalift Laser Antiaging Day Moisturiser",
      "brand": "L'Oreal",
      "price": 22.5,
      "orgPrice": 45,
      "categoryIds": ["health-beauty"],
      "imagePath": "https://shop.coles.com.au/wcsstore/Coles-CAS/images/1/1/6/1161435.jpg",
      "cupPrice": "$45.00 per 100ml",
      "unit": "ea",
      "packageSize": "50ml",
      "barcode": ["3600522248873", "9344329059020"],
      "isAvailable": true
    },
    {
      "id": "c9049530p-3014260262709",
      "store": "coles",
      "name": "Venus Shaving Blade Refill",
      "brand": "Gillette",
      "price": 7.75,
      "orgPrice": 15.5,
      "categoryIds": ["health-beauty"],
      "imagePath": "https://shop.coles.com.au/wcsstore/Coles-CAS/images/9/0/4/9049530.jpg",
      "cupPrice": "$1.94 per 1ea",
      "unit": "ea",
      "packageSize": "4 pack",
      "barcode": ["3014260262709"],
      "isAvailable": true
    },
    {
      "id": "c1685640p-9344329075310",
      "store": "coles",
      "name": "Revitalift Laser X3 Night Cream",
      "brand": "L'Oreal",
      "price": 22.5,
      "orgPrice": 45,
      "categoryIds": ["health-beauty"],
      "imagePath": "https://shop.coles.com.au/wcsstore/Coles-CAS/images/1/6/8/1685640.jpg",
      "cupPrice": "$45.00 per 100ml",
      "unit": "ea",
      "packageSize": "50ml",
      "barcode": ["9344329075310", "3600522480150"],
      "isAvailable": true
    },
    {
      "id": "c2994549p-9327693000539",
      "store": "coles",
      "name": "Antioxidant Eye Serum",
      "brand": "Sukin",
      "price": 10,
      "orgPrice": 20,
      "categoryIds": ["health-beauty"],
      "imagePath": "https://shop.coles.com.au/wcsstore/Coles-CAS/images/2/9/9/2994549.jpg",
      "cupPrice": "$33.33 per 100ml",
      "unit": "ea",
      "packageSize": "30ml",
      "barcode": ["9327693000539"],
      "isAvailable": true
    },
    {
      "id": "c3363995p-4800888207913",
      "store": "coles",
      "name": "Clinical Protection Summer Strength Antiperspirant Roll On",
      "brand": "Rexona",
      "price": 4,
      "orgPrice": 8,
      "categoryIds": ["health-beauty"],
      "imagePath": "https://shop.coles.com.au/wcsstore/Coles-CAS/images/3/3/6/3363995.jpg",
      "cupPrice": "$8.00 per 100ml",
      "unit": "ea",
      "packageSize": "50ml",
      "barcode": ["4800888207913"],
      "isAvailable": true
    },
    {
      "id": "c3454580p-9314807063061",
      "store": "coles",
      "name": "Kids Smart Strawberry Flavourer Chewable Iron Tablets",
      "brand": "Nature's Way",
      "price": 7.5,
      "orgPrice": 15,
      "categoryIds": ["health-beauty"],
      "imagePath": "https://shop.coles.com.au/wcsstore/Coles-CAS/images/3/4/5/3454580.jpg",
      "cupPrice": "$15.00 per 100ea",
      "unit": "ea",
      "packageSize": "50 pack",
      "barcode": ["9314807063061"],
      "isAvailable": true
    },
    {
      "id": "c3660899p-9300830056446",
      "store": "coles",
      "name": "Men Antiperspirant Aerosol Advanced Extra Cool Deodorant",
      "brand": "Rexona",
      "price": 3.75,
      "orgPrice": 7.5,
      "categoryIds": ["health-beauty"],
      "imagePath": "https://shop.coles.com.au/wcsstore/Coles-CAS/images/3/6/6/3660899.jpg",
      "cupPrice": "$1.70 per 100ml",
      "unit": "ea",
      "packageSize": "220ml",
      "barcode": ["9300830056446"],
      "isAvailable": true
    },
    {
      "id": "c7124679p-7702018967582",
      "store": "coles",
      "name": "Venus Comfortglide White Tea Razor",
      "brand": "Gillette",
      "price": 7.7,
      "orgPrice": 15.4,
      "categoryIds": ["health-beauty"],
      "imagePath": "https://shop.coles.com.au/wcsstore/Coles-CAS/images/7/1/2/7124679.jpg",
      "cupPrice": "$7.70 per 1ea",
      "unit": "ea",
      "packageSize": "1 pack",
      "barcode": ["7702018967582"],
      "isAvailable": true
    },
    {
      "id": "c6089030p-3061375110012",
      "store": "coles",
      "name": "Revitalift Day Cream",
      "brand": "L'Oreal",
      "price": 16.45,
      "orgPrice": 32.9,
      "categoryIds": ["health-beauty"],
      "imagePath": "https://shop.coles.com.au/wcsstore/Coles-CAS/images/6/0/8/6089030.jpg",
      "cupPrice": "$32.90 per 100ml",
      "unit": "ea",
      "packageSize": "50ml",
      "barcode": [
        "3061375110012",
        "9312825552628",
        "9312825697466",
        "9312825557180",
        "9344329040479"
      ],
      "isAvailable": true
    },
    {
      "id": "c2994108p-9327693006920",
      "store": "coles",
      "name": "Natural Balance Shampoo",
      "brand": "Sukin",
      "price": 9,
      "orgPrice": 18,
      "categoryIds": ["health-beauty"],
      "imagePath": "https://shop.coles.com.au/wcsstore/Coles-CAS/images/2/9/9/2994108.jpg",
      "cupPrice": "$1.80 per 100ml",
      "unit": "ea",
      "packageSize": "500ml",
      "barcode": ["9327693006920"],
      "isAvailable": true
    },
    {
      "id": "c3714331p-9327693008382",
      "store": "coles",
      "name": "Botanical Body Wash Pineapple & Coconut",
      "brand": "Sukin",
      "price": 4.97,
      "orgPrice": 9.95,
      "categoryIds": ["health-beauty"],
      "imagePath": "https://shop.coles.com.au/wcsstore/Coles-CAS/images/3/7/1/3714331.jpg",
      "cupPrice": "$0.99 per 100ml",
      "unit": "ea",
      "packageSize": "500ml",
      "barcode": ["9327693008382"],
      "isAvailable": true
    },
    {
      "id": "c8735930p-4902430373333",
      "store": "coles",
      "name": "Daisy Classic Shaving Razors",
      "brand": "Gillette",
      "price": 2.25,
      "orgPrice": 4.5,
      "categoryIds": ["health-beauty"],
      "imagePath": "https://shop.coles.com.au/wcsstore/Coles-CAS/images/8/7/3/8735930.jpg",
      "cupPrice": "$0.45 per 1ea",
      "unit": "ea",
      "packageSize": "5 pack",
      "barcode": [
        "4902430373333",
        "4902430373296",
        "7702018880010",
        "9300627503610"
      ],
      "isAvailable": true
    },
    {
      "id": "c2649278p-5012874248582",
      "store": "coles",
      "name": "Intimately Deodorant Body Spray",
      "brand": "Beckham",
      "price": 4,
      "orgPrice": 8,
      "categoryIds": ["health-beauty"],
      "imagePath": "https://shop.coles.com.au/wcsstore/Coles-CAS/images/2/6/4/2649278.jpg",
      "cupPrice": "$2.67 per 100ml",
      "unit": "ea",
      "packageSize": "150ml",
      "barcode": ["5012874248582", "400003166336"],
      "isAvailable": true
    },
    {
      "id": "c2994243p-9327693000355",
      "store": "coles",
      "name": "Hydrating Mist Toner",
      "brand": "Sukin",
      "price": 6.5,
      "orgPrice": 13,
      "categoryIds": ["health-beauty"],
      "imagePath": "https://shop.coles.com.au/wcsstore/Coles-CAS/images/2/9/9/2994243.jpg",
      "cupPrice": "$5.20 per 100ml",
      "unit": "ea",
      "packageSize": "125ml",
      "barcode": ["9327693000355"],
      "isAvailable": true
    },
    {
      "id": "c2994130p-9327693006937",
      "store": "coles",
      "name": "Natural Balance Conditioner",
      "brand": "Sukin",
      "price": 9,
      "orgPrice": 18,
      "categoryIds": ["health-beauty"],
      "imagePath": "https://shop.coles.com.au/wcsstore/Coles-CAS/images/2/9/9/2994130.jpg",
      "cupPrice": "$1.80 per 100ml",
      "unit": "ea",
      "packageSize": "500ml",
      "barcode": ["9327693006937"],
      "isAvailable": true
    },
    {
      "id": "c8735951p-7702018017294",
      "store": "coles",
      "name": "Blue II UltraGrip Pivot Disposable Shaving Razor",
      "brand": "Gillette",
      "price": 4.45,
      "orgPrice": 8.9,
      "categoryIds": ["health-beauty"],
      "imagePath": "https://shop.coles.com.au/wcsstore/Coles-CAS/images/8/7/3/8735951.jpg",
      "cupPrice": "$0.45 per 1ea",
      "unit": "ea",
      "packageSize": "10 pack",
      "barcode": [
        "7702018017294",
        "3014260221614",
        "7702018969647",
        "9300627506956",
        "4902430842846",
        "7702018017317",
        "9300627512582"
      ],
      "isAvailable": true
    },
    {
      "id": "c8737040p-9300627503320",
      "store": "coles",
      "name": "Blue II UltraGrip Pivot Disposable Shaving Razor",
      "brand": "Gillette",
      "price": 2.75,
      "orgPrice": 5.5,
      "categoryIds": ["health-beauty"],
      "imagePath": "https://shop.coles.com.au/wcsstore/Coles-CAS/images/8/7/3/8737040.jpg",
      "cupPrice": "$0.55 per 1ea",
      "unit": "ea",
      "packageSize": "5 pack",
      "barcode": ["9300627503320"],
      "isAvailable": true
    },
    {
      "id": "c6515218p-7702018936045",
      "store": "coles",
      "name": "Venus Embrace Shaving Blade Refill",
      "brand": "Gillette",
      "price": 9.75,
      "orgPrice": 19.5,
      "categoryIds": ["health-beauty"],
      "imagePath": "https://shop.coles.com.au/wcsstore/Coles-CAS/images/6/5/1/6515218.jpg",
      "cupPrice": "$2.44 per 1ea",
      "unit": "ea",
      "packageSize": "4 pack",
      "barcode": ["7702018936045"],
      "isAvailable": true
    },
    {
      "id": "c2873170p-9300632088386",
      "store": "coles",
      "name": "360 Sensitive Manual Toothbrush",
      "brand": "Colgate",
      "price": 4,
      "orgPrice": 8,
      "categoryIds": ["health-beauty"],
      "imagePath": "https://shop.coles.com.au/wcsstore/Coles-CAS/images/2/8/7/2873170.jpg",
      "cupPrice": "$2.00 per 1ea",
      "unit": "ea",
      "packageSize": "2 pack",
      "barcode": ["9300632088386"],
      "isAvailable": true
    },
    {
      "id": "c3132052p-9300632089239",
      "store": "coles",
      "name": "Slim Soft Advance Gold Manual Toothbrush",
      "brand": "Colgate",
      "price": 3,
      "orgPrice": 6,
      "categoryIds": ["health-beauty"],
      "imagePath": "https://shop.coles.com.au/wcsstore/Coles-CAS/images/3/1/3/3132052.jpg",
      "cupPrice": "$3.00 per 1ea",
      "unit": "ea",
      "packageSize": "1 pack",
      "barcode": ["9300632089239"],
      "isAvailable": true
    },
    {
      "id": "c3128510p-9327693006814",
      "store": "coles",
      "name": "Facial Cleanser For Men",
      "brand": "Sukin",
      "price": 8,
      "orgPrice": 16,
      "categoryIds": ["health-beauty"],
      "imagePath": "https://shop.coles.com.au/wcsstore/Coles-CAS/images/3/1/2/3128510.jpg",
      "cupPrice": "$3.56 per 100ml",
      "unit": "ea",
      "packageSize": "225ml",
      "barcode": ["9327693006814"],
      "isAvailable": true
    },
    {
      "id": "c3714353p-9327693008399",
      "store": "coles",
      "name": "Botanical Body Wash Bergamot & Patchouli",
      "brand": "Sukin",
      "price": 4.97,
      "orgPrice": 9.95,
      "categoryIds": ["health-beauty"],
      "imagePath": "https://shop.coles.com.au/wcsstore/Coles-CAS/images/3/7/1/3714353.jpg",
      "cupPrice": "$0.99 per 100ml",
      "unit": "ea",
      "packageSize": "500ml",
      "barcode": ["9327693008399"],
      "isAvailable": true
    },
    {
      "id": "c3728766p-9327693007736",
      "store": "coles",
      "name": "Hydration Hydrafusion Night Cream 60ml",
      "brand": "Sukin",
      "price": 11.5,
      "orgPrice": 23,
      "categoryIds": ["health-beauty"],
      "imagePath": "https://shop.coles.com.au/wcsstore/Coles-CAS/images/3/7/2/3728766.jpg",
      "cupPrice": "$19.17 per 100ml",
      "unit": "ea",
      "packageSize": "1 each",
      "barcode": ["9327693007736"],
      "isAvailable": true
    },
    {
      "id": "c7660664p-7702018038183",
      "store": "coles",
      "name": "Simply Venus Disposable Shaving Razor",
      "brand": "Gillette",
      "price": 3.5,
      "orgPrice": 7,
      "categoryIds": ["health-beauty"],
      "imagePath": "https://shop.coles.com.au/wcsstore/Coles-CAS/images/7/6/6/7660664.jpg",
      "cupPrice": "$0.88 per 1ea",
      "unit": "ea",
      "packageSize": "4 pack",
      "barcode": ["7702018038183"],
      "isAvailable": true
    },
    {
      "id": "c7186621p-3600521156353",
      "store": "coles",
      "name": "Revitalift Cleansing Wipes",
      "brand": "L'Oreal",
      "price": 4.25,
      "orgPrice": 8.5,
      "categoryIds": ["health-beauty"],
      "imagePath": "https://shop.coles.com.au/wcsstore/Coles-CAS/images/7/1/8/7186621.jpg",
      "cupPrice": "$0.17 per 1ea",
      "unit": "ea",
      "packageSize": "25 pack",
      "barcode": ["3600521156353", "3600522783138"],
      "isAvailable": true
    },
    {
      "id": "c6515127p-7702018038619",
      "store": "coles",
      "name": "Venus Embrace Shaving Razor & 2 Blade Refill",
      "brand": "Gillette",
      "price": 7.5,
      "orgPrice": 15,
      "categoryIds": ["health-beauty"],
      "imagePath": "https://shop.coles.com.au/wcsstore/Coles-CAS/images/6/5/1/6515127.jpg",
      "cupPrice": "$7.50 per 1ea",
      "unit": "ea",
      "packageSize": "1 pack",
      "barcode": ["7702018038619", "7702018936014"],
      "isAvailable": true
    },
    {
      "id": "c4155745p-8714789183800",
      "store": "coles",
      "name": "360 Degree Medium Toothbrush",
      "brand": "Colgate",
      "price": 2.5,
      "orgPrice": 5,
      "categoryIds": ["health-beauty"],
      "imagePath": "https://shop.coles.com.au/wcsstore/Coles-CAS/images/4/1/5/4155745.jpg",
      "cupPrice": "$2.50 per 1ea",
      "unit": "ea",
      "packageSize": "1 pack",
      "barcode": ["8714789183800"],
      "isAvailable": true
    },
    {
      "id": "c2428541p-3600522892359",
      "store": "coles",
      "name": "Revitalift Filler Day Cream",
      "brand": "L'Oreal",
      "price": 22.5,
      "orgPrice": 45,
      "categoryIds": ["health-beauty"],
      "imagePath": "https://shop.coles.com.au/wcsstore/Coles-CAS/images/2/4/2/2428541.jpg",
      "cupPrice": "$45.00 per 100ml",
      "unit": "ea",
      "packageSize": "50ml",
      "barcode": ["3600522892359"],
      "isAvailable": true
    },
    {
      "id": "c3149565p",
      "store": "coles",
      "name": "Paris Revitalift Laser X3 SPF15 Day Cream",
      "brand": "L'Oreal",
      "price": 23.75,
      "orgPrice": 47.5,
      "categoryIds": ["health-beauty"],
      "imagePath": "https://shop.coles.com.au/wcsstore/Coles-CAS/images/3/1/4/3149565.jpg",
      "cupPrice": "$47.50 per 100ml",
      "unit": "ea",
      "packageSize": "50ml",
      "barcode": null,
      "isAvailable": true
    },
    {
      "id": "c3140695p",
      "store": "coles",
      "name": "Venus Razor Cartridges",
      "brand": "Gillette",
      "price": 13.25,
      "orgPrice": 26.5,
      "categoryIds": ["health-beauty"],
      "imagePath": "https://shop.coles.com.au/wcsstore/Coles-CAS/images/3/1/4/3140695.jpg",
      "cupPrice": "$1.66 per 1ea",
      "unit": "ea",
      "packageSize": "8 pack",
      "barcode": null,
      "isAvailable": true
    },
    {
      "id": "c3415830p-9317039000880",
      "store": "coles",
      "name": "Eye Mist",
      "brand": "Murine",
      "price": 8.5,
      "orgPrice": 17,
      "categoryIds": ["health-beauty"],
      "imagePath": "https://shop.coles.com.au/wcsstore/Coles-CAS/images/3/4/1/3415830.jpg",
      "cupPrice": "$5.67 per 10ml",
      "unit": "ea",
      "packageSize": "15ml",
      "barcode": ["9317039000880", "400003464074"],
      "isAvailable": true
    },
    {
      "id": "c8571898p-3600521992111",
      "store": "coles",
      "name": "Age Perfect Intense Nutrition Night Cream",
      "brand": "L'Oreal",
      "price": 17.5,
      "orgPrice": 35,
      "categoryIds": ["health-beauty"],
      "imagePath": "https://shop.coles.com.au/wcsstore/Coles-CAS/images/8/5/7/8571898.jpg",
      "cupPrice": "$35.00 per 100ml",
      "unit": "ea",
      "packageSize": "50ml",
      "barcode": ["3600521992111", "9344329040455"],
      "isAvailable": true
    },
    {
      "id": "c6843590p-9312825554516",
      "store": "coles",
      "name": "Revitalift Eye Plenitude Cream",
      "brand": "L'Oreal",
      "price": 16.45,
      "orgPrice": 32.9,
      "categoryIds": ["health-beauty"],
      "imagePath": "https://shop.coles.com.au/wcsstore/Coles-CAS/images/6/8/4/6843590.jpg",
      "cupPrice": "$109.67 per 100ml",
      "unit": "ea",
      "packageSize": "15ml",
      "barcode": [
        "9312825554516",
        "5011408039757",
        "9344329040486",
        "9312825697527",
        "3600521823774"
      ],
      "isAvailable": true
    },
    {
      "id": "c6021240p-7702018934751",
      "store": "coles",
      "name": "Venus Shaving Razor",
      "brand": "Gillette",
      "price": 3.92,
      "orgPrice": 7.85,
      "categoryIds": ["health-beauty"],
      "imagePath": "https://shop.coles.com.au/wcsstore/Coles-CAS/images/6/0/2/6021240.jpg",
      "cupPrice": "$3.92 per 1ea",
      "unit": "ea",
      "packageSize": "1 pack",
      "barcode": ["7702018934751", "7702018934744", "3014260285425"],
      "isAvailable": true
    },
    {
      "id": "c1162100p-3600522249474",
      "store": "coles",
      "name": "Paris Revitalift Laser X3 Anti- Ageing Serum",
      "brand": "L'Oreal",
      "price": 25,
      "orgPrice": 50,
      "categoryIds": ["health-beauty"],
      "imagePath": "https://shop.coles.com.au/wcsstore/Coles-CAS/images/1/1/6/1162100.jpg",
      "cupPrice": "$83.34 per 100ml",
      "unit": "ea",
      "packageSize": "30ml",
      "barcode": ["3600522249474", "9344329059044"],
      "isAvailable": true
    },
    {
      "id": "c8896644p-9312825697220",
      "store": "coles",
      "name": "Age Perfect Day Cream",
      "brand": "L'Oreal",
      "price": 16.45,
      "orgPrice": 32.9,
      "categoryIds": ["health-beauty"],
      "imagePath": "https://shop.coles.com.au/wcsstore/Coles-CAS/images/8/8/9/8896644.jpg",
      "cupPrice": "$32.90 per 100ml",
      "unit": "ea",
      "packageSize": "50ml",
      "barcode": ["9312825697220", "9312825647874", "9344329040578"],
      "isAvailable": true
    },
    {
      "id": "c3364116p-4800888207906",
      "store": "coles",
      "name": "Men Antiperspirant Clean Scent Roll On",
      "brand": "Rexona",
      "price": 4,
      "orgPrice": 8,
      "categoryIds": ["health-beauty"],
      "imagePath": "https://shop.coles.com.au/wcsstore/Coles-CAS/images/3/3/6/3364116.jpg",
      "cupPrice": "$8.00 per 100ml",
      "unit": "ea",
      "packageSize": "50ml",
      "barcode": ["4800888207906"],
      "isAvailable": true
    },
    {
      "id": "c3582591p-4902430873406",
      "store": "coles",
      "name": "Sensor 3 Comfort Disposable Razors",
      "brand": "Gillette",
      "price": 3.25,
      "orgPrice": 6.5,
      "categoryIds": ["health-beauty"],
      "imagePath": "https://shop.coles.com.au/wcsstore/Coles-CAS/images/3/5/8/3582591.jpg",
      "cupPrice": "$0.81 per 1ea",
      "unit": "ea",
      "packageSize": "4 pack",
      "barcode": ["4902430873406"],
      "isAvailable": true
    },
    {
      "id": "c1161843p-3600522251835",
      "store": "coles",
      "name": "Paris Revitalift Laser X3 Eye Cream",
      "brand": "L'Oreal",
      "price": 25,
      "orgPrice": 50,
      "categoryIds": ["health-beauty"],
      "imagePath": "https://shop.coles.com.au/wcsstore/Coles-CAS/images/1/1/6/1161843.jpg",
      "cupPrice": "$166.68 per 100ml",
      "unit": "ea",
      "packageSize": "15ml",
      "barcode": ["3600522251835", "9344329059037", "3600523436071"],
      "isAvailable": true
    },
    {
      "id": "c2940506p-071164302361",
      "store": "coles",
      "name": "Argan 5 In 1 Leave In Conditioner",
      "brand": "Hask",
      "price": 7.5,
      "orgPrice": 15,
      "categoryIds": ["health-beauty"],
      "imagePath": "https://shop.coles.com.au/wcsstore/Coles-CAS/images/2/9/4/2940506.jpg",
      "cupPrice": "$4.29 per 100ml",
      "unit": "ea",
      "packageSize": "175ml",
      "barcode": ["071164302361", "071164302262"],
      "isAvailable": true
    },
    {
      "id": "c3365028p-9327693000348",
      "store": "coles",
      "name": "Natural Deodorant",
      "brand": "Sukin",
      "price": 3.5,
      "orgPrice": 7,
      "categoryIds": ["health-beauty"],
      "imagePath": "https://shop.coles.com.au/wcsstore/Coles-CAS/images/3/3/6/3365028.jpg",
      "cupPrice": "$2.80 per 100ml",
      "unit": "ea",
      "packageSize": "125ml",
      "barcode": ["9327693000348"],
      "isAvailable": true
    },
    {
      "id": "c3364105p-4800888207951",
      "store": "coles",
      "name": "Men Sport Clinical Protection Antiperspirant Roll On",
      "brand": "Rexona",
      "price": 4,
      "orgPrice": 8,
      "categoryIds": ["health-beauty"],
      "imagePath": "https://shop.coles.com.au/wcsstore/Coles-CAS/images/3/3/6/3364105.jpg",
      "cupPrice": "$8.00 per 100ml",
      "unit": "ea",
      "packageSize": "50ml",
      "barcode": ["4800888207951"],
      "isAvailable": true
    },
    {
      "id": "c8896655p-9344329040417",
      "store": "coles",
      "name": "Age Perfect Night Cream",
      "brand": "L'Oreal",
      "price": 16.45,
      "orgPrice": 32.9,
      "categoryIds": ["health-beauty"],
      "imagePath": "https://shop.coles.com.au/wcsstore/Coles-CAS/images/8/8/9/8896655.jpg",
      "cupPrice": "$32.90 per 100ml",
      "unit": "ea",
      "packageSize": "50ml",
      "barcode": ["9344329040417", "9312825647935", "9312825697251"],
      "isAvailable": true
    },
    {
      "id": "c1650238p-7702018300969",
      "store": "coles",
      "name": "Venus & Olay Sugarberry Scent Shaving Blade Refill",
      "brand": "Gillette",
      "price": 10,
      "orgPrice": 20,
      "categoryIds": ["health-beauty"],
      "imagePath": "https://shop.coles.com.au/wcsstore/Coles-CAS/images/1/6/5/1650238.jpg",
      "cupPrice": "$10.00 per 1ea",
      "unit": "ea",
      "packageSize": "3 pack",
      "barcode": ["7702018300969"],
      "isAvailable": true
    },
    {
      "id": "c1982260p-3600522416982",
      "store": "coles",
      "name": "Revitalift Moisturiser SPF 15+",
      "brand": "L'Oreal",
      "price": 16.45,
      "orgPrice": 32.9,
      "categoryIds": ["health-beauty"],
      "imagePath": "https://shop.coles.com.au/wcsstore/Coles-CAS/images/1/9/8/1982260.jpg",
      "cupPrice": "$32.90 per 100ml",
      "unit": "ea",
      "packageSize": "50ml",
      "barcode": ["3600522416982", "400002768418", "9344329081397"],
      "isAvailable": true
    },
    {
      "id": "c2578872p",
      "store": "coles",
      "name": "Super Tampons",
      "brand": "Coles",
      "price": 1.12,
      "orgPrice": null,
      "categoryIds": ["health-beauty"],
      "imagePath": "https://shop.coles.com.au/wcsstore/Coles-CAS/images/2/5/7/2578872.jpg",
      "cupPrice": "$0.07 per 1ea",
      "unit": "ea",
      "packageSize": "16 pack",
      "barcode": null,
      "isAvailable": true
    },
    {
      "id": "c2792635p-400003243822",
      "store": "coles",
      "name": "Age Perfect Gold Age Day Cream",
      "brand": "L'Oreal",
      "price": 18.5,
      "orgPrice": 37,
      "categoryIds": ["health-beauty"],
      "imagePath": "https://shop.coles.com.au/wcsstore/Coles-CAS/images/2/7/9/2792635.jpg",
      "cupPrice": "$37.00 per 100ml",
      "unit": "ea",
      "packageSize": "50ml",
      "barcode": ["400003243822", "3600523216475"],
      "isAvailable": true
    },
    {
      "id": "c2857720p-3600523306190",
      "store": "coles",
      "name": "Pure Clay Detoxifying Mask",
      "brand": "L'Oreal",
      "price": 10,
      "orgPrice": 20,
      "categoryIds": ["health-beauty"],
      "imagePath": "https://shop.coles.com.au/wcsstore/Coles-CAS/images/2/8/5/2857720.jpg",
      "cupPrice": "$20.00 per 100ml",
      "unit": "ea",
      "packageSize": "50ml",
      "barcode": ["3600523306190"],
      "isAvailable": true
    },
    {
      "id": "c3236105p-4902430806367",
      "store": "coles",
      "name": "Venus Platinum Extra Smooth Razor",
      "brand": "Gillette",
      "price": 9.95,
      "orgPrice": 19.9,
      "categoryIds": ["health-beauty"],
      "imagePath": "https://shop.coles.com.au/wcsstore/Coles-CAS/images/3/2/3/3236105.jpg",
      "cupPrice": "$9.95 per 1ea",
      "unit": "ea",
      "packageSize": "1 pack",
      "barcode": ["4902430806367"],
      "isAvailable": true
    },
    {
      "id": "c3239486p",
      "store": "coles",
      "name": "Paris Revitalift Moisturiser Night Filler",
      "brand": "L'Oreal",
      "price": 22.5,
      "orgPrice": 45,
      "categoryIds": ["health-beauty"],
      "imagePath": "https://shop.coles.com.au/wcsstore/Coles-CAS/images/3/2/3/3239486.jpg",
      "cupPrice": "$45.00 per 100ml",
      "unit": "ea",
      "packageSize": "50ml",
      "barcode": null,
      "isAvailable": true
    },
    {
      "id": "c3605788p-9330344010061",
      "store": "coles",
      "name": "Sunless Tan Self Tanning Foam",
      "brand": "Hawaiian Tropic",
      "price": 12,
      "orgPrice": 24,
      "categoryIds": ["health-beauty"],
      "imagePath": "https://shop.coles.com.au/wcsstore/Coles-CAS/images/3/6/0/3605788.jpg",
      "cupPrice": "$6.00 per 100g",
      "unit": "ea",
      "packageSize": "200g",
      "barcode": ["9330344010061"],
      "isAvailable": true
    },
    {
      "id": "c3615566p-3600523750153",
      "store": "coles",
      "name": "Paris Excellence 8.1 Ash Blonde Hair Colour",
      "brand": "L'Oreal",
      "price": 10,
      "orgPrice": 20,
      "categoryIds": ["health-beauty"],
      "imagePath": "https://shop.coles.com.au/wcsstore/Coles-CAS/images/3/6/1/3615566.jpg",
      "cupPrice": "$10.00 per 1ea",
      "unit": "ea",
      "packageSize": "1 pack",
      "barcode": ["3600523750153", "400003592609"],
      "isAvailable": true
    },
    {
      "id": "c4155756p-8714789183824",
      "store": "coles",
      "name": "360 Degree Soft Toothbrush",
      "brand": "Colgate",
      "price": 2.5,
      "orgPrice": 5,
      "categoryIds": ["health-beauty"],
      "imagePath": "https://shop.coles.com.au/wcsstore/Coles-CAS/images/4/1/5/4155756.jpg",
      "cupPrice": "$2.50 per 1ea",
      "unit": "ea",
      "packageSize": "1 pack",
      "barcode": ["8714789183824"],
      "isAvailable": true
    },
    {
      "id": "c2940299p-400003389179",
      "store": "coles",
      "name": "Argan Oil Conditioner",
      "brand": "Hask",
      "price": 7.5,
      "orgPrice": 15,
      "categoryIds": ["health-beauty"],
      "imagePath": "https://shop.coles.com.au/wcsstore/Coles-CAS/images/2/9/4/2940299.jpg",
      "cupPrice": "$2.11 per 100ml",
      "unit": "ea",
      "packageSize": "355ml",
      "barcode": ["400003389179", "071164343265"],
      "isAvailable": true
    },
    {
      "id": "c3293299p-9336798001006",
      "store": "coles",
      "name": "Super Tampons",
      "brand": "Moxie",
      "price": 2.25,
      "orgPrice": 4.5,
      "categoryIds": ["health-beauty"],
      "imagePath": "https://shop.coles.com.au/wcsstore/Coles-CAS/images/3/2/9/3293299.jpg",
      "cupPrice": "$0.11 per 1ea",
      "unit": "ea",
      "packageSize": "20 pack",
      "barcode": ["9336798001006"],
      "isAvailable": true
    },
    {
      "id": "c3466386p-9300830051663",
      "store": "coles",
      "name": "Men Care Sport Fresh Body and Face Wash",
      "brand": "Dove",
      "price": 6.85,
      "orgPrice": 13.7,
      "categoryIds": ["health-beauty"],
      "imagePath": "https://shop.coles.com.au/wcsstore/Coles-CAS/images/3/4/6/3466386.jpg",
      "cupPrice": "$0.69 per 100ml",
      "unit": "ea",
      "packageSize": "1l",
      "barcode": ["9300830051663"],
      "isAvailable": true
    },
    {
      "id": "c3582627p-4902430876698",
      "store": "coles",
      "name": "Venus Smooth Sensitive Blades Refill",
      "brand": "Gillette",
      "price": 8,
      "orgPrice": 16,
      "categoryIds": ["health-beauty"],
      "imagePath": "https://shop.coles.com.au/wcsstore/Coles-CAS/images/3/5/8/3582627.jpg",
      "cupPrice": "$2.00 per 1ea",
      "unit": "ea",
      "packageSize": "4 pack",
      "barcode": ["4902430876698"],
      "isAvailable": true
    },
    {
      "id": "c8571887p-3600522029946",
      "store": "coles",
      "name": "Paris Intense Nutrition Day Cream",
      "brand": "L'Oreal",
      "price": 17.5,
      "orgPrice": 35,
      "categoryIds": ["health-beauty"],
      "imagePath": "https://shop.coles.com.au/wcsstore/Coles-CAS/images/8/5/7/8571887.jpg",
      "cupPrice": "$35.00 per 100ml",
      "unit": "ea",
      "packageSize": "50ml",
      "barcode": ["3600522029946", "9344329040448"],
      "isAvailable": true
    },
    {
      "id": "c2940426p-071164343289",
      "store": "coles",
      "name": "Monoi Coconut Conditioner",
      "brand": "Hask",
      "price": 7.5,
      "orgPrice": 15,
      "categoryIds": ["health-beauty"],
      "imagePath": "https://shop.coles.com.au/wcsstore/Coles-CAS/images/2/9/4/2940426.jpg",
      "cupPrice": "$2.11 per 100ml",
      "unit": "ea",
      "packageSize": "355ml",
      "barcode": ["071164343289", "400003389148"],
      "isAvailable": true
    },
    {
      "id": "c2940175p-400003389155",
      "store": "coles",
      "name": "Argan Oil Shampoo",
      "brand": "Hask",
      "price": 7.5,
      "orgPrice": 15,
      "categoryIds": ["health-beauty"],
      "imagePath": "https://shop.coles.com.au/wcsstore/Coles-CAS/images/2/9/4/2940175.jpg",
      "cupPrice": "$2.11 per 100ml",
      "unit": "ea",
      "packageSize": "355ml",
      "barcode": ["400003389155", "071164343166"],
      "isAvailable": true
    },
    {
      "id": "c3532775p-3600523717408",
      "store": "coles",
      "name": "Paris Age Perfect Golden Age Rosy Eye Cream",
      "brand": "L'Oreal",
      "price": 20,
      "orgPrice": 40,
      "categoryIds": ["health-beauty"],
      "imagePath": "https://shop.coles.com.au/wcsstore/Coles-CAS/images/3/5/3/3532775.jpg",
      "cupPrice": "$133.34 per 100ml",
      "unit": "ea",
      "packageSize": "15ml",
      "barcode": ["3600523717408", "3600523718702"],
      "isAvailable": true
    },
    {
      "id": "c3582536p-047400666269",
      "store": "coles",
      "name": "Pure Soothing Shave Gel With Aloe",
      "brand": "Gillette",
      "price": 4.25,
      "orgPrice": 8.5,
      "categoryIds": ["health-beauty"],
      "imagePath": "https://shop.coles.com.au/wcsstore/Coles-CAS/images/3/5/8/3582536.jpg",
      "cupPrice": "$2.50 per 100g",
      "unit": "ea",
      "packageSize": "170g",
      "barcode": ["047400666269"],
      "isAvailable": true
    },
    {
      "id": "c3728744p-3600523873869",
      "store": "coles",
      "name": "Revitalift Filler Serum",
      "brand": "L'Oreal",
      "price": 25,
      "orgPrice": 50,
      "categoryIds": ["health-beauty"],
      "imagePath": "https://shop.coles.com.au/wcsstore/Coles-CAS/images/3/7/2/3728744.jpg",
      "cupPrice": "$83.34 per 100ml",
      "unit": "ea",
      "packageSize": "30ml",
      "barcode": ["3600523873869", "400003586110"],
      "isAvailable": true
    },
    {
      "id": "c2959515p-3600523431205",
      "store": "coles",
      "name": "Pure Clay Detoxifying Gel Wash",
      "brand": "L'Oreal",
      "price": 7.5,
      "orgPrice": 15,
      "categoryIds": ["health-beauty"],
      "imagePath": "https://shop.coles.com.au/wcsstore/Coles-CAS/images/2/9/5/2959515.jpg",
      "cupPrice": "$5.00 per 100ml",
      "unit": "ea",
      "packageSize": "150ml",
      "barcode": ["3600523431205"],
      "isAvailable": true
    },
    {
      "id": "c2940222p-071164343180",
      "store": "coles",
      "name": "Monoi Coconut Shampoo",
      "brand": "Hask",
      "price": 7.5,
      "orgPrice": 15,
      "categoryIds": ["health-beauty"],
      "imagePath": "https://shop.coles.com.au/wcsstore/Coles-CAS/images/2/9/4/2940222.jpg",
      "cupPrice": "$2.11 per 100ml",
      "unit": "ea",
      "packageSize": "355ml",
      "barcode": ["071164343180", "400003389131"],
      "isAvailable": true
    },
    {
      "id": "c3293277p-9336798000993",
      "store": "coles",
      "name": "Regular Tampons",
      "brand": "Moxie",
      "price": 2.25,
      "orgPrice": 4.5,
      "categoryIds": ["health-beauty"],
      "imagePath": "https://shop.coles.com.au/wcsstore/Coles-CAS/images/3/2/9/3293277.jpg",
      "cupPrice": "$0.11 per 1ea",
      "unit": "ea",
      "packageSize": "20 pack",
      "barcode": ["9336798000993"],
      "isAvailable": true
    },
    {
      "id": "c3566584p-9330344009997",
      "store": "coles",
      "name": "Simply Protect Sunscreen Lotion SPF 50+",
      "brand": "Banana Boat",
      "price": 8.5,
      "orgPrice": 17,
      "categoryIds": ["health-beauty"],
      "imagePath": "https://shop.coles.com.au/wcsstore/Coles-CAS/images/3/5/6/3566584.jpg",
      "cupPrice": "$17.00 per 100g",
      "unit": "ea",
      "packageSize": "50g",
      "barcode": ["9330344009997"],
      "isAvailable": true
    },
    {
      "id": "c3557889p-3600523716470",
      "store": "coles",
      "name": "Revitalift Ginseng Glow Energising Red Day Cream",
      "brand": "L'Oreal",
      "price": 19.5,
      "orgPrice": 39,
      "categoryIds": ["health-beauty"],
      "imagePath": "https://shop.coles.com.au/wcsstore/Coles-CAS/images/3/5/5/3557889.jpg",
      "cupPrice": "$39.00 per 100ml",
      "unit": "ea",
      "packageSize": "50ml",
      "barcode": ["3600523716470", "3600523716586"],
      "isAvailable": true
    },
    {
      "id": "c2731030p-9300830037179",
      "store": "coles",
      "name": "Sensitive Top & Front Loader Laundry Liquid Detergent",
      "brand": "OMO",
      "price": 11,
      "orgPrice": 22,
      "categoryIds": ["household"],
      "imagePath": "https://shop.coles.com.au/wcsstore/Coles-CAS/images/2/7/3/2731030.jpg",
      "cupPrice": "$5.50 per 1l",
      "unit": "ea",
      "packageSize": "2l",
      "barcode": ["9300830037179"],
      "isAvailable": true
    },
    {
      "id": "c2731007p-9300830037070",
      "store": "coles",
      "name": "Active Clean Top & Front Loader Laundry Liquid Detergent",
      "brand": "OMO",
      "price": 11,
      "orgPrice": 22,
      "categoryIds": ["household"],
      "imagePath": "https://shop.coles.com.au/wcsstore/Coles-CAS/images/2/7/3/2731007.jpg",
      "cupPrice": "$5.50 per 1l",
      "unit": "ea",
      "packageSize": "2l",
      "barcode": ["9300830037070"],
      "isAvailable": true
    },
    {
      "id": "c3514740p-8001090985460",
      "store": "coles",
      "name": "Platinum Plus Lemon Dishwashing Tablets",
      "brand": "Fairy",
      "price": 17.5,
      "orgPrice": 35,
      "categoryIds": ["household"],
      "imagePath": "https://shop.coles.com.au/wcsstore/Coles-CAS/images/3/5/1/3514740.jpg",
      "cupPrice": "$0.39 per 1ea",
      "unit": "ea",
      "packageSize": "45 pack",
      "barcode": ["8001090985460"],
      "isAvailable": true
    },
    {
      "id": "c3514730p-8001090985439",
      "store": "coles",
      "name": "Platinum Plus Lemon Dishwashing Tablets",
      "brand": "Fairy",
      "price": 15,
      "orgPrice": 30,
      "categoryIds": ["household"],
      "imagePath": "https://shop.coles.com.au/wcsstore/Coles-CAS/images/3/5/1/3514730.jpg",
      "cupPrice": "$0.50 per 1ea",
      "unit": "ea",
      "packageSize": "30 pack",
      "barcode": ["8001090985439"],
      "isAvailable": true
    },
    {
      "id": "c3774923p-9350376004524",
      "store": "coles",
      "name": "Advanced Clean Laundry Powder",
      "brand": "Cold Power",
      "price": 8.75,
      "orgPrice": 17.5,
      "categoryIds": ["household"],
      "imagePath": "https://shop.coles.com.au/wcsstore/Coles-CAS/images/3/7/7/3774923.jpg",
      "cupPrice": "$4.38 per 1kg",
      "unit": "ea",
      "packageSize": "2kg",
      "barcode": ["9350376004524"],
      "isAvailable": true
    },
    {
      "id": "c3774581p-9350376003848",
      "store": "coles",
      "name": "Advanced Clean Laundry Liquid",
      "brand": "Cold Power",
      "price": 8.75,
      "orgPrice": 17.5,
      "categoryIds": ["household"],
      "imagePath": "https://shop.coles.com.au/wcsstore/Coles-CAS/images/3/7/7/3774581.jpg",
      "cupPrice": "$4.38 per 1l",
      "unit": "ea",
      "packageSize": "2l",
      "barcode": ["9350376003848"],
      "isAvailable": true
    },
    {
      "id": "c8106694p-9300632075461",
      "store": "coles",
      "name": "Ultra Dry Skin Dishwashing Liquid",
      "brand": "Palmolive",
      "price": 2.75,
      "orgPrice": 5.5,
      "categoryIds": ["household"],
      "imagePath": "https://shop.coles.com.au/wcsstore/Coles-CAS/images/8/1/0/8106694.jpg",
      "cupPrice": "$0.37 per 100ml",
      "unit": "ea",
      "packageSize": "750ml",
      "barcode": ["9300632075461"],
      "isAvailable": true
    },
    {
      "id": "c8106672p-9300632075508",
      "store": "coles",
      "name": "Ultra Antibacterial Dishwashing Liquid",
      "brand": "Palmolive",
      "price": 2.75,
      "orgPrice": 5.5,
      "categoryIds": ["household"],
      "imagePath": "https://shop.coles.com.au/wcsstore/Coles-CAS/images/8/1/0/8106672.jpg",
      "cupPrice": "$0.37 per 100ml",
      "unit": "ea",
      "packageSize": "750ml",
      "barcode": ["9300632075508"],
      "isAvailable": true
    },
    {
      "id": "c4826068p-9300632065875",
      "store": "coles",
      "name": "Eucalyptus Power Stain Remover",
      "brand": "Sard Wonder",
      "price": 3.5,
      "orgPrice": 7,
      "categoryIds": ["household"],
      "imagePath": "https://shop.coles.com.au/wcsstore/Coles-CAS/images/4/8/2/4826068.jpg",
      "cupPrice": "$3.50 per 1kg",
      "unit": "ea",
      "packageSize": "1kg",
      "barcode": ["9300632065875", "9350376000717"],
      "isAvailable": true
    },
    {
      "id": "c1276823p-9350376000731",
      "store": "coles",
      "name": "Ultra Whitening Stain Remover Soaker",
      "brand": "Sard Wonder",
      "price": 3.5,
      "orgPrice": 7,
      "categoryIds": ["household"],
      "imagePath": "https://shop.coles.com.au/wcsstore/Coles-CAS/images/1/2/7/1276823.jpg",
      "cupPrice": "$3.50 per 1kg",
      "unit": "ea",
      "packageSize": "1kg",
      "barcode": ["9350376000731", "9300632082513"],
      "isAvailable": true
    },
    {
      "id": "c2731561p-9300830033959",
      "store": "coles",
      "name": "Active Clean Front & Top Loader Laundry Detergent Washing Powder",
      "brand": "OMO",
      "price": 11,
      "orgPrice": 22,
      "categoryIds": ["household"],
      "imagePath": "https://shop.coles.com.au/wcsstore/Coles-CAS/images/2/7/3/2731561.jpg",
      "cupPrice": "$5.50 per 1kg",
      "unit": "ea",
      "packageSize": "2kg",
      "barcode": ["9300830033959"],
      "isAvailable": true
    },
    {
      "id": "c2731776p-9300830034017",
      "store": "coles",
      "name": "Sensitive Top & Front Loader Laundry Detergent Washing Powder",
      "brand": "OMO",
      "price": 11,
      "orgPrice": 22,
      "categoryIds": ["household"],
      "imagePath": "https://shop.coles.com.au/wcsstore/Coles-CAS/images/2/7/3/2731776.jpg",
      "cupPrice": "$5.50 per 1kg",
      "unit": "ea",
      "packageSize": "2kg",
      "barcode": ["9300830034017"],
      "isAvailable": true
    },
    {
      "id": "c3774606p-9350376003923",
      "store": "coles",
      "name": "Advanced Clean Sensitive Pure Clean Laundry Liquid",
      "brand": "Cold Power",
      "price": 8.75,
      "orgPrice": 17.5,
      "categoryIds": ["household"],
      "imagePath": "https://shop.coles.com.au/wcsstore/Coles-CAS/images/3/7/7/3774606.jpg",
      "cupPrice": "$4.38 per 1l",
      "unit": "ea",
      "packageSize": "2l",
      "barcode": ["9350376003923"],
      "isAvailable": true
    },
    {
      "id": "c3774934p-9350376004579",
      "store": "coles",
      "name": "Sensitive Pure Clean Laundry Powder",
      "brand": "Cold Power",
      "price": 8.75,
      "orgPrice": 17.5,
      "categoryIds": ["household"],
      "imagePath": "https://shop.coles.com.au/wcsstore/Coles-CAS/images/3/7/7/3774934.jpg",
      "cupPrice": "$4.38 per 1kg",
      "unit": "ea",
      "packageSize": "2kg",
      "barcode": ["9350376004579"],
      "isAvailable": true
    },
    {
      "id": "c8106719p-9300632075492",
      "store": "coles",
      "name": "Ultra Original Dishwashing Liquid",
      "brand": "Palmolive",
      "price": 2.75,
      "orgPrice": 5.5,
      "categoryIds": ["household"],
      "imagePath": "https://shop.coles.com.au/wcsstore/Coles-CAS/images/8/1/0/8106719.jpg",
      "cupPrice": "$0.37 per 100ml",
      "unit": "ea",
      "packageSize": "750ml",
      "barcode": ["9300632075492"],
      "isAvailable": true
    },
    {
      "id": "c2900534p-9300830041596",
      "store": "coles",
      "name": "Comfort Front & Top Loader Laundry Liquid",
      "brand": "OMO",
      "price": 11,
      "orgPrice": 22,
      "categoryIds": ["household"],
      "imagePath": "https://shop.coles.com.au/wcsstore/Coles-CAS/images/2/9/0/2900534.jpg",
      "cupPrice": "$5.50 per 1l",
      "unit": "ea",
      "packageSize": "2l",
      "barcode": ["9300830041596"],
      "isAvailable": true
    },
    {
      "id": "c2823739p-9350376000359",
      "store": "coles",
      "name": "Liquid Capsules",
      "brand": "Cold Power",
      "price": 6,
      "orgPrice": 12,
      "categoryIds": ["household"],
      "imagePath": "https://shop.coles.com.au/wcsstore/Coles-CAS/images/2/8/2/2823739.jpg",
      "cupPrice": "$0.33 per 1ea",
      "unit": "ea",
      "packageSize": "18 pack",
      "barcode": ["9350376000359"],
      "isAvailable": true
    },
    {
      "id": "c3645013p-3086123566385",
      "store": "coles",
      "name": "Mega Lighters",
      "brand": "Bic",
      "price": 6,
      "orgPrice": 12,
      "categoryIds": ["household"],
      "imagePath": "https://shop.coles.com.au/wcsstore/Coles-CAS/images/3/6/4/3645013.jpg",
      "cupPrice": "$3.00 per 1ea",
      "unit": "ea",
      "packageSize": "2 pack",
      "barcode": ["3086123566385"],
      "isAvailable": true
    },
    {
      "id": "c3774592p-9350376003886",
      "store": "coles",
      "name": "Lemon Advanced Laundry Liquid",
      "brand": "Cold Power",
      "price": 8.75,
      "orgPrice": 17.5,
      "categoryIds": ["household"],
      "imagePath": "https://shop.coles.com.au/wcsstore/Coles-CAS/images/3/7/7/3774592.jpg",
      "cupPrice": "$4.38 per 1l",
      "unit": "ea",
      "packageSize": "2l",
      "barcode": ["9350376003886"],
      "isAvailable": true
    },
    {
      "id": "c3774526p-9350376003947",
      "store": "coles",
      "name": "Clean & Fresh Advanced Laundry Liquid",
      "brand": "Cold Power",
      "price": 8.75,
      "orgPrice": 17.5,
      "categoryIds": ["household"],
      "imagePath": "https://shop.coles.com.au/wcsstore/Coles-CAS/images/3/7/7/3774526.jpg",
      "cupPrice": "$4.86 per 1l",
      "unit": "ea",
      "packageSize": "1.8l",
      "barcode": ["9350376003947"],
      "isAvailable": true
    },
    {
      "id": "c2823740p",
      "store": "coles",
      "name": "Sensitive Capsules",
      "brand": "Cold Power",
      "price": 6,
      "orgPrice": 12,
      "categoryIds": ["household"],
      "imagePath": "https://shop.coles.com.au/wcsstore/Coles-CAS/images/2/8/2/2823740.jpg",
      "cupPrice": "$0.33 per 1ea",
      "unit": "ea",
      "packageSize": "18 pack",
      "barcode": null,
      "isAvailable": true
    },
    {
      "id": "c3196168p",
      "store": "coles",
      "name": "Professional Capsules",
      "brand": "Dynamo",
      "price": 6.25,
      "orgPrice": 12.5,
      "categoryIds": ["household"],
      "imagePath": "https://shop.coles.com.au/wcsstore/Coles-CAS/images/3/1/9/3196168.jpg",
      "cupPrice": "$0.39 per 1ea",
      "unit": "ea",
      "packageSize": "16 pack",
      "barcode": null,
      "isAvailable": true
    },
    {
      "id": "c1837669p-9300632082896",
      "store": "coles",
      "name": "Ultra Concentrate Divine Blends Dishwashing Liquid",
      "brand": "Palmolive",
      "price": 2.75,
      "orgPrice": 5.5,
      "categoryIds": ["household"],
      "imagePath": "https://shop.coles.com.au/wcsstore/Coles-CAS/images/1/8/3/1837669.jpg",
      "cupPrice": "$0.39 per 100ml",
      "unit": "ea",
      "packageSize": "700ml",
      "barcode": ["9300632082896"],
      "isAvailable": true
    },
    {
      "id": "c3315890p-9300701708498",
      "store": "coles",
      "name": "Napisan Gold Pro Oxi Action Powder Fabric Stain Remover",
      "brand": "Vanish",
      "price": 6,
      "orgPrice": 12,
      "categoryIds": ["household"],
      "imagePath": "https://shop.coles.com.au/wcsstore/Coles-CAS/images/3/3/1/3315890.jpg",
      "cupPrice": "$6.67 per 1kg",
      "unit": "ea",
      "packageSize": "900g",
      "barcode": ["9300701708498"],
      "isAvailable": true
    },
    {
      "id": "c5954187p-9310706123110",
      "store": "coles",
      "name": "Stainless Steel Toilet Brush Set",
      "brand": "Oates",
      "price": 6.5,
      "orgPrice": 13,
      "categoryIds": ["household"],
      "imagePath": "https://shop.coles.com.au/wcsstore/Coles-CAS/images/5/9/5/5954187.jpg",
      "cupPrice": "$6.50 per 1ea",
      "unit": "ea",
      "packageSize": "1 each",
      "barcode": [
        "9310706123110",
        "9310124702430",
        "9310124531047",
        "9310124705509"
      ],
      "isAvailable": true
    },
    {
      "id": "c3196667p",
      "store": "coles",
      "name": "Black Wash Laundry Liquid 1L",
      "brand": "Radiant",
      "price": 5,
      "orgPrice": 10,
      "categoryIds": ["household"],
      "imagePath": "https://shop.coles.com.au/wcsstore/Coles-CAS/images/3/1/9/3196667.jpg",
      "cupPrice": "$5.00 per 1l",
      "unit": "ea",
      "packageSize": "1l",
      "barcode": null,
      "isAvailable": true
    },
    {
      "id": "c3041300p-5011417567111",
      "store": "coles",
      "name": "VI Poo Fruity Pin Up",
      "brand": "Air Wick",
      "price": 5,
      "orgPrice": 10,
      "categoryIds": ["household"],
      "imagePath": "https://shop.coles.com.au/wcsstore/Coles-CAS/images/3/0/4/3041300.jpg",
      "cupPrice": "$9.09 per 100ml",
      "unit": "ea",
      "packageSize": "55ml",
      "barcode": ["5011417567111"],
      "isAvailable": true
    },
    {
      "id": "c3475853p-9350376003404",
      "store": "coles",
      "name": "Floral Apple & Water Lily Scent Switch Toilet Cleaner",
      "brand": "Bref",
      "price": 3,
      "orgPrice": 6,
      "categoryIds": ["household"],
      "imagePath": "https://shop.coles.com.au/wcsstore/Coles-CAS/images/3/4/7/3475853.jpg",
      "cupPrice": "$6.00 per 100g",
      "unit": "ea",
      "packageSize": "50g",
      "barcode": ["9350376003404"],
      "isAvailable": true
    },
    {
      "id": "c7897233p-8888021204445",
      "store": "coles",
      "name": "Advanced Max Plus AA Alkaline Batteries",
      "brand": "Energizer",
      "price": 8.35,
      "orgPrice": 16.8,
      "categoryIds": ["household"],
      "imagePath": "https://shop.coles.com.au/wcsstore/Coles-CAS/images/7/8/9/7897233.jpg",
      "cupPrice": "$0.84 per 1ea",
      "unit": "ea",
      "packageSize": "10 pack",
      "barcode": ["8888021204445"],
      "isAvailable": true
    },
    {
      "id": "c1149280p-9300701005115",
      "store": "coles",
      "name": "Touch of Luxury Reed Diffuser Midnight Blackberry & Vanilla Silk",
      "brand": "Air Wick",
      "price": 5.5,
      "orgPrice": 11,
      "categoryIds": ["household"],
      "imagePath": "https://shop.coles.com.au/wcsstore/Coles-CAS/images/1/1/4/1149280.jpg",
      "cupPrice": "$11.00 per 100ml",
      "unit": "ea",
      "packageSize": "50ml",
      "barcode": ["9300701005115"],
      "isAvailable": true
    },
    {
      "id": "c3476040p-9350376002186",
      "store": "coles",
      "name": "Power Active Juicy Lemon Toilet Cleaner",
      "brand": "Bref",
      "price": 6.5,
      "orgPrice": 13,
      "categoryIds": ["household"],
      "imagePath": "https://shop.coles.com.au/wcsstore/Coles-CAS/images/3/4/7/3476040.jpg",
      "cupPrice": "$4.33 per 100g",
      "unit": "ea",
      "packageSize": "3 pack",
      "barcode": ["9350376002186"],
      "isAvailable": true
    },
    {
      "id": "c3774537p-9350376003978",
      "store": "coles",
      "name": "Advanced Clean & Smooth Laundry Liquid",
      "brand": "Cold Power",
      "price": 8.75,
      "orgPrice": 17.5,
      "categoryIds": ["household"],
      "imagePath": "https://shop.coles.com.au/wcsstore/Coles-CAS/images/3/7/7/3774537.jpg",
      "cupPrice": "$4.86 per 1l",
      "unit": "ea",
      "packageSize": "1.8l",
      "barcode": ["9350376003978"],
      "isAvailable": true
    },
    {
      "id": "c5215343p-9326489675883",
      "store": "coles",
      "name": "Mens Guyfront Trunks Large",
      "brand": "Bonds",
      "price": 11,
      "orgPrice": 22,
      "categoryIds": ["household"],
      "imagePath": "https://shop.coles.com.au/wcsstore/Coles-CAS/images/5/2/1/5215343.jpg",
      "cupPrice": "",
      "unit": "ea",
      "packageSize": "1 pack",
      "barcode": [
        "9326489675883",
        "9351257277938",
        "9313022343736",
        "9312997027917",
        "9354779872988",
        "9326489556229",
        "9354009767343",
        "9351257518420",
        "9354009329350",
        "9312993757221",
        "9311497460668",
        "9312997339966",
        "9354779877518",
        "9352762216719",
        "9354009433774",
        "9312758955152",
        "9313022343729",
        "9352762000738",
        "9352762253882",
        "9351950664387",
        "9351257431408",
        "9342830294336",
        "9354779556574",
        "9337367016261",
        "9313366909582",
        "9350461836771",
        "9351950072496",
        "9354779873015",
        "9354779556406",
        "9311497965361",
        "9311497460811",
        "9352762767976",
        "9352762787134",
        "9351950017596",
        "9354779877488",
        "9311497460712",
        "9352762554163",
        "9354779556376",
        "9337367229357",
        "9312997342089",
        "9312997581532",
        "9310259861927",
        "9352762780432",
        "9354009814184",
        "9354779510217",
        "9351257800402",
        "9352762780319",
        "9352762780104",
        "9351950494397",
        "9312997020123",
        "9354009034759",
        "9354779530703",
        "9354009814153",
        "9354779556543",
        "9313366988037",
        "9351257056052",
        "9312688848708",
        "9352762787066",
        "9312997186577",
        "9311497965354",
        "9310308801362",
        "9354779510248",
        "9351257800419"
      ],
      "isAvailable": true
    },
    {
      "id": "c3295454p",
      "store": "coles",
      "name": "Max Plus AAA Battery",
      "brand": "Energizer",
      "price": 8.35,
      "orgPrice": 16.7,
      "categoryIds": ["household"],
      "imagePath": "https://shop.coles.com.au/wcsstore/Coles-CAS/images/3/2/9/3295454.jpg",
      "cupPrice": "$0.84 per 1ea",
      "unit": "ea",
      "packageSize": "10 pack",
      "barcode": null,
      "isAvailable": true
    },
    {
      "id": "c3475875p-9350376003428",
      "store": "coles",
      "name": "Scent Switch Marine Aromatic & Citrus Toilet Cleaner",
      "brand": "Bref",
      "price": 3,
      "orgPrice": 6,
      "categoryIds": ["household"],
      "imagePath": "https://shop.coles.com.au/wcsstore/Coles-CAS/images/3/4/7/3475875.jpg",
      "cupPrice": "$6.00 per 100g",
      "unit": "ea",
      "packageSize": "50g",
      "barcode": ["9350376003428"],
      "isAvailable": true
    },
    {
      "id": "c3629797p-400003549146",
      "store": "coles",
      "name": "1089s Ladies Bikini Briefs Size 12",
      "brand": "Bonds",
      "price": 9,
      "orgPrice": 18,
      "categoryIds": ["household"],
      "imagePath": "https://shop.coles.com.au/wcsstore/Coles-CAS/images/3/6/2/3629797.jpg",
      "cupPrice": "$4.50 per 1ea",
      "unit": "ea",
      "packageSize": "2 pack",
      "barcode": [
        "400003549146",
        "9354779527949",
        "9352762620172",
        "9312997314758",
        "9312997314703",
        "9312997034052",
        "9354779528274",
        "9352762620226",
        "9354779882147",
        "9312997180100",
        "9312997180155",
        "9354779513607"
      ],
      "isAvailable": true
    },
    {
      "id": "c3041296p-5011417567104",
      "store": "coles",
      "name": "VI Poo Lemon Idol",
      "brand": "Air Wick",
      "price": 5,
      "orgPrice": 10,
      "categoryIds": ["household"],
      "imagePath": "https://shop.coles.com.au/wcsstore/Coles-CAS/images/3/0/4/3041296.jpg",
      "cupPrice": "$9.09 per 100ml",
      "unit": "ea",
      "packageSize": "55ml",
      "barcode": ["5011417567104"],
      "isAvailable": true
    },
    {
      "id": "c3476062p-9350376003565",
      "store": "coles",
      "name": "Purple Active Lavender Toilet Cleaner",
      "brand": "Bref",
      "price": 6.5,
      "orgPrice": 13,
      "categoryIds": ["household"],
      "imagePath": "https://shop.coles.com.au/wcsstore/Coles-CAS/images/3/4/7/3476062.jpg",
      "cupPrice": "$4.33 per 100g",
      "unit": "ea",
      "packageSize": "3 pack",
      "barcode": ["9350376003565"],
      "isAvailable": true
    },
    {
      "id": "c1149327p-9300701005061",
      "store": "coles",
      "name": "Freesia & Jasmine Reed Diffuser",
      "brand": "Air Wick",
      "price": 5.5,
      "orgPrice": 11,
      "categoryIds": ["household"],
      "imagePath": "https://shop.coles.com.au/wcsstore/Coles-CAS/images/1/1/4/1149327.jpg",
      "cupPrice": "$11.00 per 100ml",
      "unit": "ea",
      "packageSize": "50ml",
      "barcode": ["9300701005061"],
      "isAvailable": true
    },
    {
      "id": "c3315904p-9300701708504",
      "store": "coles",
      "name": "Stain Remover Fabric Powder",
      "brand": "Vanish",
      "price": 6,
      "orgPrice": 12,
      "categoryIds": ["household"],
      "imagePath": "https://shop.coles.com.au/wcsstore/Coles-CAS/images/3/3/1/3315904.jpg",
      "cupPrice": "$6.67 per 1kg",
      "unit": "ea",
      "packageSize": "900g",
      "barcode": ["9300701708504"],
      "isAvailable": true
    },
    {
      "id": "c3629786p-9354779882130",
      "store": "coles",
      "name": "1089s Ladies Bikini Briefs Size 10",
      "brand": "Bonds",
      "price": 9,
      "orgPrice": 18,
      "categoryIds": ["household"],
      "imagePath": "https://shop.coles.com.au/wcsstore/Coles-CAS/images/3/6/2/3629786.jpg",
      "cupPrice": "$4.50 per 1ea",
      "unit": "ea",
      "packageSize": "2 pack",
      "barcode": [
        "9354779882130",
        "9312997314741",
        "9352762620165",
        "9312997180094",
        "9354779513591",
        "9352762620219",
        "9354779527932",
        "9312997180148",
        "9354779528267",
        "9312997034045",
        "400003549139",
        "9312997314697"
      ],
      "isAvailable": true
    },
    {
      "id": "c3376498p-8710447496770",
      "store": "coles",
      "name": "Triple Laundry Liquid Capsules",
      "brand": "OMO",
      "price": 8,
      "orgPrice": 16,
      "categoryIds": ["household"],
      "imagePath": "https://shop.coles.com.au/wcsstore/Coles-CAS/images/3/3/7/3376498.jpg",
      "cupPrice": "$0.47 per 1ea",
      "unit": "ea",
      "packageSize": "17 pack",
      "barcode": ["8710447496770"],
      "isAvailable": true
    },
    {
      "id": "c3476051p-9350376003558",
      "store": "coles",
      "name": "Blue Active Eucalyptus",
      "brand": "Bref",
      "price": 6.5,
      "orgPrice": 13,
      "categoryIds": ["household"],
      "imagePath": "https://shop.coles.com.au/wcsstore/Coles-CAS/images/3/4/7/3476051.jpg",
      "cupPrice": "$4.33 per 100g",
      "unit": "ea",
      "packageSize": "3 pack",
      "barcode": ["9350376003558"],
      "isAvailable": true
    },
    {
      "id": "c3475864p-9350376003411",
      "store": "coles",
      "name": "Scent Switch Peach & Apple Toilet Cleaner",
      "brand": "Bref",
      "price": 3,
      "orgPrice": 6,
      "categoryIds": ["household"],
      "imagePath": "https://shop.coles.com.au/wcsstore/Coles-CAS/images/3/4/7/3475864.jpg",
      "cupPrice": "$6.00 per 100g",
      "unit": "ea",
      "packageSize": "50g",
      "barcode": ["9350376003411"],
      "isAvailable": true
    },
    {
      "id": "c3505932p-810005410953",
      "store": "coles",
      "name": "Sensitive 80 Wipes",
      "brand": "Rascal And Friends",
      "price": 2.5,
      "orgPrice": 5,
      "categoryIds": ["baby"],
      "imagePath": "https://shop.coles.com.au/wcsstore/Coles-CAS/images/3/5/0/3505932.jpg",
      "cupPrice": "$2.50 per 1ea",
      "unit": "ea",
      "packageSize": "1 pack",
      "barcode": ["810005410953"],
      "isAvailable": true
    },
    {
      "id": "w64013-9326451099600",
      "store": "woolworths",
      "name": "Don Famous Football Hot Dogs Skinless",
      "brand": "Don Famous Football",
      "price": 3.1,
      "orgPrice": 6.2,
      "categoryIds": ["meat-seafood-deli"],
      "imagePath": "https://cdn0.woolworths.media/content/wowproductimages/large/064013.jpg",
      "cupPrice": "$8.27 / 1kg",
      "unit": "each",
      "packageSize": "375g",
      "barcode": ["9326451099600"],
      "isAvailable": true
    },
    {
      "id": "w815000-5000221605133",
      "store": "woolworths",
      "name": "Cadbury Choc Mini Rolls ",
      "brand": "Cadbury",
      "price": 2.75,
      "orgPrice": 5.5,
      "categoryIds": ["bakery"],
      "imagePath": "https://cdn0.woolworths.media/content/wowproductimages/large/815000.jpg",
      "cupPrice": "$0.28 / 1ea",
      "unit": "each",
      "packageSize": "10 pack",
      "barcode": ["5000221605133"],
      "isAvailable": true
    },
    {
      "id": "w957684-9310023142986",
      "store": "woolworths",
      "name": "Mighty Soft Fruit Loaf Cafe Style",
      "brand": "Mighty Soft",
      "price": 3,
      "orgPrice": 6,
      "categoryIds": ["bakery"],
      "imagePath": "https://cdn0.woolworths.media/content/wowproductimages/large/957684.jpg",
      "cupPrice": "$0.50 / 100g",
      "unit": "each",
      "packageSize": "600g",
      "barcode": ["9310023142986"],
      "isAvailable": true
    },
    {
      "id": "w67594-9310003001333",
      "store": "woolworths",
      "name": "Flora Pro-activ Spread Original",
      "brand": "Flora",
      "price": 2.25,
      "orgPrice": 4.5,
      "categoryIds": ["dairy-eggs-fridge"],
      "imagePath": "https://cdn0.woolworths.media/content/wowproductimages/large/067594.jpg",
      "cupPrice": "$0.90 / 100g",
      "unit": "each",
      "packageSize": "250g",
      "barcode": ["9310003001333"],
      "isAvailable": true
    },
    {
      "id": "w580630-9300830026074",
      "store": "woolworths",
      "name": "Flora Proactiv Margarine Buttery",
      "brand": "Flora",
      "price": 2.25,
      "orgPrice": 4.5,
      "categoryIds": ["dairy-eggs-fridge"],
      "imagePath": "https://cdn0.woolworths.media/content/wowproductimages/large/580630.jpg",
      "cupPrice": "$0.90 / 100g",
      "unit": "each",
      "packageSize": "250g",
      "barcode": ["9300830026074"],
      "isAvailable": true
    },
    {
      "id": "w54267-9312353000875",
      "store": "woolworths",
      "name": "Latina Fresh Beef Ravioli",
      "brand": "Latina Fresh",
      "price": 4,
      "orgPrice": 8,
      "categoryIds": ["dairy-eggs-fridge"],
      "imagePath": "https://cdn0.woolworths.media/content/wowproductimages/large/054267.jpg",
      "cupPrice": "$0.64 / 100g",
      "unit": "each",
      "packageSize": "625g",
      "barcode": ["9312353000875"],
      "isAvailable": true
    },
    {
      "id": "w14550-9312353000462",
      "store": "woolworths",
      "name": "Latina Fresh Ham Cheese Tortellini",
      "brand": "Latina Fresh",
      "price": 4,
      "orgPrice": 8,
      "categoryIds": ["dairy-eggs-fridge"],
      "imagePath": "https://cdn0.woolworths.media/content/wowproductimages/large/014550.jpg",
      "cupPrice": "$0.64 / 100g",
      "unit": "each",
      "packageSize": "625g",
      "barcode": ["9312353000462"],
      "isAvailable": true
    },
    {
      "id": "w335534-9312353004989",
      "store": "woolworths",
      "name": "Latina Fresh Roast Chicken & Garlic Ravioli",
      "brand": "Latina Fresh",
      "price": 4,
      "orgPrice": 8,
      "categoryIds": ["dairy-eggs-fridge"],
      "imagePath": "https://cdn0.woolworths.media/content/wowproductimages/large/335534.jpg",
      "cupPrice": "$0.64 / 100g",
      "unit": "each",
      "packageSize": "625g",
      "barcode": ["9312353004989"],
      "isAvailable": true
    },
    {
      "id": "w44977-9312353001759",
      "store": "woolworths",
      "name": "Latina Fresh Spinach & Ricotta Agnolotti",
      "brand": "Latina Fresh",
      "price": 4,
      "orgPrice": 8,
      "categoryIds": ["dairy-eggs-fridge"],
      "imagePath": "https://cdn0.woolworths.media/content/wowproductimages/large/044977.jpg",
      "cupPrice": "$0.64 / 100g",
      "unit": "each",
      "packageSize": "625g",
      "barcode": ["9312353001759"],
      "isAvailable": true
    },
    {
      "id": "w54264-9312353000899",
      "store": "woolworths",
      "name": "Latina Fresh Veal Tortellini",
      "brand": "Latina Fresh",
      "price": 4,
      "orgPrice": 8,
      "categoryIds": ["dairy-eggs-fridge"],
      "imagePath": "https://cdn0.woolworths.media/content/wowproductimages/large/054264.jpg",
      "cupPrice": "$0.64 / 100g",
      "unit": "each",
      "packageSize": "625g",
      "barcode": ["9312353000899"],
      "isAvailable": true
    },
    {
      "id": "w875354-9315090208962",
      "store": "woolworths",
      "name": "Arnold's Farm Golden Syrup Porridge Sachets",
      "brand": "Arnold's Farm",
      "price": 2.5,
      "orgPrice": 5,
      "categoryIds": ["pantry"],
      "imagePath": "https://cdn0.woolworths.media/content/wowproductimages/large/875354.jpg",
      "cupPrice": "$0.74 / 100g",
      "unit": "each",
      "packageSize": "8 pack",
      "barcode": ["9315090208962"],
      "isAvailable": true
    },
    {
      "id": "w874162-9315090208948",
      "store": "woolworths",
      "name": "Arnold's Farm Porridge Sachets Apple & Brown Sugar",
      "brand": "Arnold's Farm",
      "price": 2.5,
      "orgPrice": 5,
      "categoryIds": ["pantry"],
      "imagePath": "https://cdn0.woolworths.media/content/wowproductimages/large/874162.jpg",
      "cupPrice": "$0.74 / 100g",
      "unit": "each",
      "packageSize": "8 pack",
      "barcode": ["9315090208948"],
      "isAvailable": true
    },
    {
      "id": "w51628-5000159523073",
      "store": "woolworths",
      "name": "Bounty Chocolate Bar ",
      "brand": "Bounty",
      "price": 1,
      "orgPrice": 2,
      "categoryIds": ["pantry"],
      "imagePath": "https://cdn0.woolworths.media/content/wowproductimages/large/051628.jpg",
      "cupPrice": "$1.79 / 100g",
      "unit": "each",
      "packageSize": "56g",
      "barcode": ["5000159523073"],
      "isAvailable": true
    },
    {
      "id": "w490219-9300617052937",
      "store": "woolworths",
      "name": "Cadbury Baking Chocolate Chips White",
      "brand": "Cadbury",
      "price": 2.12,
      "orgPrice": 4.25,
      "categoryIds": ["pantry"],
      "imagePath": "https://cdn0.woolworths.media/content/wowproductimages/large/490219.jpg",
      "cupPrice": "$1.06 / 100g",
      "unit": "each",
      "packageSize": "200g",
      "barcode": ["9300617052937"],
      "isAvailable": true
    },
    {
      "id": "w813878-9300617066224",
      "store": "woolworths",
      "name": "Cadbury Baking Dark Chocolate 70% Cacao",
      "brand": "Cadbury",
      "price": 2.02,
      "orgPrice": 4.05,
      "categoryIds": ["pantry"],
      "imagePath": "https://cdn0.woolworths.media/content/wowproductimages/large/813878.jpg",
      "cupPrice": "$1.12 / 100g",
      "unit": "each",
      "packageSize": "180g",
      "barcode": ["9300617066224"],
      "isAvailable": true
    },
    {
      "id": "w828994-9300617046059",
      "store": "woolworths",
      "name": "Cadbury Baking Dark Chocolate Chips",
      "brand": "Cadbury",
      "price": 2.12,
      "orgPrice": 4.25,
      "categoryIds": ["pantry"],
      "imagePath": "https://cdn0.woolworths.media/content/wowproductimages/large/828994.jpg",
      "cupPrice": "$1.06 / 100g",
      "unit": "each",
      "packageSize": "200g",
      "barcode": ["9300617046059"],
      "isAvailable": true
    },
    {
      "id": "w829009-9300617046134",
      "store": "woolworths",
      "name": "Cadbury Baking Dark Chocolate Melts",
      "brand": "Cadbury",
      "price": 2.12,
      "orgPrice": 4.25,
      "categoryIds": ["pantry"],
      "imagePath": "https://cdn0.woolworths.media/content/wowproductimages/large/829009.jpg",
      "cupPrice": "$0.94 / 100g",
      "unit": "each",
      "packageSize": "225g",
      "barcode": ["9300617046134"],
      "isAvailable": true
    },
    {
      "id": "w813868-9300617066262",
      "store": "woolworths",
      "name": "Cadbury Baking Dark Chocolate Block ",
      "brand": "Cadbury",
      "price": 2.02,
      "orgPrice": 4.05,
      "categoryIds": ["pantry"],
      "imagePath": "https://cdn0.woolworths.media/content/wowproductimages/large/813868.jpg",
      "cupPrice": "$1.12 / 100g",
      "unit": "each",
      "packageSize": "180g",
      "barcode": ["9300617066262"],
      "isAvailable": true
    },
    {
      "id": "w829004-9300617046219",
      "store": "woolworths",
      "name": "Cadbury Baking Milk Chocolate Chips",
      "brand": "Cadbury",
      "price": 2.12,
      "orgPrice": 4.25,
      "categoryIds": ["pantry"],
      "imagePath": "https://cdn0.woolworths.media/content/wowproductimages/large/829004.jpg",
      "cupPrice": "$1.06 / 100g",
      "unit": "each",
      "packageSize": "200g",
      "barcode": ["9300617046219"],
      "isAvailable": true
    },
    {
      "id": "w829005-9300617046172",
      "store": "woolworths",
      "name": "Cadbury Baking Milk Chocolate Melts",
      "brand": "Cadbury",
      "price": 2.12,
      "orgPrice": 4.25,
      "categoryIds": ["pantry"],
      "imagePath": "https://cdn0.woolworths.media/content/wowproductimages/large/829005.jpg",
      "cupPrice": "$0.94 / 100g",
      "unit": "each",
      "packageSize": "225g",
      "barcode": ["9300617046172"],
      "isAvailable": true
    },
    {
      "id": "w813865-9300617066125",
      "store": "woolworths",
      "name": "Cadbury Baking Milk Chocolate Block ",
      "brand": "Cadbury",
      "price": 2.02,
      "orgPrice": 4.05,
      "categoryIds": ["pantry"],
      "imagePath": "https://cdn0.woolworths.media/content/wowproductimages/large/813865.jpg",
      "cupPrice": "$1.12 / 100g",
      "unit": "each",
      "packageSize": "180g",
      "barcode": ["9300617066125"],
      "isAvailable": true
    },
    {
      "id": "w813880-9300617066170",
      "store": "woolworths",
      "name": "Cadbury Baking White Chocolate",
      "brand": "Cadbury",
      "price": 2.02,
      "orgPrice": 4.05,
      "categoryIds": ["pantry"],
      "imagePath": "https://cdn0.woolworths.media/content/wowproductimages/large/813880.jpg",
      "cupPrice": "$1.12 / 100g",
      "unit": "each",
      "packageSize": "180g",
      "barcode": ["9300617066170"],
      "isAvailable": true
    },
    {
      "id": "w829006-9300617046257",
      "store": "woolworths",
      "name": "Cadbury Baking White Chocolate Melts",
      "brand": "Cadbury",
      "price": 2.12,
      "orgPrice": 4.25,
      "categoryIds": ["pantry"],
      "imagePath": "https://cdn0.woolworths.media/content/wowproductimages/large/829006.jpg",
      "cupPrice": "$0.94 / 100g",
      "unit": "each",
      "packageSize": "225g",
      "barcode": ["9300617046257"],
      "isAvailable": true
    },
    {
      "id": "w25975-9310034001340",
      "store": "woolworths",
      "name": "Cadbury Biscuit Bar Chocolate ",
      "brand": "Cadbury",
      "price": 2,
      "orgPrice": 4,
      "categoryIds": ["pantry"],
      "imagePath": "https://cdn0.woolworths.media/content/wowproductimages/large/025975.jpg",
      "cupPrice": "$1.54 / 100g",
      "unit": "each",
      "packageSize": "130g",
      "barcode": ["9310034001340"],
      "isAvailable": true
    },
    {
      "id": "w25974-9310034001357",
      "store": "woolworths",
      "name": "Cadbury Biscuit Bar Classic ",
      "brand": "Cadbury",
      "price": 2,
      "orgPrice": 4,
      "categoryIds": ["pantry"],
      "imagePath": "https://cdn0.woolworths.media/content/wowproductimages/large/025974.jpg",
      "cupPrice": "$1.54 / 100g",
      "unit": "each",
      "packageSize": "130g",
      "barcode": ["9310034001357"],
      "isAvailable": true
    },
    {
      "id": "w245573-9300644700702",
      "store": "woolworths",
      "name": "Campbell's Chunky Canned Soup Beef Hearty & Filling",
      "brand": "Campbell's",
      "price": 1.75,
      "orgPrice": 3.5,
      "categoryIds": ["pantry"],
      "imagePath": "https://cdn0.woolworths.media/content/wowproductimages/large/245573.jpg",
      "cupPrice": "$0.35 / 100g",
      "unit": "each",
      "packageSize": "505g",
      "barcode": ["9300644700702"],
      "isAvailable": true
    },
    {
      "id": "w247332-9300644700009",
      "store": "woolworths",
      "name": "Campbell's Chunky Canned Soup Hearty Irish Stew",
      "brand": "Campbell's",
      "price": 1.75,
      "orgPrice": 3.5,
      "categoryIds": ["pantry"],
      "imagePath": "https://cdn0.woolworths.media/content/wowproductimages/large/247332.jpg",
      "cupPrice": "$0.35 / 100g",
      "unit": "each",
      "packageSize": "505g",
      "barcode": ["9300644700009"],
      "isAvailable": true
    },
    {
      "id": "w245580-9300644700726",
      "store": "woolworths",
      "name": "Campbell's Chunky Canned Soup Potato & Bacon",
      "brand": "Campbell's",
      "price": 1.75,
      "orgPrice": 3.5,
      "categoryIds": ["pantry"],
      "imagePath": "https://cdn0.woolworths.media/content/wowproductimages/large/245580.jpg",
      "cupPrice": "$0.35 / 100g",
      "unit": "each",
      "packageSize": "505g",
      "barcode": ["9300644700726"],
      "isAvailable": true
    },
    {
      "id": "w245581-9300644700740",
      "store": "woolworths",
      "name": "Campbell's Chunky Canned Soup Roast Chicken & Vegetable",
      "brand": "Campbell's",
      "price": 1.75,
      "orgPrice": 3.5,
      "categoryIds": ["pantry"],
      "imagePath": "https://cdn0.woolworths.media/content/wowproductimages/large/245581.jpg",
      "cupPrice": "$0.35 / 100g",
      "unit": "each",
      "packageSize": "505g",
      "barcode": ["9300644700740"],
      "isAvailable": true
    },
    {
      "id": "w245575-9300644700719",
      "store": "woolworths",
      "name": "Campbell's Chunky Ham & Pea Ham & Pea",
      "brand": "Campbell's",
      "price": 1.75,
      "orgPrice": 3.5,
      "categoryIds": ["pantry"],
      "imagePath": "https://cdn0.woolworths.media/content/wowproductimages/large/245575.jpg",
      "cupPrice": "$0.35 / 100g",
      "unit": "each",
      "packageSize": "505g",
      "barcode": ["9300644700719"],
      "isAvailable": true
    },
    {
      "id": "w144709-9300644023566",
      "store": "woolworths",
      "name": "Campbell's Country Ladle Canned Soup Beef & Vegetable",
      "brand": "Campbell's",
      "price": 1.75,
      "orgPrice": 3.5,
      "categoryIds": ["pantry"],
      "imagePath": "https://cdn0.woolworths.media/content/wowproductimages/large/144709.jpg",
      "cupPrice": "$0.35 / 100g",
      "unit": "each",
      "packageSize": "500g",
      "barcode": ["9300644023566"],
      "isAvailable": true
    },
    {
      "id": "w45795-9300644023542",
      "store": "woolworths",
      "name": "Campbell's Country Ladle Canned Soup Butternut Pumpkin",
      "brand": "Campbell's",
      "price": 1.75,
      "orgPrice": 3.5,
      "categoryIds": ["pantry"],
      "imagePath": "https://cdn0.woolworths.media/content/wowproductimages/large/045795.jpg",
      "cupPrice": "$0.35 / 100g",
      "unit": "each",
      "packageSize": "505g",
      "barcode": ["9300644023542"],
      "isAvailable": true
    },
    {
      "id": "w186164-9300644235808",
      "store": "woolworths",
      "name": "Campbell's Country Ladle Canned Soup Chicken & Sweet Corn",
      "brand": "Campbell's",
      "price": 1.75,
      "orgPrice": 3.5,
      "categoryIds": ["pantry"],
      "imagePath": "https://cdn0.woolworths.media/content/wowproductimages/large/186164.jpg",
      "cupPrice": "$0.35 / 100g",
      "unit": "each",
      "packageSize": "505g",
      "barcode": ["9300644235808"],
      "isAvailable": true
    },
    {
      "id": "w370259-9300644702393",
      "store": "woolworths",
      "name": "Campbell's Country Ladle Canned Soup Chicken Noodle",
      "brand": "Campbell's",
      "price": 1.75,
      "orgPrice": 3.5,
      "categoryIds": ["pantry"],
      "imagePath": "https://cdn0.woolworths.media/content/wowproductimages/large/370259.jpg",
      "cupPrice": "$0.35 / 100g",
      "unit": "each",
      "packageSize": "500g",
      "barcode": ["9300644702393"],
      "isAvailable": true
    },
    {
      "id": "w204677-9300644234900",
      "store": "woolworths",
      "name": "Campbell's Country Ladle Canned Soup Creamy Chicken",
      "brand": "Campbell's",
      "price": 1.75,
      "orgPrice": 3.5,
      "categoryIds": ["pantry"],
      "imagePath": "https://cdn0.woolworths.media/content/wowproductimages/large/204677.jpg",
      "cupPrice": "$0.35 / 100g",
      "unit": "each",
      "packageSize": "500g",
      "barcode": ["9300644234900"],
      "isAvailable": true
    },
    {
      "id": "w45777-9300644023535",
      "store": "woolworths",
      "name": "Campbell's Country Ladle Canned Soup Minestrone",
      "brand": "Campbell's",
      "price": 1.75,
      "orgPrice": 3.5,
      "categoryIds": ["pantry"],
      "imagePath": "https://cdn0.woolworths.media/content/wowproductimages/large/045777.jpg",
      "cupPrice": "$0.35 / 100g",
      "unit": "each",
      "packageSize": "495g",
      "barcode": ["9300644023535"],
      "isAvailable": true
    },
    {
      "id": "w99542-9300644023559",
      "store": "woolworths",
      "name": "Campbell's Country Ladle Canned Soup Pea & Ham",
      "brand": "Campbell's",
      "price": 1.75,
      "orgPrice": 3.5,
      "categoryIds": ["pantry"],
      "imagePath": "https://cdn0.woolworths.media/content/wowproductimages/large/099542.jpg",
      "cupPrice": "$0.35 / 100g",
      "unit": "each",
      "packageSize": "500g",
      "barcode": ["9300644023559"],
      "isAvailable": true
    },
    {
      "id": "w167572-9300644235709",
      "store": "woolworths",
      "name": "Campbell's Country Ladle Canned Soup Potato & Leek",
      "brand": "Campbell's",
      "price": 1.75,
      "orgPrice": 3.5,
      "categoryIds": ["pantry"],
      "imagePath": "https://cdn0.woolworths.media/content/wowproductimages/large/167572.jpg",
      "cupPrice": "$0.35 / 100g",
      "unit": "each",
      "packageSize": "505g",
      "barcode": ["9300644235709"],
      "isAvailable": true
    },
    {
      "id": "w370260-9300644702409",
      "store": "woolworths",
      "name": "Campbell's Country Ladle Creamy Pumpkin Creamy Pumpkin",
      "brand": "Campbell's",
      "price": 1.75,
      "orgPrice": 3.5,
      "categoryIds": ["pantry"],
      "imagePath": "https://cdn0.woolworths.media/content/wowproductimages/large/370260.jpg",
      "cupPrice": "$0.35 / 100g",
      "unit": "each",
      "packageSize": "500g",
      "barcode": ["9300644702409"],
      "isAvailable": true
    },
    {
      "id": "w45931-9300644023504",
      "store": "woolworths",
      "name": "Campbell's Country Ladle Farmhouse Vegetable",
      "brand": "Campbell's",
      "price": 1.75,
      "orgPrice": 3.5,
      "categoryIds": ["pantry"],
      "imagePath": "https://cdn0.woolworths.media/content/wowproductimages/large/045931.jpg",
      "cupPrice": "$0.35 / 100g",
      "unit": "each",
      "packageSize": "495g",
      "barcode": ["9300644023504"],
      "isAvailable": true
    },
    {
      "id": "w320499-9300644701617",
      "store": "woolworths",
      "name": "Campbell's Country Ladle Garden Vegetable & Wholegrain Barley",
      "brand": "Campbell's",
      "price": 1.75,
      "orgPrice": 3.5,
      "categoryIds": ["pantry"],
      "imagePath": "https://cdn0.woolworths.media/content/wowproductimages/large/320499.jpg",
      "cupPrice": "$0.35 / 100g",
      "unit": "each",
      "packageSize": "500g",
      "barcode": ["9300644701617"],
      "isAvailable": true
    },
    {
      "id": "w90354-9310015249600",
      "store": "woolworths",
      "name": "Doritos Collide Burn & Xtra Powwer Sour Cream",
      "brand": "Doritos",
      "price": 1.75,
      "orgPrice": 3.5,
      "categoryIds": ["pantry"],
      "imagePath": "https://cdn0.woolworths.media/content/wowproductimages/large/090354.jpg",
      "cupPrice": "$1.17 / 100g",
      "unit": "each",
      "packageSize": "150g",
      "barcode": ["9310015249600"],
      "isAvailable": true
    },
    {
      "id": "w85468-5018357013098",
      "store": "woolworths",
      "name": "Dorset Berry Granola ",
      "brand": "Dorset",
      "price": 3.5,
      "orgPrice": 7,
      "categoryIds": ["pantry"],
      "imagePath": "https://cdn0.woolworths.media/content/wowproductimages/large/085468.jpg",
      "cupPrice": "$0.78 / 100g",
      "unit": "each",
      "packageSize": "450g",
      "barcode": ["5018357013098"],
      "isAvailable": true
    },
    {
      "id": "w85597-5018357013012",
      "store": "woolworths",
      "name": "Dorset Honey Granola ",
      "brand": "Dorset",
      "price": 3.5,
      "orgPrice": 7,
      "categoryIds": ["pantry"],
      "imagePath": "https://cdn0.woolworths.media/content/wowproductimages/large/085597.jpg",
      "cupPrice": "$0.78 / 100g",
      "unit": "each",
      "packageSize": "450g",
      "barcode": ["5018357013012"],
      "isAvailable": true
    },
    {
      "id": "w85470-5018357013074",
      "store": "woolworths",
      "name": "Dorset Nut Granola ",
      "brand": "Dorset",
      "price": 3.5,
      "orgPrice": 7,
      "categoryIds": ["pantry"],
      "imagePath": "https://cdn0.woolworths.media/content/wowproductimages/large/085470.jpg",
      "cupPrice": "$0.78 / 100g",
      "unit": "each",
      "packageSize": "450g",
      "barcode": ["5018357013074"],
      "isAvailable": true
    },
    {
      "id": "w780703-9300698501140",
      "store": "woolworths",
      "name": "Ferrero Collection Chocolates Rocher Rondnoir Raffaello",
      "brand": "Ferrero",
      "price": 6.3,
      "orgPrice": 12.6,
      "categoryIds": ["pantry"],
      "imagePath": "https://cdn0.woolworths.media/content/wowproductimages/large/780703.jpg",
      "cupPrice": "$3.66 / 100g",
      "unit": "each",
      "packageSize": "15 pack",
      "barcode": ["9300698501140"],
      "isAvailable": true
    },
    {
      "id": "w37827-80050278",
      "store": "woolworths",
      "name": "Ferrero Rocher ",
      "brand": "Ferrero",
      "price": 1,
      "orgPrice": 2,
      "categoryIds": ["pantry"],
      "imagePath": "https://cdn0.woolworths.media/content/wowproductimages/large/037827.jpg",
      "cupPrice": "$2.67 / 100g",
      "unit": "each",
      "packageSize": "3 pack",
      "barcode": ["80050278"],
      "isAvailable": true
    },
    {
      "id": "w85631-9315090211283",
      "store": "woolworths",
      "name": "Freedom Foods Arnold's Farm Almond Raspberry Porridge Sachets",
      "brand": "Freedom Foods",
      "price": 2.5,
      "orgPrice": 5,
      "categoryIds": ["pantry"],
      "imagePath": "https://cdn0.woolworths.media/content/wowproductimages/large/085631.jpg",
      "cupPrice": "$0.74 / 100g",
      "unit": "each",
      "packageSize": "8 pack",
      "barcode": ["9315090211283"],
      "isAvailable": true
    },
    {
      "id": "w86521-9315090211290",
      "store": "woolworths",
      "name": "Freedom Foods Arnold's Farm Blueberry & Goji Berry Porridge Sachets",
      "brand": "Freedom Foods",
      "price": 2.5,
      "orgPrice": 5,
      "categoryIds": ["pantry"],
      "imagePath": "https://cdn0.woolworths.media/content/wowproductimages/large/086521.jpg",
      "cupPrice": "$0.74 / 100g",
      "unit": "each",
      "packageSize": "8 pack",
      "barcode": ["9315090211290"],
      "isAvailable": true
    },
    {
      "id": "w86583-9315090211306",
      "store": "woolworths",
      "name": "Freedom Foods Arnold's Farm Honey Spice Porridge Sachets",
      "brand": "Freedom Foods",
      "price": 2.5,
      "orgPrice": 5,
      "categoryIds": ["pantry"],
      "imagePath": "https://cdn0.woolworths.media/content/wowproductimages/large/086583.jpg",
      "cupPrice": "$0.74 / 100g",
      "unit": "each",
      "packageSize": "8 pack",
      "barcode": ["9315090211306"],
      "isAvailable": true
    },
    {
      "id": "w782225-9315090201345",
      "store": "woolworths",
      "name": "Freedom Foods Cereal Buckwheat & Quinoa",
      "brand": "Freedom Foods",
      "price": 3,
      "orgPrice": 6,
      "categoryIds": ["pantry"],
      "imagePath": "https://cdn0.woolworths.media/content/wowproductimages/large/782225.jpg",
      "cupPrice": "$0.86 / 100g",
      "unit": "each",
      "packageSize": "350g",
      "barcode": ["9315090201345"],
      "isAvailable": true
    },
    {
      "id": "w782226-9315090201352",
      "store": "woolworths",
      "name": "Freedom Foods Cereal Multigrain & Cranberry",
      "brand": "Freedom Foods",
      "price": 3,
      "orgPrice": 6,
      "categoryIds": ["pantry"],
      "imagePath": "https://cdn0.woolworths.media/content/wowproductimages/large/782226.jpg",
      "cupPrice": "$0.86 / 100g",
      "unit": "each",
      "packageSize": "350g",
      "barcode": ["9315090201352"],
      "isAvailable": true
    },
    {
      "id": "w53375-9300617074755",
      "store": "woolworths",
      "name": "Green & Black's Dark Chocolate Crisps Raisin & Hazelnuts",
      "brand": "Green & Black's",
      "price": 2.75,
      "orgPrice": 5.5,
      "categoryIds": ["pantry"],
      "imagePath": "https://cdn0.woolworths.media/content/wowproductimages/large/053375.jpg",
      "cupPrice": "$2.29 / 100g",
      "unit": "each",
      "packageSize": "120g",
      "barcode": ["9300617074755"],
      "isAvailable": true
    },
    {
      "id": "w53378-9300617074731",
      "store": "woolworths",
      "name": "Green & Black's Dark Chocolate Crisps Slated Caramel & Almonds",
      "brand": "Green & Black's",
      "price": 2.75,
      "orgPrice": 5.5,
      "categoryIds": ["pantry"],
      "imagePath": "https://cdn0.woolworths.media/content/wowproductimages/large/053378.jpg",
      "cupPrice": "$2.29 / 100g",
      "unit": "each",
      "packageSize": "120g",
      "barcode": ["9300617074731"],
      "isAvailable": true
    },
    {
      "id": "w21568-9300657008369",
      "store": "woolworths",
      "name": "Greenseas Tuna Chunk In Olive Oil",
      "brand": "Greenseas",
      "price": 1,
      "orgPrice": 2,
      "categoryIds": ["pantry"],
      "imagePath": "https://cdn0.woolworths.media/content/wowproductimages/large/021568.jpg",
      "cupPrice": "$10.53 / 1kg",
      "unit": "each",
      "packageSize": "95g",
      "barcode": ["9300657008369"],
      "isAvailable": true
    },
    {
      "id": "w37250-9300657008444",
      "store": "woolworths",
      "name": "Greenseas Tuna Chunk In Spring Water",
      "brand": "Greenseas",
      "price": 1,
      "orgPrice": 2,
      "categoryIds": ["pantry"],
      "imagePath": "https://cdn0.woolworths.media/content/wowproductimages/large/037250.jpg",
      "cupPrice": "$10.53 / 1kg",
      "unit": "each",
      "packageSize": "95g",
      "barcode": ["9300657008444"],
      "isAvailable": true
    },
    {
      "id": "w32153-93657341",
      "store": "woolworths",
      "name": "Greenseas Tuna Chunks In Brine",
      "brand": "Greenseas",
      "price": 1,
      "orgPrice": 2,
      "categoryIds": ["pantry"],
      "imagePath": "https://cdn0.woolworths.media/content/wowproductimages/large/032153.jpg",
      "cupPrice": "$10.53 / 1kg",
      "unit": "each",
      "packageSize": "95g",
      "barcode": ["93657341"],
      "isAvailable": true
    },
    {
      "id": "w7707-93305150",
      "store": "woolworths",
      "name": "Greenseas Tuna Natural Smoked Flavour",
      "brand": "Greenseas",
      "price": 1,
      "orgPrice": 2,
      "categoryIds": ["pantry"],
      "imagePath": "https://cdn0.woolworths.media/content/wowproductimages/large/007707.jpg",
      "cupPrice": "$10.53 / 1kg",
      "unit": "each",
      "packageSize": "95g",
      "barcode": ["93305150"],
      "isAvailable": true
    },
    {
      "id": "w21569-93657686",
      "store": "woolworths",
      "name": "Greenseas Tuna Sandwich Flakes",
      "brand": "Greenseas",
      "price": 1,
      "orgPrice": 2,
      "categoryIds": ["pantry"],
      "imagePath": "https://cdn0.woolworths.media/content/wowproductimages/large/021569.jpg",
      "cupPrice": "$10.53 / 1kg",
      "unit": "each",
      "packageSize": "95g",
      "barcode": ["93657686"],
      "isAvailable": true
    },
    {
      "id": "w185814-9300657029357",
      "store": "woolworths",
      "name": "Greenseas Tuna Spicy Chilli",
      "brand": "Greenseas",
      "price": 1,
      "orgPrice": 2,
      "categoryIds": ["pantry"],
      "imagePath": "https://cdn0.woolworths.media/content/wowproductimages/large/185814.jpg",
      "cupPrice": "$10.53 / 1kg",
      "unit": "each",
      "packageSize": "95g",
      "barcode": ["9300657029357"],
      "isAvailable": true
    },
    {
      "id": "w185815-9300657029364",
      "store": "woolworths",
      "name": "Greenseas Tuna Sundried Tomato & Onion",
      "brand": "Greenseas",
      "price": 1,
      "orgPrice": 2,
      "categoryIds": ["pantry"],
      "imagePath": "https://cdn0.woolworths.media/content/wowproductimages/large/185815.jpg",
      "cupPrice": "$10.53 / 1kg",
      "unit": "each",
      "packageSize": "95g",
      "barcode": ["9300657029364"],
      "isAvailable": true
    },
    {
      "id": "w85719-93430906",
      "store": "woolworths",
      "name": "Greenseas Tuna Sweet Chilli",
      "brand": "Greenseas",
      "price": 1,
      "orgPrice": 2,
      "categoryIds": ["pantry"],
      "imagePath": "https://cdn0.woolworths.media/content/wowproductimages/large/085719.jpg",
      "cupPrice": "$10.53 / 1kg",
      "unit": "each",
      "packageSize": "95g",
      "barcode": ["93430906"],
      "isAvailable": true
    },
    {
      "id": "w7648-93305174",
      "store": "woolworths",
      "name": "Greenseas Tuna Tomato & Onion",
      "brand": "Greenseas",
      "price": 1,
      "orgPrice": 2,
      "categoryIds": ["pantry"],
      "imagePath": "https://cdn0.woolworths.media/content/wowproductimages/large/007648.jpg",
      "cupPrice": "$10.53 / 1kg",
      "unit": "each",
      "packageSize": "95g",
      "barcode": ["93305174"],
      "isAvailable": true
    },
    {
      "id": "w790810-5010477346216",
      "store": "woolworths",
      "name": "Jordans Bursting With Berries Crunchy Oat Granola",
      "brand": "Jordans",
      "price": 3.5,
      "orgPrice": 7,
      "categoryIds": ["pantry"],
      "imagePath": "https://cdn0.woolworths.media/content/wowproductimages/large/790810.jpg",
      "cupPrice": "$0.70 / 100g",
      "unit": "each",
      "packageSize": "500g",
      "barcode": ["5010477346216"],
      "isAvailable": true
    },
    {
      "id": "w780739-5010477341273",
      "store": "woolworths",
      "name": "Jordans Chunky Nut Crispy Oat Clusters",
      "brand": "Jordans",
      "price": 3.5,
      "orgPrice": 7,
      "categoryIds": ["pantry"],
      "imagePath": "https://cdn0.woolworths.media/content/wowproductimages/large/780739.jpg",
      "cupPrice": "$0.70 / 100g",
      "unit": "each",
      "packageSize": "500g",
      "barcode": ["5010477341273"],
      "isAvailable": true
    },
    {
      "id": "w85469-5010477356215",
      "store": "woolworths",
      "name": "Jordans Cluster Bites Honey Nut",
      "brand": "Jordans",
      "price": 3.5,
      "orgPrice": 7,
      "categoryIds": ["pantry"],
      "imagePath": "https://cdn0.woolworths.media/content/wowproductimages/large/085469.jpg",
      "cupPrice": "$0.70 / 100g",
      "unit": "each",
      "packageSize": "500g",
      "barcode": ["5010477356215"],
      "isAvailable": true
    },
    {
      "id": "w85599-5010477356192",
      "store": "woolworths",
      "name": "Jordans Cluster Bites Milk Chocolate",
      "brand": "Jordans",
      "price": 3.5,
      "orgPrice": 7,
      "categoryIds": ["pantry"],
      "imagePath": "https://cdn0.woolworths.media/content/wowproductimages/large/085599.jpg",
      "cupPrice": "$0.70 / 100g",
      "unit": "each",
      "packageSize": "500g",
      "barcode": ["5010477356192"],
      "isAvailable": true
    },
    {
      "id": "w686551-5010477353818",
      "store": "woolworths",
      "name": "Jordans Granola Low Sugar Almond Hazelnut",
      "brand": "Jordans",
      "price": 3.5,
      "orgPrice": 7,
      "categoryIds": ["pantry"],
      "imagePath": "https://cdn0.woolworths.media/content/wowproductimages/large/686551.jpg",
      "cupPrice": "$0.70 / 100g",
      "unit": "each",
      "packageSize": "500g",
      "barcode": ["5010477353818"],
      "isAvailable": true
    },
    {
      "id": "w810344-5010477353795",
      "store": "woolworths",
      "name": "Jordans Granola Low Sugar Cherry Almond",
      "brand": "Jordans",
      "price": 3.5,
      "orgPrice": 7,
      "categoryIds": ["pantry"],
      "imagePath": "https://cdn0.woolworths.media/content/wowproductimages/large/810344.jpg",
      "cupPrice": "$0.70 / 100g",
      "unit": "each",
      "packageSize": "500g",
      "barcode": ["5010477353795"],
      "isAvailable": true
    },
    {
      "id": "w85598-5010477357274",
      "store": "woolworths",
      "name": "Jordans Low Sugar Granola Blueberry & Coconut",
      "brand": "Jordans",
      "price": 3.5,
      "orgPrice": 7,
      "categoryIds": ["pantry"],
      "imagePath": "https://cdn0.woolworths.media/content/wowproductimages/large/085598.jpg",
      "cupPrice": "$0.70 / 100g",
      "unit": "each",
      "packageSize": "500g",
      "barcode": ["5010477357274"],
      "isAvailable": true
    },
    {
      "id": "w609556-5010477349651",
      "store": "woolworths",
      "name": "Jordans Simply Crunchy Oat Granola Honey",
      "brand": "Jordans",
      "price": 3.5,
      "orgPrice": 7,
      "categoryIds": ["pantry"],
      "imagePath": "https://cdn0.woolworths.media/content/wowproductimages/large/609556.jpg",
      "cupPrice": "$0.47 / 100g",
      "unit": "each",
      "packageSize": "750g",
      "barcode": ["5010477349651"],
      "isAvailable": true
    },
    {
      "id": "w780751-5010477341259",
      "store": "woolworths",
      "name": "Jordans Strawberry Crispy Oat Clusters",
      "brand": "Jordans",
      "price": 3.5,
      "orgPrice": 7,
      "categoryIds": ["pantry"],
      "imagePath": "https://cdn0.woolworths.media/content/wowproductimages/large/780751.jpg",
      "cupPrice": "$0.70 / 100g",
      "unit": "each",
      "packageSize": "500g",
      "barcode": ["5010477341259"],
      "isAvailable": true
    },
    {
      "id": "w72682-9310055104112",
      "store": "woolworths",
      "name": "Kellogg's K Time Crunchy Bites Berry ",
      "brand": "Kellogg's",
      "price": 2,
      "orgPrice": 4,
      "categoryIds": ["pantry"],
      "imagePath": "https://cdn0.woolworths.media/content/wowproductimages/large/072682.jpg",
      "cupPrice": "$1.33 / 100g",
      "unit": "each",
      "packageSize": "150g",
      "barcode": ["9310055104112"],
      "isAvailable": true
    },
    {
      "id": "w72672-9310055104129",
      "store": "woolworths",
      "name": "Kellogg's K Time Crunchy Bites Choc Coconut",
      "brand": "Kellogg's",
      "price": 2,
      "orgPrice": 4,
      "categoryIds": ["pantry"],
      "imagePath": "https://cdn0.woolworths.media/content/wowproductimages/large/072672.jpg",
      "cupPrice": "$1.33 / 100g",
      "unit": "each",
      "packageSize": "150g",
      "barcode": ["9310055104129"],
      "isAvailable": true
    },
    {
      "id": "w724085-9310055598447",
      "store": "woolworths",
      "name": "Kellogg's K-time Baked Twists Raspberry & Apple Flavour Snack Bars",
      "brand": "Kellogg's",
      "price": 2,
      "orgPrice": 4,
      "categoryIds": ["pantry"],
      "imagePath": "https://cdn0.woolworths.media/content/wowproductimages/large/724085.jpg",
      "cupPrice": "$1.08 / 100g",
      "unit": "each",
      "packageSize": "185g",
      "barcode": ["9310055598447"],
      "isAvailable": true
    },
    {
      "id": "w724087-9310055598430",
      "store": "woolworths",
      "name": "Kellogg's K-time Baked Twists Strawberry & Blueberry Flavour Snack Bars",
      "brand": "Kellogg's",
      "price": 2,
      "orgPrice": 4,
      "categoryIds": ["pantry"],
      "imagePath": "https://cdn0.woolworths.media/content/wowproductimages/large/724087.jpg",
      "cupPrice": "$1.08 / 100g",
      "unit": "each",
      "packageSize": "185g",
      "barcode": ["9310055598430"],
      "isAvailable": true
    },
    {
      "id": "w722766-9310055598454",
      "store": "woolworths",
      "name": "Kellogg's K-time Baked Twists Strawberry & Yoghurt Flavour Snack Bars",
      "brand": "Kellogg's",
      "price": 2,
      "orgPrice": 4,
      "categoryIds": ["pantry"],
      "imagePath": "https://cdn0.woolworths.media/content/wowproductimages/large/722766.jpg",
      "cupPrice": "$1.08 / 100g",
      "unit": "each",
      "packageSize": "185g",
      "barcode": ["9310055598454"],
      "isAvailable": true
    },
    {
      "id": "w72662-8852756743135",
      "store": "woolworths",
      "name": "Kellogg's Lcm Poppers Chocolatey ",
      "brand": "Kellogg's",
      "price": 2,
      "orgPrice": 4,
      "categoryIds": ["pantry"],
      "imagePath": "https://cdn0.woolworths.media/content/wowproductimages/large/072662.jpg",
      "cupPrice": "$2.00 / 100g",
      "unit": "each",
      "packageSize": "100g",
      "barcode": ["8852756743135"],
      "isAvailable": true
    },
    {
      "id": "w72652-8852756743142",
      "store": "woolworths",
      "name": "Kellogg's Lcm Poppers Yoghurty ",
      "brand": "Kellogg's",
      "price": 2,
      "orgPrice": 4,
      "categoryIds": ["pantry"],
      "imagePath": "https://cdn0.woolworths.media/content/wowproductimages/large/072652.jpg",
      "cupPrice": "$2.00 / 100g",
      "unit": "each",
      "packageSize": "100g",
      "barcode": ["8852756743142"],
      "isAvailable": true
    },
    {
      "id": "w324207-8852756401721",
      "store": "woolworths",
      "name": "Kellogg's Lcms Choc Chip Snack Bars",
      "brand": "Kellogg's",
      "price": 2,
      "orgPrice": 4,
      "categoryIds": ["pantry"],
      "imagePath": "https://cdn0.woolworths.media/content/wowproductimages/large/324207.jpg",
      "cupPrice": "$1.52 / 100g",
      "unit": "each",
      "packageSize": "6 pack",
      "barcode": ["8852756401721"],
      "isAvailable": true
    },
    {
      "id": "w312248-8852756401752",
      "store": "woolworths",
      "name": "Kellogg's Lcms Choco Split Stix Cereal Bars",
      "brand": "Kellogg's",
      "price": 2,
      "orgPrice": 4,
      "categoryIds": ["pantry"],
      "imagePath": "https://cdn0.woolworths.media/content/wowproductimages/large/312248.jpg",
      "cupPrice": "$1.45 / 100g",
      "unit": "each",
      "packageSize": "138g",
      "barcode": ["8852756401752"],
      "isAvailable": true
    },
    {
      "id": "w665521-8852756401578",
      "store": "woolworths",
      "name": "Kellogg's Lcms Coco Pops Cereal Snack Bars",
      "brand": "Kellogg's",
      "price": 2,
      "orgPrice": 4,
      "categoryIds": ["pantry"],
      "imagePath": "https://cdn0.woolworths.media/content/wowproductimages/large/665521.jpg",
      "cupPrice": "$1.52 / 100g",
      "unit": "each",
      "packageSize": "132g",
      "barcode": ["8852756401578"],
      "isAvailable": true
    },
    {
      "id": "w324208-8852756401738",
      "store": "woolworths",
      "name": "Kellogg's Lcms Kaleidos Snack Bars",
      "brand": "Kellogg's",
      "price": 2,
      "orgPrice": 4,
      "categoryIds": ["pantry"],
      "imagePath": "https://cdn0.woolworths.media/content/wowproductimages/large/324208.jpg",
      "cupPrice": "$1.52 / 100g",
      "unit": "each",
      "packageSize": "6 pack",
      "barcode": ["8852756401738"],
      "isAvailable": true
    },
    {
      "id": "w861010-8852756023497",
      "store": "woolworths",
      "name": "Kellogg's Lcms Unicorn Puffed Rice Snack Bars",
      "brand": "Kellogg's",
      "price": 2,
      "orgPrice": 4,
      "categoryIds": ["pantry"],
      "imagePath": "https://cdn0.woolworths.media/content/wowproductimages/large/861010.jpg",
      "cupPrice": "$1.52 / 100g",
      "unit": "each",
      "packageSize": "132g",
      "barcode": ["8852756023497"],
      "isAvailable": true
    },
    {
      "id": "w312255-8852756401745",
      "store": "woolworths",
      "name": "Kellogg's Lcms Yoghurty Split Stix Snack Bars",
      "brand": "Kellogg's",
      "price": 2,
      "orgPrice": 4,
      "categoryIds": ["pantry"],
      "imagePath": "https://cdn0.woolworths.media/content/wowproductimages/large/312255.jpg",
      "cupPrice": "$1.45 / 100g",
      "unit": "each",
      "packageSize": "138g",
      "barcode": ["8852756401745"],
      "isAvailable": true
    },
    {
      "id": "w55718-9310055103887",
      "store": "woolworths",
      "name": "Kellogg's Nutri-grain Nuts & Bolts Smoky Bbq Trail Mix",
      "brand": "Kellogg's",
      "price": 2,
      "orgPrice": 4,
      "categoryIds": ["pantry"],
      "imagePath": "https://cdn0.woolworths.media/content/wowproductimages/large/055718.jpg",
      "cupPrice": "$16.67 / 1kg",
      "unit": "each",
      "packageSize": "120g",
      "barcode": ["9310055103887"],
      "isAvailable": true
    },
    {
      "id": "w55679-9310055103870",
      "store": "woolworths",
      "name": "Kellogg's Nutri-grain Nuts & Bolts Spice Trail Mix",
      "brand": "Kellogg's",
      "price": 2,
      "orgPrice": 4,
      "categoryIds": ["pantry"],
      "imagePath": "https://cdn0.woolworths.media/content/wowproductimages/large/055679.jpg",
      "cupPrice": "$16.67 / 1kg",
      "unit": "each",
      "packageSize": "120g",
      "barcode": ["9310055103870"],
      "isAvailable": true
    },
    {
      "id": "w797142-8852756401691",
      "store": "woolworths",
      "name": "Kellogg's Nutri-grain Original Cereal Snack Bars",
      "brand": "Kellogg's",
      "price": 2,
      "orgPrice": 4,
      "categoryIds": ["pantry"],
      "imagePath": "https://cdn0.woolworths.media/content/wowproductimages/large/797142.jpg",
      "cupPrice": "$1.39 / 100g",
      "unit": "each",
      "packageSize": "144g",
      "barcode": ["8852756401691"],
      "isAvailable": true
    },
    {
      "id": "w87845-9310055103993",
      "store": "woolworths",
      "name": "Kellogg's Pop Tarts Frosted Chocotastic ",
      "brand": "Kellogg's",
      "price": 2.5,
      "orgPrice": 5,
      "categoryIds": ["pantry"],
      "imagePath": "https://cdn0.woolworths.media/content/wowproductimages/large/087845.jpg",
      "cupPrice": "$0.65 / 100g",
      "unit": "each",
      "packageSize": "8 pack",
      "barcode": ["9310055103993"],
      "isAvailable": true
    },
    {
      "id": "w85792-9310988017930",
      "store": "woolworths",
      "name": "Kettle Bbq Maple Falvoured Chips ",
      "brand": "Kettle",
      "price": 2.32,
      "orgPrice": 4.65,
      "categoryIds": ["pantry"],
      "imagePath": "https://cdn0.woolworths.media/content/wowproductimages/large/085792.jpg",
      "cupPrice": "$1.55 / 100g",
      "unit": "each",
      "packageSize": "150g",
      "barcode": ["9310988017930"],
      "isAvailable": true
    },
    {
      "id": "w587293-9310988016070",
      "store": "woolworths",
      "name": "Kettle Chilli Chips ",
      "brand": "Kettle",
      "price": 2.32,
      "orgPrice": 4.65,
      "categoryIds": ["pantry"],
      "imagePath": "https://cdn0.woolworths.media/content/wowproductimages/large/587293.jpg",
      "cupPrice": "$1.33 / 100g",
      "unit": "each",
      "packageSize": "175g",
      "barcode": ["9310988016070"],
      "isAvailable": true
    },
    {
      "id": "w587302-9310988016087",
      "store": "woolworths",
      "name": "Kettle Honey Soy Chicken",
      "brand": "Kettle",
      "price": 2.32,
      "orgPrice": 4.65,
      "categoryIds": ["pantry"],
      "imagePath": "https://cdn0.woolworths.media/content/wowproductimages/large/587302.jpg",
      "cupPrice": "$1.33 / 100g",
      "unit": "each",
      "packageSize": "175g",
      "barcode": ["9310988016087"],
      "isAvailable": true
    },
    {
      "id": "w706395-9310988017008",
      "store": "woolworths",
      "name": "Kettle Mozzarella & Basil Pesto Chips",
      "brand": "Kettle",
      "price": 2.32,
      "orgPrice": 4.65,
      "categoryIds": ["pantry"],
      "imagePath": "https://cdn0.woolworths.media/content/wowproductimages/large/706395.jpg",
      "cupPrice": "$1.33 / 100g",
      "unit": "each",
      "packageSize": "175g",
      "barcode": ["9310988017008"],
      "isAvailable": true
    },
    {
      "id": "w587294-9310988016056",
      "store": "woolworths",
      "name": "Kettle Original Sea Salt Chips ",
      "brand": "Kettle",
      "price": 2.32,
      "orgPrice": 4.65,
      "categoryIds": ["pantry"],
      "imagePath": "https://cdn0.woolworths.media/content/wowproductimages/large/587294.jpg",
      "cupPrice": "$1.33 / 100g",
      "unit": "each",
      "packageSize": "175g",
      "barcode": ["9310988016056"],
      "isAvailable": true
    },
    {
      "id": "w587304-9310988016063",
      "store": "woolworths",
      "name": "Kettle Sea Salt & Vinegar Chips ",
      "brand": "Kettle",
      "price": 2.32,
      "orgPrice": 4.65,
      "categoryIds": ["pantry"],
      "imagePath": "https://cdn0.woolworths.media/content/wowproductimages/large/587304.jpg",
      "cupPrice": "$1.33 / 100g",
      "unit": "each",
      "packageSize": "175g",
      "barcode": ["9310988016063"],
      "isAvailable": true
    },
    {
      "id": "w587305-9310988016094",
      "store": "woolworths",
      "name": "Kettle Sweet Chilli & Sour Cream ",
      "brand": "Kettle",
      "price": 2.32,
      "orgPrice": 4.65,
      "categoryIds": ["pantry"],
      "imagePath": "https://cdn0.woolworths.media/content/wowproductimages/large/587305.jpg",
      "cupPrice": "$1.33 / 100g",
      "unit": "each",
      "packageSize": "175g",
      "barcode": ["9310988016094"],
      "isAvailable": true
    },
    {
      "id": "w55496-9310988017671",
      "store": "woolworths",
      "name": "Kettle Thai Chilli & Lime Potato Chips",
      "brand": "Kettle",
      "price": 2.32,
      "orgPrice": 4.65,
      "categoryIds": ["pantry"],
      "imagePath": "https://cdn0.woolworths.media/content/wowproductimages/large/055496.jpg",
      "cupPrice": "$1.55 / 100g",
      "unit": "each",
      "packageSize": "150g",
      "barcode": ["9310988017671"],
      "isAvailable": true
    },
    {
      "id": "w66527-80052760",
      "store": "woolworths",
      "name": "Kinder Bueno Chocolate ",
      "brand": "Kinder",
      "price": 1,
      "orgPrice": 2,
      "categoryIds": ["pantry"],
      "imagePath": "https://cdn0.woolworths.media/content/wowproductimages/large/066527.jpg",
      "cupPrice": "$2.33 / 100g",
      "unit": "each",
      "packageSize": "43g bar",
      "barcode": ["80052760"],
      "isAvailable": true
    },
    {
      "id": "w532344-93698108",
      "store": "woolworths",
      "name": "Kinder Bueno White ",
      "brand": "Kinder",
      "price": 1,
      "orgPrice": 2,
      "categoryIds": ["pantry"],
      "imagePath": "https://cdn0.woolworths.media/content/wowproductimages/large/532344.jpg",
      "cupPrice": "$2.56 / 100g",
      "unit": "each",
      "packageSize": "39g",
      "barcode": ["93698108"],
      "isAvailable": true
    },
    {
      "id": "w253845-80050094",
      "store": "woolworths",
      "name": "Kinder Chocolate Maxi T1",
      "brand": "Kinder",
      "price": 0.5,
      "orgPrice": 1,
      "categoryIds": ["pantry"],
      "imagePath": "https://cdn0.woolworths.media/content/wowproductimages/large/253845.jpg",
      "cupPrice": "$1.39 / 100g",
      "unit": "each",
      "packageSize": "21g",
      "barcode": ["80050094"],
      "isAvailable": true
    },
    {
      "id": "w839689-9300698501904",
      "store": "woolworths",
      "name": "Kinder Chocolate Sharepack",
      "brand": "Kinder",
      "price": 2.5,
      "orgPrice": 5,
      "categoryIds": ["pantry"],
      "imagePath": "https://cdn0.woolworths.media/content/wowproductimages/large/839689.jpg",
      "cupPrice": "$1.25 / 100g",
      "unit": "each",
      "packageSize": "16 pack",
      "barcode": ["9300698501904"],
      "isAvailable": true
    },
    {
      "id": "w826112-9300605094697",
      "store": "woolworths",
      "name": "Kitkat Chunky Bar",
      "brand": "Kitkat",
      "price": 1,
      "orgPrice": 2,
      "categoryIds": ["pantry"],
      "imagePath": "https://cdn0.woolworths.media/content/wowproductimages/large/826112.jpg",
      "cupPrice": "$2.00 / 100g",
      "unit": "each",
      "packageSize": "50g",
      "barcode": ["9300605094697"],
      "isAvailable": true
    },
    {
      "id": "w514317-9300605111363",
      "store": "woolworths",
      "name": "Kitkat Dark Block",
      "brand": "Kitkat",
      "price": 2.25,
      "orgPrice": 4.5,
      "categoryIds": ["pantry"],
      "imagePath": "https://cdn0.woolworths.media/content/wowproductimages/large/514317.jpg",
      "cupPrice": "$1.32 / 100g",
      "unit": "each",
      "packageSize": "170g",
      "barcode": ["9300605111363"],
      "isAvailable": true
    },
    {
      "id": "w727182-9300605122994",
      "store": "woolworths",
      "name": "Kitkat Gold Bar ",
      "brand": "Kitkat",
      "price": 1,
      "orgPrice": 2,
      "categoryIds": ["pantry"],
      "imagePath": "https://cdn0.woolworths.media/content/wowproductimages/large/727182.jpg",
      "cupPrice": "$2.22 / 100g",
      "unit": "each",
      "packageSize": "45g",
      "barcode": ["9300605122994"],
      "isAvailable": true
    },
    {
      "id": "w52496-9300605127869",
      "store": "woolworths",
      "name": "Kitkat Gold Whirl ",
      "brand": "Kitkat",
      "price": 2.25,
      "orgPrice": 4.5,
      "categoryIds": ["pantry"],
      "imagePath": "https://cdn0.woolworths.media/content/wowproductimages/large/052496.jpg",
      "cupPrice": "$1.32 / 100g",
      "unit": "each",
      "packageSize": "170g",
      "barcode": ["9300605127869"],
      "isAvailable": true
    },
    {
      "id": "w98376-93600057",
      "store": "woolworths",
      "name": "Kitkat Original Bar",
      "brand": "Kitkat",
      "price": 1,
      "orgPrice": 2,
      "categoryIds": ["pantry"],
      "imagePath": "https://cdn0.woolworths.media/content/wowproductimages/large/098376.jpg",
      "cupPrice": "$2.22 / 100g",
      "unit": "each",
      "packageSize": "45g",
      "barcode": ["93600057"],
      "isAvailable": true
    },
    {
      "id": "w260805-9300605030527",
      "store": "woolworths",
      "name": "Kitkat Original Milk Chocolate Block",
      "brand": "Kitkat",
      "price": 2.25,
      "orgPrice": 4.5,
      "categoryIds": ["pantry"],
      "imagePath": "https://cdn0.woolworths.media/content/wowproductimages/large/260805.jpg",
      "cupPrice": "$1.32 / 100g",
      "unit": "each",
      "packageSize": "170g",
      "barcode": ["9300605030527"],
      "isAvailable": true
    },
    {
      "id": "w52003-8000380007264",
      "store": "woolworths",
      "name": "Loacker Chocolate Classic Wafer",
      "brand": "Loacker",
      "price": 1.5,
      "orgPrice": 3,
      "categoryIds": ["pantry"],
      "imagePath": "https://cdn0.woolworths.media/content/wowproductimages/large/052003.jpg",
      "cupPrice": "$0.86 / 100g",
      "unit": "each",
      "packageSize": "175g",
      "barcode": ["8000380007264"],
      "isAvailable": true
    },
    {
      "id": "w52002-8000380007219",
      "store": "woolworths",
      "name": "Loacker Napolitaner Wafers ",
      "brand": "Loacker",
      "price": 1.5,
      "orgPrice": 3,
      "categoryIds": ["pantry"],
      "imagePath": "https://cdn0.woolworths.media/content/wowproductimages/large/052002.jpg",
      "cupPrice": "$0.86 / 100g",
      "unit": "each",
      "packageSize": "175g",
      "barcode": ["8000380007219"],
      "isAvailable": true
    },
    {
      "id": "w214438-8000380003761",
      "store": "woolworths",
      "name": "Loacker Wafers Coconut",
      "brand": "Loacker",
      "price": 2,
      "orgPrice": 4,
      "categoryIds": ["pantry"],
      "imagePath": "https://cdn0.woolworths.media/content/wowproductimages/large/214438.jpg",
      "cupPrice": "$2.50 / 100g",
      "unit": "each",
      "packageSize": "100g",
      "barcode": ["8000380003761"],
      "isAvailable": true
    },
    {
      "id": "w214435-8000380003723",
      "store": "woolworths",
      "name": "Loacker Wafers Pasticceria Noisette",
      "brand": "Loacker",
      "price": 2,
      "orgPrice": 4,
      "categoryIds": ["pantry"],
      "imagePath": "https://cdn0.woolworths.media/content/wowproductimages/large/214435.jpg",
      "cupPrice": "$2.00 / 100g",
      "unit": "each",
      "packageSize": "100g",
      "barcode": ["8000380003723"],
      "isAvailable": true
    },
    {
      "id": "w579-40000000396",
      "store": "woolworths",
      "name": "M&m's Mini's Chocolate Tube",
      "brand": "M&m's",
      "price": 1,
      "orgPrice": 2,
      "categoryIds": ["pantry"],
      "imagePath": "https://cdn0.woolworths.media/content/wowproductimages/large/000579.jpg",
      "cupPrice": "$2.86 / 100g",
      "unit": "each",
      "packageSize": "35g",
      "barcode": ["40000000396"],
      "isAvailable": true
    },
    {
      "id": "w54406-9300682055642",
      "store": "woolworths",
      "name": "M&m's Peanut Chocolate Gift Box",
      "brand": "M&m's",
      "price": 6,
      "orgPrice": 12,
      "categoryIds": ["pantry"],
      "imagePath": "https://cdn0.woolworths.media/content/wowproductimages/large/054406.jpg",
      "cupPrice": "$1.30 / 100g",
      "unit": "each",
      "packageSize": "460g",
      "barcode": ["9300682055642"],
      "isAvailable": true
    },
    {
      "id": "w54407-9300682055611",
      "store": "woolworths",
      "name": "Maltesers Milk Chocolate Gift Box",
      "brand": "Maltesers",
      "price": 6,
      "orgPrice": 12,
      "categoryIds": ["pantry"],
      "imagePath": "https://cdn0.woolworths.media/content/wowproductimages/large/054407.jpg",
      "cupPrice": "$1.50 / 100g",
      "unit": "each",
      "packageSize": "400g",
      "barcode": ["9300682055611"],
      "isAvailable": true
    },
    {
      "id": "w90681-9300682057257",
      "store": "woolworths",
      "name": "Mars Caramel Sundae Chocolate Bar ",
      "brand": "Mars",
      "price": 1,
      "orgPrice": 2,
      "categoryIds": ["pantry"],
      "imagePath": "https://cdn0.woolworths.media/content/wowproductimages/large/090681.jpg",
      "cupPrice": "$2.20 / 100g",
      "unit": "each",
      "packageSize": "45.5g",
      "barcode": ["9300682057257"],
      "isAvailable": true
    },
    {
      "id": "w98378-93682459",
      "store": "woolworths",
      "name": "Mars Chocolate Bar",
      "brand": "Mars",
      "price": 1,
      "orgPrice": 2,
      "categoryIds": ["pantry"],
      "imagePath": "https://cdn0.woolworths.media/content/wowproductimages/large/098378.jpg",
      "cupPrice": "$1.89 / 100g",
      "unit": "each",
      "packageSize": "53g",
      "barcode": ["93682459"],
      "isAvailable": true
    },
    {
      "id": "w54408-9300682055598",
      "store": "woolworths",
      "name": "Mars Chocolate Gift Celebrations Box",
      "brand": "Mars",
      "price": 6,
      "orgPrice": 12,
      "categoryIds": ["pantry"],
      "imagePath": "https://cdn0.woolworths.media/content/wowproductimages/large/054408.jpg",
      "cupPrice": "$1.88 / 100g",
      "unit": "each",
      "packageSize": "320g",
      "barcode": ["9300682055598"],
      "isAvailable": true
    },
    {
      "id": "w305370-5000396022308",
      "store": "woolworths",
      "name": "Mcvitie's Digestives Biscuit Dark Chocolate",
      "brand": "Mcvitie's",
      "price": 1.97,
      "orgPrice": 3.95,
      "categoryIds": ["pantry"],
      "imagePath": "https://cdn0.woolworths.media/content/wowproductimages/large/305370.jpg",
      "cupPrice": "$0.66 / 100g",
      "unit": "each",
      "packageSize": "300g",
      "barcode": ["5000396022308"],
      "isAvailable": true
    },
    {
      "id": "w294162-5000396015898",
      "store": "woolworths",
      "name": "Mcvitie's Digestives Biscuit Milk Chocolate",
      "brand": "Mcvitie's",
      "price": 1.97,
      "orgPrice": 3.95,
      "categoryIds": ["pantry"],
      "imagePath": "https://cdn0.woolworths.media/content/wowproductimages/large/294162.jpg",
      "cupPrice": "$0.66 / 100g",
      "unit": "each",
      "packageSize": "300g",
      "barcode": ["5000396015898"],
      "isAvailable": true
    },
    {
      "id": "w294160-5000396015935",
      "store": "woolworths",
      "name": "Mcvitie's Digestives Biscuits Plain Original",
      "brand": "Mcvitie's",
      "price": 1.97,
      "orgPrice": 3.95,
      "categoryIds": ["pantry"],
      "imagePath": "https://cdn0.woolworths.media/content/wowproductimages/large/294160.jpg",
      "cupPrice": "$0.49 / 100g",
      "unit": "each",
      "packageSize": "400g",
      "barcode": ["5000396015935"],
      "isAvailable": true
    },
    {
      "id": "w830566-5000396035995",
      "store": "woolworths",
      "name": "Mcvitie's Go Ahead Crispy Slices Sultana & Apple (5x3pk)",
      "brand": "Mcvitie's",
      "price": 1.97,
      "orgPrice": 3.95,
      "categoryIds": ["pantry"],
      "imagePath": "https://cdn0.woolworths.media/content/wowproductimages/large/830566.jpg",
      "cupPrice": "$0.90 / 100g",
      "unit": "each",
      "packageSize": "218g",
      "barcode": ["5000396035995"],
      "isAvailable": true
    },
    {
      "id": "w830601-5000396036152",
      "store": "woolworths",
      "name": "Mcvitie's Go Ahead Crispy Slices Sultana & Forest Fruit (5x3p)",
      "brand": "Mcvitie's",
      "price": 1.97,
      "orgPrice": 3.95,
      "categoryIds": ["pantry"],
      "imagePath": "https://cdn0.woolworths.media/content/wowproductimages/large/830601.jpg",
      "cupPrice": "$0.90 / 100g",
      "unit": "each",
      "packageSize": "218g",
      "barcode": ["5000396036152"],
      "isAvailable": true
    },
    {
      "id": "w830564-5000396037449",
      "store": "woolworths",
      "name": "Mcvitie's Go Ahead Crispy Slices Sultana & Raspberry (5x3pk)",
      "brand": "Mcvitie's",
      "price": 1.97,
      "orgPrice": 3.95,
      "categoryIds": ["pantry"],
      "imagePath": "https://cdn0.woolworths.media/content/wowproductimages/large/830564.jpg",
      "cupPrice": "$0.90 / 100g",
      "unit": "each",
      "packageSize": "218g",
      "barcode": ["5000396037449"],
      "isAvailable": true
    },
    {
      "id": "w294164-5000396022315",
      "store": "woolworths",
      "name": "Mcvitie's Hobnobs Milk Chocolate",
      "brand": "Mcvitie's",
      "price": 1.97,
      "orgPrice": 3.95,
      "categoryIds": ["pantry"],
      "imagePath": "https://cdn0.woolworths.media/content/wowproductimages/large/294164.jpg",
      "cupPrice": "$0.66 / 100g",
      "unit": "each",
      "packageSize": "300g",
      "barcode": ["5000396022315"],
      "isAvailable": true
    },
    {
      "id": "w662228-5000396042672",
      "store": "woolworths",
      "name": "Mcvitie's Hobnobs ",
      "brand": "Mcvitie's",
      "price": 1.5,
      "orgPrice": 3,
      "categoryIds": ["pantry"],
      "imagePath": "https://cdn0.woolworths.media/content/wowproductimages/large/662228.jpg",
      "cupPrice": "$0.50 / 100g",
      "unit": "each",
      "packageSize": "300g",
      "barcode": ["5000396042672"],
      "isAvailable": true
    },
    {
      "id": "w739569-5000396047035",
      "store": "woolworths",
      "name": "Mcvitie's Jaffa Cakes ",
      "brand": "Mcvitie's",
      "price": 1.5,
      "orgPrice": 3,
      "categoryIds": ["pantry"],
      "imagePath": "https://cdn0.woolworths.media/content/wowproductimages/large/739569.jpg",
      "cupPrice": "$1.36 / 100g",
      "unit": "each",
      "packageSize": "12 pack",
      "barcode": ["5000396047035"],
      "isAvailable": true
    },
    {
      "id": "w893090-9300682046480",
      "store": "woolworths",
      "name": "Milky Way Chocolate Bar ",
      "brand": "Milky Way",
      "price": 1,
      "orgPrice": 2,
      "categoryIds": ["pantry"],
      "imagePath": "https://cdn0.woolworths.media/content/wowproductimages/large/893090.jpg",
      "cupPrice": "$1.89 / 100g",
      "unit": "each",
      "packageSize": "53g",
      "barcode": ["9300682046480"],
      "isAvailable": true
    },
    {
      "id": "w663195-8005510008463",
      "store": "woolworths",
      "name": "Monini Delicato Extra Virgin Olive Oil",
      "brand": "Monini",
      "price": 6,
      "orgPrice": 12,
      "categoryIds": ["pantry"],
      "imagePath": "https://cdn0.woolworths.media/content/wowproductimages/large/663195.jpg",
      "cupPrice": "$0.80 / 100ml",
      "unit": "each",
      "packageSize": "750ml",
      "barcode": ["8005510008463"],
      "isAvailable": true
    },
    {
      "id": "w850543-9416050541119",
      "store": "woolworths",
      "name": "Mother Earth Better Bars Choc Berry ",
      "brand": "Mother Earth",
      "price": 2.75,
      "orgPrice": 5.5,
      "categoryIds": ["pantry"],
      "imagePath": "https://cdn0.woolworths.media/content/wowproductimages/large/850543.jpg",
      "cupPrice": "$1.53 / 100g",
      "unit": "each",
      "packageSize": "180g",
      "barcode": ["9416050541119"],
      "isAvailable": true
    },
    {
      "id": "w850544-9416050541317",
      "store": "woolworths",
      "name": "Mother Earth Better Bars Raspberry ",
      "brand": "Mother Earth",
      "price": 2.75,
      "orgPrice": 5.5,
      "categoryIds": ["pantry"],
      "imagePath": "https://cdn0.woolworths.media/content/wowproductimages/large/850544.jpg",
      "cupPrice": "$1.53 / 100g",
      "unit": "each",
      "packageSize": "180g",
      "barcode": ["9416050541317"],
      "isAvailable": true
    },
    {
      "id": "w22769-9300605127395",
      "store": "woolworths",
      "name": "Nescafe Gold Cappuccino Intense ",
      "brand": "Nescafe",
      "price": 3.15,
      "orgPrice": 6.3,
      "categoryIds": ["pantry", "drinks"],
      "imagePath": "https://cdn0.woolworths.media/content/wowproductimages/large/022769.jpg",
      "cupPrice": "$0.39 / 1ea",
      "unit": "each",
      "packageSize": "8 pack",
      "barcode": ["9300605127395"],
      "isAvailable": true
    },
    {
      "id": "w22774-9300605127388",
      "store": "woolworths",
      "name": "Nescafe Gold Cappucino ",
      "brand": "Nescafe",
      "price": 3.15,
      "orgPrice": 6.3,
      "categoryIds": ["pantry", "drinks"],
      "imagePath": "https://cdn0.woolworths.media/content/wowproductimages/large/022774.jpg",
      "cupPrice": "$0.39 / 1ea",
      "unit": "each",
      "packageSize": "8 pack",
      "barcode": ["9300605127388"],
      "isAvailable": true
    },
    {
      "id": "w22768-9300605127104",
      "store": "woolworths",
      "name": "Nescafe Gold Creme Brulee ",
      "brand": "Nescafe",
      "price": 3.15,
      "orgPrice": 6.3,
      "categoryIds": ["pantry", "drinks"],
      "imagePath": "https://cdn0.woolworths.media/content/wowproductimages/large/022768.jpg",
      "cupPrice": "$0.39 / 1ea",
      "unit": "each",
      "packageSize": "8 pack",
      "barcode": ["9300605127104"],
      "isAvailable": true
    },
    {
      "id": "w370559-9300605062559",
      "store": "woolworths",
      "name": "Nestle Aero Peppermint",
      "brand": "Nestle",
      "price": 2.25,
      "orgPrice": 4.5,
      "categoryIds": ["pantry"],
      "imagePath": "https://cdn0.woolworths.media/content/wowproductimages/large/370559.jpg",
      "cupPrice": "$1.91 / 100g",
      "unit": "each",
      "packageSize": "118g block",
      "barcode": ["9300605062559"],
      "isAvailable": true
    },
    {
      "id": "w330355-9300605065024",
      "store": "woolworths",
      "name": "Nestle Aero Peppermint",
      "brand": "Nestle",
      "price": 1,
      "orgPrice": 2,
      "categoryIds": ["pantry"],
      "imagePath": "https://cdn0.woolworths.media/content/wowproductimages/large/330355.jpg",
      "cupPrice": "$2.50 / 100g",
      "unit": "each",
      "packageSize": "40g bar",
      "barcode": ["9300605065024"],
      "isAvailable": true
    },
    {
      "id": "w345592-9300605054486",
      "store": "woolworths",
      "name": "Nestle Chokito ",
      "brand": "Nestle",
      "price": 1,
      "orgPrice": 2,
      "categoryIds": ["pantry"],
      "imagePath": "https://cdn0.woolworths.media/content/wowproductimages/large/345592.jpg",
      "cupPrice": "$1.82 / 100g",
      "unit": "each",
      "packageSize": "55g bar",
      "barcode": ["9300605054486"],
      "isAvailable": true
    },
    {
      "id": "w98337-9300684104652",
      "store": "woolworths",
      "name": "Nestle Crunch Milk Chocolate",
      "brand": "Nestle",
      "price": 2.25,
      "orgPrice": 4.5,
      "categoryIds": ["pantry"],
      "imagePath": "https://cdn0.woolworths.media/content/wowproductimages/large/098337.jpg",
      "cupPrice": "$1.13 / 100g",
      "unit": "each",
      "packageSize": "200g block",
      "barcode": ["9300684104652"],
      "isAvailable": true
    },
    {
      "id": "w855539-9300605126244",
      "store": "woolworths",
      "name": "Nestle Kit Kat Chunky Cookie Dough Chocolate",
      "brand": "Nestle",
      "price": 1,
      "orgPrice": 2,
      "categoryIds": ["pantry"],
      "imagePath": "https://cdn0.woolworths.media/content/wowproductimages/large/855539.jpg",
      "cupPrice": "$1.92 / 100g",
      "unit": "each",
      "packageSize": "52g",
      "barcode": ["9300605126244"],
      "isAvailable": true
    },
    {
      "id": "w696545-9300605123014",
      "store": "woolworths",
      "name": "Nestle Kit Kat Gold Block ",
      "brand": "Nestle",
      "price": 2.25,
      "orgPrice": 4.5,
      "categoryIds": ["pantry"],
      "imagePath": "https://cdn0.woolworths.media/content/wowproductimages/large/696545.jpg",
      "cupPrice": "$1.32 / 100g",
      "unit": "each",
      "packageSize": "170g",
      "barcode": ["9300605123014"],
      "isAvailable": true
    },
    {
      "id": "w76623-9300605129702",
      "store": "woolworths",
      "name": "Nestle Kit Kat Gooey Caramel ",
      "brand": "Nestle",
      "price": 1,
      "orgPrice": 2,
      "categoryIds": ["pantry"],
      "imagePath": "https://cdn0.woolworths.media/content/wowproductimages/large/076623.jpg",
      "cupPrice": "$2.22 / 100g",
      "unit": "each",
      "packageSize": "45g",
      "barcode": ["9300605129702"],
      "isAvailable": true
    },
    {
      "id": "w76621-9300605129696",
      "store": "woolworths",
      "name": "Nestle Kit Kat Mint Chocolate Fudge ",
      "brand": "Nestle",
      "price": 1,
      "orgPrice": 2,
      "categoryIds": ["pantry"],
      "imagePath": "https://cdn0.woolworths.media/content/wowproductimages/large/076621.jpg",
      "cupPrice": "$2.22 / 100g",
      "unit": "each",
      "packageSize": "45g",
      "barcode": ["9300605129696"],
      "isAvailable": true
    },
    {
      "id": "w76613-9300605129269",
      "store": "woolworths",
      "name": "Nestle Kitkat Double Cookies & Cream ",
      "brand": "Nestle",
      "price": 1,
      "orgPrice": 2,
      "categoryIds": ["pantry"],
      "imagePath": "https://cdn0.woolworths.media/content/wowproductimages/large/076613.jpg",
      "cupPrice": "$2.22 / 100g",
      "unit": "each",
      "packageSize": "45g",
      "barcode": ["9300605129269"],
      "isAvailable": true
    },
    {
      "id": "w71892-9300605129252",
      "store": "woolworths",
      "name": "Nestle Kitkat Double Cookies & Cream Block",
      "brand": "Nestle",
      "price": 2.25,
      "orgPrice": 4.5,
      "categoryIds": ["pantry"],
      "imagePath": "https://cdn0.woolworths.media/content/wowproductimages/large/071892.jpg",
      "cupPrice": "$1.32 / 100g",
      "unit": "each",
      "packageSize": "170g",
      "barcode": ["9300605129252"],
      "isAvailable": true
    },
    {
      "id": "w69219-9300605131859",
      "store": "woolworths",
      "name": "Nestle Kitkat Honeycomb Smash ",
      "brand": "Nestle",
      "price": 2.25,
      "orgPrice": 4.5,
      "categoryIds": ["pantry"],
      "imagePath": "https://cdn0.woolworths.media/content/wowproductimages/large/069219.jpg",
      "cupPrice": "$1.32 / 100g",
      "unit": "each",
      "packageSize": "170g",
      "barcode": ["9300605131859"],
      "isAvailable": true
    },
    {
      "id": "w370563-9300605061828",
      "store": "woolworths",
      "name": "Nestle Milkybar Milk & Cookies",
      "brand": "Nestle",
      "price": 2.25,
      "orgPrice": 4.5,
      "categoryIds": ["pantry"],
      "imagePath": "https://cdn0.woolworths.media/content/wowproductimages/large/370563.jpg",
      "cupPrice": "$1.25 / 100g",
      "unit": "each",
      "packageSize": "180g block",
      "barcode": ["9300605061828"],
      "isAvailable": true
    },
    {
      "id": "w98341-9300605228771",
      "store": "woolworths",
      "name": "Nestle Milkybar ",
      "brand": "Nestle",
      "price": 2.25,
      "orgPrice": 4.5,
      "categoryIds": ["pantry"],
      "imagePath": "https://cdn0.woolworths.media/content/wowproductimages/large/098341.jpg",
      "cupPrice": "$1.25 / 100g",
      "unit": "each",
      "packageSize": "180g block",
      "barcode": ["9300605228771"],
      "isAvailable": true
    },
    {
      "id": "w93539-9300605228764",
      "store": "woolworths",
      "name": "Nestle Milkybar ",
      "brand": "Nestle",
      "price": 1,
      "orgPrice": 2,
      "categoryIds": ["pantry"],
      "imagePath": "https://cdn0.woolworths.media/content/wowproductimages/large/093539.jpg",
      "cupPrice": "$2.00 / 100g",
      "unit": "each",
      "packageSize": "50g bar",
      "barcode": ["9300605228764"],
      "isAvailable": true
    },
    {
      "id": "w85701-9300605130845",
      "store": "woolworths",
      "name": "Nestle Milkybar Whirl Chocolate Block",
      "brand": "Nestle",
      "price": 2.25,
      "orgPrice": 4.5,
      "categoryIds": ["pantry"],
      "imagePath": "https://cdn0.woolworths.media/content/wowproductimages/large/085701.jpg",
      "cupPrice": "$1.32 / 100g",
      "unit": "each",
      "packageSize": "170g",
      "barcode": ["9300605130845"],
      "isAvailable": true
    },
    {
      "id": "w98869-93600101",
      "store": "woolworths",
      "name": "Nestle Peppermint Crisp ",
      "brand": "Nestle",
      "price": 1,
      "orgPrice": 2,
      "categoryIds": ["pantry"],
      "imagePath": "https://cdn0.woolworths.media/content/wowproductimages/large/098869.jpg",
      "cupPrice": "$2.86 / 100g",
      "unit": "each",
      "packageSize": "35g bar",
      "barcode": ["93600101"],
      "isAvailable": true
    },
    {
      "id": "w87173-9300684108858",
      "store": "woolworths",
      "name": "Nestle Rolo ",
      "brand": "Nestle",
      "price": 2.25,
      "orgPrice": 4.5,
      "categoryIds": ["pantry"],
      "imagePath": "https://cdn0.woolworths.media/content/wowproductimages/large/087173.jpg",
      "cupPrice": "$1.13 / 100g",
      "unit": "each",
      "packageSize": "200g block",
      "barcode": ["9300684108858"],
      "isAvailable": true
    },
    {
      "id": "w280467-9300605037649",
      "store": "woolworths",
      "name": "Nestle Smarties ",
      "brand": "Nestle",
      "price": 2.25,
      "orgPrice": 4.5,
      "categoryIds": ["pantry"],
      "imagePath": "https://cdn0.woolworths.media/content/wowproductimages/large/280467.jpg",
      "cupPrice": "$1.25 / 100g",
      "unit": "each",
      "packageSize": "180g block",
      "barcode": ["9300605037649"],
      "isAvailable": true
    },
    {
      "id": "w98471-9300600005322",
      "store": "woolworths",
      "name": "Nestle Smarties ",
      "brand": "Nestle",
      "price": 1,
      "orgPrice": 2,
      "categoryIds": ["pantry"],
      "imagePath": "https://cdn0.woolworths.media/content/wowproductimages/large/098471.jpg",
      "cupPrice": "$2.00 / 100g",
      "unit": "each",
      "packageSize": "50g box",
      "barcode": ["9300600005322"],
      "isAvailable": true
    },
    {
      "id": "w869235-93698535",
      "store": "woolworths",
      "name": "Nutella & Go Hazelnut Spread With Breadsticks",
      "brand": "Nutella",
      "price": 1.25,
      "orgPrice": 2.5,
      "categoryIds": ["pantry"],
      "imagePath": "https://cdn0.woolworths.media/content/wowproductimages/large/869235.jpg",
      "cupPrice": "$2.60 / 100g",
      "unit": "each",
      "packageSize": "48g",
      "barcode": ["93698535"],
      "isAvailable": true
    },
    {
      "id": "w819604-9310034001227",
      "store": "woolworths",
      "name": "Oreo Wafer Bites Chocolate",
      "brand": "Oreo",
      "price": 0.75,
      "orgPrice": 1.5,
      "categoryIds": ["pantry"],
      "imagePath": "https://cdn0.woolworths.media/content/wowproductimages/large/819604.jpg",
      "cupPrice": "$1.60 / 100g",
      "unit": "each",
      "packageSize": "47g",
      "barcode": ["9310034001227"],
      "isAvailable": true
    },
    {
      "id": "w819744-9310034001197",
      "store": "woolworths",
      "name": "Oreo Wafer Bites Vanilla",
      "brand": "Oreo",
      "price": 0.75,
      "orgPrice": 1.5,
      "categoryIds": ["pantry"],
      "imagePath": "https://cdn0.woolworths.media/content/wowproductimages/large/819744.jpg",
      "cupPrice": "$1.60 / 100g",
      "unit": "each",
      "packageSize": "47g",
      "barcode": ["9310034001197"],
      "isAvailable": true
    },
    {
      "id": "w677088-8886467103711",
      "store": "woolworths",
      "name": "Pringles Bbq Stacked Potato Chips ",
      "brand": "Pringles",
      "price": 0.95,
      "orgPrice": 1.9,
      "categoryIds": ["pantry"],
      "imagePath": "https://cdn0.woolworths.media/content/wowproductimages/large/677088.jpg",
      "cupPrice": "$1.79 / 100g",
      "unit": "each",
      "packageSize": "53g",
      "barcode": ["8886467103711"],
      "isAvailable": true
    },
    {
      "id": "w479847-8886467103414",
      "store": "woolworths",
      "name": "Pringles Original Salted Potato Chips",
      "brand": "Pringles",
      "price": 0.95,
      "orgPrice": 1.9,
      "categoryIds": ["pantry"],
      "imagePath": "https://cdn0.woolworths.media/content/wowproductimages/large/479847.jpg",
      "cupPrice": "$1.79 / 100g",
      "unit": "each",
      "packageSize": "53g",
      "barcode": ["8886467103414"],
      "isAvailable": true
    },
    {
      "id": "w479848-8886467103438",
      "store": "woolworths",
      "name": "Pringles Sour Cream & Onion Chips",
      "brand": "Pringles",
      "price": 0.95,
      "orgPrice": 1.9,
      "categoryIds": ["pantry"],
      "imagePath": "https://cdn0.woolworths.media/content/wowproductimages/large/479848.jpg",
      "cupPrice": "$1.79 / 100g",
      "unit": "each",
      "packageSize": "53g",
      "barcode": ["8886467103438"],
      "isAvailable": true
    },
    {
      "id": "w4779-80052487",
      "store": "woolworths",
      "name": "Raffaello Raffaello ",
      "brand": "Raffaello",
      "price": 1,
      "orgPrice": 2,
      "categoryIds": ["pantry"],
      "imagePath": "https://cdn0.woolworths.media/content/wowproductimages/large/004779.jpg",
      "cupPrice": "$3.33 / 100g",
      "unit": "each",
      "packageSize": "3 pack",
      "barcode": ["80052487"],
      "isAvailable": true
    },
    {
      "id": "w940396-9415991233107",
      "store": "woolworths",
      "name": "Red Seal Blood Orange Hot Or Cold Brew Tea",
      "brand": "Red Seal",
      "price": 2.25,
      "orgPrice": 4.5,
      "categoryIds": ["pantry"],
      "imagePath": "https://cdn0.woolworths.media/content/wowproductimages/large/940396.jpg",
      "cupPrice": "$0.11 / 1ea",
      "unit": "each",
      "packageSize": "20 pack",
      "barcode": ["9415991233107"],
      "isAvailable": true
    },
    {
      "id": "w413169-9415991233176",
      "store": "woolworths",
      "name": "Red Seal Lemon & Lime Hot Or Cold Brew Tea",
      "brand": "Red Seal",
      "price": 2.25,
      "orgPrice": 4.5,
      "categoryIds": ["pantry"],
      "imagePath": "https://cdn0.woolworths.media/content/wowproductimages/large/413169.jpg",
      "cupPrice": "$0.11 / 1ea",
      "unit": "each",
      "packageSize": "20 pack",
      "barcode": ["9415991233176"],
      "isAvailable": true
    },
    {
      "id": "w823926-9415991233091",
      "store": "woolworths",
      "name": "Red Seal Peach & Pineapple Hot Or Cold Brew Tea",
      "brand": "Red Seal",
      "price": 2.25,
      "orgPrice": 4.5,
      "categoryIds": ["pantry"],
      "imagePath": "https://cdn0.woolworths.media/content/wowproductimages/large/823926.jpg",
      "cupPrice": "$0.11 / 1ea",
      "unit": "each",
      "packageSize": "20 pack",
      "barcode": ["9415991233091"],
      "isAvailable": true
    },
    {
      "id": "w413302-9415991233169",
      "store": "woolworths",
      "name": "Red Seal Raspberry & Strawberry Hot Or Cold Brew Tea",
      "brand": "Red Seal",
      "price": 2.25,
      "orgPrice": 4.5,
      "categoryIds": ["pantry"],
      "imagePath": "https://cdn0.woolworths.media/content/wowproductimages/large/413302.jpg",
      "cupPrice": "$0.11 / 1ea",
      "unit": "each",
      "packageSize": "20 pack",
      "barcode": ["9415991233169"],
      "isAvailable": true
    },
    {
      "id": "w785455-9300682052825",
      "store": "woolworths",
      "name": "Snickers Chocolate Bar",
      "brand": "Snickers",
      "price": 1,
      "orgPrice": 2,
      "categoryIds": ["pantry"],
      "imagePath": "https://cdn0.woolworths.media/content/wowproductimages/large/785455.jpg",
      "cupPrice": "$2.00 / 100g",
      "unit": "each",
      "packageSize": "50g",
      "barcode": ["9300682052825"],
      "isAvailable": true
    },
    {
      "id": "w87796-4607065738624",
      "store": "woolworths",
      "name": "Snickers Crisper Chocolate Bar ",
      "brand": "Snickers",
      "price": 1,
      "orgPrice": 2,
      "categoryIds": ["pantry"],
      "imagePath": "https://cdn0.woolworths.media/content/wowproductimages/large/087796.jpg",
      "cupPrice": "$2.50 / 100g",
      "unit": "each",
      "packageSize": "40g",
      "barcode": ["4607065738624"],
      "isAvailable": true
    },
    {
      "id": "w701959-70177225421",
      "store": "woolworths",
      "name": "Twinings Infuse Blueberry Apple & Blackcurrant",
      "brand": "Twinings",
      "price": 2.75,
      "orgPrice": 5.5,
      "categoryIds": ["pantry", "drinks"],
      "imagePath": "https://cdn0.woolworths.media/content/wowproductimages/large/701959.jpg",
      "cupPrice": "$0.23 / 1ea",
      "unit": "each",
      "packageSize": "12 pack",
      "barcode": ["70177225421"],
      "isAvailable": true
    },
    {
      "id": "w701872-70177225452",
      "store": "woolworths",
      "name": "Twinings Infuse Lemon Orange & Ginger ",
      "brand": "Twinings",
      "price": 2.75,
      "orgPrice": 5.5,
      "categoryIds": ["pantry", "drinks"],
      "imagePath": "https://cdn0.woolworths.media/content/wowproductimages/large/701872.jpg",
      "cupPrice": "$0.23 / 1ea",
      "unit": "each",
      "packageSize": "12 pack",
      "barcode": ["70177225452"],
      "isAvailable": true
    },
    {
      "id": "w701877-70177225438",
      "store": "woolworths",
      "name": "Twinings Infuse Passionfruit Mango & Orange",
      "brand": "Twinings",
      "price": 2.75,
      "orgPrice": 5.5,
      "categoryIds": ["pantry", "drinks"],
      "imagePath": "https://cdn0.woolworths.media/content/wowproductimages/large/701877.jpg",
      "cupPrice": "$0.23 / 1ea",
      "unit": "each",
      "packageSize": "12 pack",
      "barcode": ["70177225438"],
      "isAvailable": true
    },
    {
      "id": "w701938-70177225445",
      "store": "woolworths",
      "name": "Twinings Infuse Rose Lemonade ",
      "brand": "Twinings",
      "price": 2.75,
      "orgPrice": 5.5,
      "categoryIds": ["pantry", "drinks"],
      "imagePath": "https://cdn0.woolworths.media/content/wowproductimages/large/701938.jpg",
      "cupPrice": "$0.23 / 1ea",
      "unit": "each",
      "packageSize": "12 pack",
      "barcode": ["70177225445"],
      "isAvailable": true
    },
    {
      "id": "w701963-70177225278",
      "store": "woolworths",
      "name": "Twinings Infuse Watermelon Strawberry & Mint",
      "brand": "Twinings",
      "price": 2.75,
      "orgPrice": 5.5,
      "categoryIds": ["pantry", "drinks"],
      "imagePath": "https://cdn0.woolworths.media/content/wowproductimages/large/701963.jpg",
      "cupPrice": "$0.23 / 1ea",
      "unit": "each",
      "packageSize": "12 pack",
      "barcode": ["70177225278"],
      "isAvailable": true
    },
    {
      "id": "w657419-9300682051385",
      "store": "woolworths",
      "name": "Twix Chocolate Bar",
      "brand": "Twix",
      "price": 1,
      "orgPrice": 2,
      "categoryIds": ["pantry"],
      "imagePath": "https://cdn0.woolworths.media/content/wowproductimages/large/657419.jpg",
      "cupPrice": "$2.00 / 100g",
      "unit": "each",
      "packageSize": "50g",
      "barcode": ["9300682051385"],
      "isAvailable": true
    },
    {
      "id": "w61683-9350007005043",
      "store": "woolworths",
      "name": "Upbeat Blueberry Coconut Porridge",
      "brand": "Upbeat",
      "price": 2,
      "orgPrice": 4,
      "categoryIds": ["pantry"],
      "imagePath": "https://cdn0.woolworths.media/content/wowproductimages/large/061683.jpg",
      "cupPrice": "$3.08 / 100g",
      "unit": "each",
      "packageSize": "65g",
      "barcode": ["9350007005043"],
      "isAvailable": true
    },
    {
      "id": "w61682-9350007005029",
      "store": "woolworths",
      "name": "Upbeat Chocolate Porridge ",
      "brand": "Upbeat",
      "price": 2,
      "orgPrice": 4,
      "categoryIds": ["pantry"],
      "imagePath": "https://cdn0.woolworths.media/content/wowproductimages/large/061682.jpg",
      "cupPrice": "$3.08 / 100g",
      "unit": "each",
      "packageSize": "65g",
      "barcode": ["9350007005029"],
      "isAvailable": true
    },
    {
      "id": "w61687-9350007006026",
      "store": "woolworths",
      "name": "Upbeat Coconut Curried Lentils ",
      "brand": "Upbeat",
      "price": 2.5,
      "orgPrice": 5,
      "categoryIds": ["pantry"],
      "imagePath": "https://cdn0.woolworths.media/content/wowproductimages/large/061687.jpg",
      "cupPrice": "$3.13 / 100g",
      "unit": "each",
      "packageSize": "80g",
      "barcode": ["9350007006026"],
      "isAvailable": true
    },
    {
      "id": "w61686-9350007006019",
      "store": "woolworths",
      "name": "Upbeat Creamy Mushroom Buckwheat",
      "brand": "Upbeat",
      "price": 2.5,
      "orgPrice": 5,
      "categoryIds": ["pantry"],
      "imagePath": "https://cdn0.woolworths.media/content/wowproductimages/large/061686.jpg",
      "cupPrice": "$3.13 / 100g",
      "unit": "each",
      "packageSize": "80g",
      "barcode": ["9350007006019"],
      "isAvailable": true
    },
    {
      "id": "w61711-9350007005036",
      "store": "woolworths",
      "name": "Upbeat Spiced Apricot Buckwheat Porridge",
      "brand": "Upbeat",
      "price": 2,
      "orgPrice": 4,
      "categoryIds": ["pantry"],
      "imagePath": "https://cdn0.woolworths.media/content/wowproductimages/large/061711.jpg",
      "cupPrice": "$3.08 / 100g",
      "unit": "each",
      "packageSize": "65g",
      "barcode": ["9350007005036"],
      "isAvailable": true
    },
    {
      "id": "w61674-9350007005067",
      "store": "woolworths",
      "name": "Upbeat Tex Mex Quinoa ",
      "brand": "Upbeat",
      "price": 2.5,
      "orgPrice": 5,
      "categoryIds": ["pantry"],
      "imagePath": "https://cdn0.woolworths.media/content/wowproductimages/large/061674.jpg",
      "cupPrice": "$3.13 / 100g",
      "unit": "each",
      "packageSize": "80g",
      "barcode": ["9350007005067"],
      "isAvailable": true
    },
    {
      "id": "w61685-9350007005081",
      "store": "woolworths",
      "name": "Upbeat Thai Curry Lentils ",
      "brand": "Upbeat",
      "price": 2.5,
      "orgPrice": 5,
      "categoryIds": ["pantry"],
      "imagePath": "https://cdn0.woolworths.media/content/wowproductimages/large/061685.jpg",
      "cupPrice": "$3.13 / 100g",
      "unit": "each",
      "packageSize": "80g",
      "barcode": ["9350007005081"],
      "isAvailable": true
    },
    {
      "id": "w61684-9350007005050",
      "store": "woolworths",
      "name": "Upbeat Three Grain Raspberry Porridge",
      "brand": "Upbeat",
      "price": 2,
      "orgPrice": 4,
      "categoryIds": ["pantry"],
      "imagePath": "https://cdn0.woolworths.media/content/wowproductimages/large/061684.jpg",
      "cupPrice": "$2.86 / 100g",
      "unit": "each",
      "packageSize": "70g",
      "barcode": ["9350007005050"],
      "isAvailable": true
    },
    {
      "id": "w927666-9315991023633",
      "store": "woolworths",
      "name": "Vege Chips Deli Crisps Lentil Lightly Salted",
      "brand": "Vege Chips",
      "price": 2.75,
      "orgPrice": 5.5,
      "categoryIds": ["pantry"],
      "imagePath": "https://cdn0.woolworths.media/content/wowproductimages/large/927666.jpg",
      "cupPrice": "$2.75 / 100g",
      "unit": "each",
      "packageSize": "100g",
      "barcode": ["9315991023633"],
      "isAvailable": true
    },
    {
      "id": "w641523-9315991023596",
      "store": "woolworths",
      "name": "Vege Chips Deli Crisps Original",
      "brand": "Vege Chips",
      "price": 2.75,
      "orgPrice": 5.5,
      "categoryIds": ["pantry"],
      "imagePath": "https://cdn0.woolworths.media/content/wowproductimages/large/641523.jpg",
      "cupPrice": "$2.75 / 100g",
      "unit": "each",
      "packageSize": "100g",
      "barcode": ["9315991023596"],
      "isAvailable": true
    },
    {
      "id": "w641258-9315991023671",
      "store": "woolworths",
      "name": "Vege Chips Deli Crisps Purple Sweet Potato",
      "brand": "Vege Chips",
      "price": 2.75,
      "orgPrice": 5.5,
      "categoryIds": ["pantry"],
      "imagePath": "https://cdn0.woolworths.media/content/wowproductimages/large/641258.jpg",
      "cupPrice": "$2.75 / 100g",
      "unit": "each",
      "packageSize": "100g",
      "barcode": ["9315991023671"],
      "isAvailable": true
    },
    {
      "id": "w927679-9315991023619",
      "store": "woolworths",
      "name": "Vege Chips Deli Crisps Turmeric & Cheese",
      "brand": "Vege Chips",
      "price": 2.75,
      "orgPrice": 5.5,
      "categoryIds": ["pantry"],
      "imagePath": "https://cdn0.woolworths.media/content/wowproductimages/large/927679.jpg",
      "cupPrice": "$2.75 / 100g",
      "unit": "each",
      "packageSize": "100g",
      "barcode": ["9315991023619"],
      "isAvailable": true
    },
    {
      "id": "w66092-9315991023749",
      "store": "woolworths",
      "name": "Vege Chips Deli Crisps Falafel ",
      "brand": "Vege Chips",
      "price": 2.75,
      "orgPrice": 5.5,
      "categoryIds": ["pantry"],
      "imagePath": "https://cdn0.woolworths.media/content/wowproductimages/large/066092.jpg",
      "cupPrice": "$2.75 / 100g",
      "unit": "each",
      "packageSize": "100g",
      "barcode": ["9315991023749"],
      "isAvailable": true
    },
    {
      "id": "w684256-9315991023756",
      "store": "woolworths",
      "name": "Vege Chips Yellow Sweet Potato Deli Crisps",
      "brand": "Vege Chips",
      "price": 2.75,
      "orgPrice": 5.5,
      "categoryIds": ["pantry"],
      "imagePath": "https://cdn0.woolworths.media/content/wowproductimages/large/684256.jpg",
      "cupPrice": "$2.75 / 100g",
      "unit": "each",
      "packageSize": "100g",
      "barcode": ["9315991023756"],
      "isAvailable": true
    },
    {
      "id": "w82540-3856020208547",
      "store": "woolworths",
      "name": "Vegeta Beef Stock Cubes ",
      "brand": "Vegeta",
      "price": 1,
      "orgPrice": 2,
      "categoryIds": ["pantry"],
      "imagePath": "https://cdn0.woolworths.media/content/wowproductimages/large/082540.jpg",
      "cupPrice": "$0.17 / 10g",
      "unit": "each",
      "packageSize": "60g",
      "barcode": ["3856020208547"],
      "isAvailable": true
    },
    {
      "id": "w83117-3856020208516",
      "store": "woolworths",
      "name": "Vegeta Chicken Stock Cubes ",
      "brand": "Vegeta",
      "price": 1,
      "orgPrice": 2,
      "categoryIds": ["pantry"],
      "imagePath": "https://cdn0.woolworths.media/content/wowproductimages/large/083117.jpg",
      "cupPrice": "$0.17 / 10g",
      "unit": "each",
      "packageSize": "60g",
      "barcode": ["3856020208516"],
      "isAvailable": true
    },
    {
      "id": "w284455-9310631622764",
      "store": "woolworths",
      "name": "Vittoria Mountain Grown Coffee Beans",
      "brand": "Vittoria",
      "price": 15,
      "orgPrice": 36.5,
      "categoryIds": ["pantry", "drinks"],
      "imagePath": "https://cdn0.woolworths.media/content/wowproductimages/large/284455.jpg",
      "cupPrice": "$1.50 / 100g",
      "unit": "each",
      "packageSize": "1kg",
      "barcode": ["9310631622764"],
      "isAvailable": true
    },
    {
      "id": "w186602-9310631617265",
      "store": "woolworths",
      "name": "Vittoria Mountain Grown Ground Coffee",
      "brand": "Vittoria",
      "price": 15,
      "orgPrice": 36.5,
      "categoryIds": ["pantry", "drinks"],
      "imagePath": "https://cdn0.woolworths.media/content/wowproductimages/large/186602.jpg",
      "cupPrice": "$1.50 / 100g",
      "unit": "each",
      "packageSize": "1kg",
      "barcode": ["9310631617265"],
      "isAvailable": true
    },
    {
      "id": "w781407-9310631627691",
      "store": "woolworths",
      "name": "Vittoria Organic Coffee Beans Organic",
      "brand": "Vittoria",
      "price": 18,
      "orgPrice": 37,
      "categoryIds": ["pantry", "drinks"],
      "imagePath": "https://cdn0.woolworths.media/content/wowproductimages/large/781407.jpg",
      "cupPrice": "$1.80 / 100g",
      "unit": "each",
      "packageSize": "1kg",
      "barcode": ["9310631627691"],
      "isAvailable": true
    },
    {
      "id": "w682306-9310047217455",
      "store": "woolworths",
      "name": "White Wings Cake In A Cup Butterscotch Brownie",
      "brand": "White Wings",
      "price": 2.5,
      "orgPrice": 5,
      "categoryIds": ["pantry"],
      "imagePath": "https://cdn0.woolworths.media/content/wowproductimages/large/682306.jpg",
      "cupPrice": "$1.14 / 100g",
      "unit": "each",
      "packageSize": "220g",
      "barcode": ["9310047217455"],
      "isAvailable": true
    },
    {
      "id": "w443382-9310047215567",
      "store": "woolworths",
      "name": "White Wings Cake In A Cup Double Chocolate",
      "brand": "White Wings",
      "price": 2.5,
      "orgPrice": 5,
      "categoryIds": ["pantry"],
      "imagePath": "https://cdn0.woolworths.media/content/wowproductimages/large/443382.jpg",
      "cupPrice": "$1.14 / 100g",
      "unit": "each",
      "packageSize": "220g",
      "barcode": ["9310047215567"],
      "isAvailable": true
    },
    {
      "id": "w575689-9310047216083",
      "store": "woolworths",
      "name": "White Wings Cake In A Cup Triple Choc Brownie",
      "brand": "White Wings",
      "price": 2.5,
      "orgPrice": 5,
      "categoryIds": ["pantry"],
      "imagePath": "https://cdn0.woolworths.media/content/wowproductimages/large/575689.jpg",
      "cupPrice": "$1.14 / 100g",
      "unit": "each",
      "packageSize": "4pk 220g",
      "barcode": ["9310047216083"],
      "isAvailable": true
    },
    {
      "id": "w805852-9310047218230",
      "store": "woolworths",
      "name": "White Wings Cake In A Cup Cinnamon Donut ",
      "brand": "White Wings",
      "price": 2.5,
      "orgPrice": 5,
      "categoryIds": ["pantry"],
      "imagePath": "https://cdn0.woolworths.media/content/wowproductimages/large/805852.jpg",
      "cupPrice": "$1.14 / 100g",
      "unit": "each",
      "packageSize": "220g",
      "barcode": ["9310047218230"],
      "isAvailable": true
    },
    {
      "id": "w297415-94314243",
      "store": "woolworths",
      "name": "Whittaker's Almond Slab Milk Chocolate",
      "brand": "Whittaker's",
      "price": 1,
      "orgPrice": 2,
      "categoryIds": ["pantry"],
      "imagePath": "https://cdn0.woolworths.media/content/wowproductimages/large/297415.jpg",
      "cupPrice": "$2.22 / 100g",
      "unit": "each",
      "packageSize": "45g bar",
      "barcode": ["94314243"],
      "isAvailable": true
    },
    {
      "id": "w224461-94314205",
      "store": "woolworths",
      "name": "Whittaker's Coconut Slab Milk Chocolate",
      "brand": "Whittaker's",
      "price": 1,
      "orgPrice": 2,
      "categoryIds": ["pantry"],
      "imagePath": "https://cdn0.woolworths.media/content/wowproductimages/large/224461.jpg",
      "cupPrice": "$2.00 / 100g",
      "unit": "each",
      "packageSize": "50g bar",
      "barcode": ["94314205"],
      "isAvailable": true
    },
    {
      "id": "w71484-94314212",
      "store": "woolworths",
      "name": "Whittaker's Peanut Slab Milk Chocolate",
      "brand": "Whittaker's",
      "price": 1,
      "orgPrice": 2,
      "categoryIds": ["pantry"],
      "imagePath": "https://cdn0.woolworths.media/content/wowproductimages/large/071484.jpg",
      "cupPrice": "$2.00 / 100g",
      "unit": "each",
      "packageSize": "50g bar",
      "barcode": ["94314212"],
      "isAvailable": true
    },
    {
      "id": "w115996-9310161003804",
      "store": "woolworths",
      "name": "Bulla Choc Bars Malt, Peppermint & Vanilla",
      "brand": "Bulla",
      "price": 3.5,
      "orgPrice": 7,
      "categoryIds": ["freezer"],
      "imagePath": "https://cdn0.woolworths.media/content/wowproductimages/large/115996.jpg",
      "cupPrice": "$0.46 / 100ml",
      "unit": "each",
      "packageSize": "10 pack",
      "barcode": ["9310161003804"],
      "isAvailable": true
    },
    {
      "id": "w41430-9310161003033",
      "store": "woolworths",
      "name": "Bulla Choc Bars Vanilla",
      "brand": "Bulla",
      "price": 3.5,
      "orgPrice": 7,
      "categoryIds": ["freezer"],
      "imagePath": "https://cdn0.woolworths.media/content/wowproductimages/large/041430.jpg",
      "cupPrice": "$0.46 / 100ml",
      "unit": "each",
      "packageSize": "10 pack",
      "barcode": ["9310161003033"],
      "isAvailable": true
    },
    {
      "id": "w698998-9310161013834",
      "store": "woolworths",
      "name": "Bulla Cinnamon Donut Ice Cream",
      "brand": "Bulla",
      "price": 3.5,
      "orgPrice": 7,
      "categoryIds": ["freezer"],
      "imagePath": "https://cdn0.woolworths.media/content/wowproductimages/large/698998.jpg",
      "cupPrice": "$0.65 / 100ml",
      "unit": "each",
      "packageSize": "6 pack",
      "barcode": ["9310161013834"],
      "isAvailable": true
    },
    {
      "id": "w9772-9310161003521",
      "store": "woolworths",
      "name": "Bulla Crunch Double Choc",
      "brand": "Bulla",
      "price": 3.5,
      "orgPrice": 7,
      "categoryIds": ["freezer"],
      "imagePath": "https://cdn0.woolworths.media/content/wowproductimages/large/009772.jpg",
      "cupPrice": "$0.55 / 100ml",
      "unit": "each",
      "packageSize": "8 pack",
      "barcode": ["9310161003521"],
      "isAvailable": true
    },
    {
      "id": "w18883-9310161013896",
      "store": "woolworths",
      "name": "Bulla Crunch Blue Heaven ",
      "brand": "Bulla",
      "price": 3.5,
      "orgPrice": 7,
      "categoryIds": ["freezer"],
      "imagePath": "https://cdn0.woolworths.media/content/wowproductimages/large/018883.jpg",
      "cupPrice": "$0.55 / 100ml",
      "unit": "each",
      "packageSize": "8 pack",
      "barcode": ["9310161013896"],
      "isAvailable": true
    },
    {
      "id": "w178946-9310161001404",
      "store": "woolworths",
      "name": "Bulla Crunch Caramel, Strawberry & Honeycomb",
      "brand": "Bulla",
      "price": 3.5,
      "orgPrice": 7,
      "categoryIds": ["freezer"],
      "imagePath": "https://cdn0.woolworths.media/content/wowproductimages/large/178946.jpg",
      "cupPrice": "$0.55 / 100ml",
      "unit": "each",
      "packageSize": "8 pack",
      "barcode": ["9310161001404"],
      "isAvailable": true
    },
    {
      "id": "w249170-9310161005433",
      "store": "woolworths",
      "name": "Bulla Crunch Ice Cream Orange Mint Vanilla",
      "brand": "Bulla",
      "price": 3.5,
      "orgPrice": 7,
      "categoryIds": ["freezer"],
      "imagePath": "https://cdn0.woolworths.media/content/wowproductimages/large/249170.jpg",
      "cupPrice": "$0.55 / 100ml",
      "unit": "each",
      "packageSize": "8 pack",
      "barcode": ["9310161005433"],
      "isAvailable": true
    },
    {
      "id": "w318641-9310161006515",
      "store": "woolworths",
      "name": "Bulla Frozen Yoghurt Strawberry, Mango & Wildberry",
      "brand": "Bulla",
      "price": 3.5,
      "orgPrice": 7,
      "categoryIds": ["freezer"],
      "imagePath": "https://cdn0.woolworths.media/content/wowproductimages/large/318641.jpg",
      "cupPrice": "$0.74 / 100g",
      "unit": "each",
      "packageSize": "8 pack",
      "barcode": ["9310161006515"],
      "isAvailable": true
    },
    {
      "id": "w279664-9310161006690",
      "store": "woolworths",
      "name": "Bulla Mini Frozen Yoghurt Assorted Flavours",
      "brand": "Bulla",
      "price": 3.5,
      "orgPrice": 7,
      "categoryIds": ["freezer"],
      "imagePath": "https://cdn0.woolworths.media/content/wowproductimages/large/279664.jpg",
      "cupPrice": "$0.69 / 100g",
      "unit": "each",
      "packageSize": "14 pack",
      "barcode": ["9310161006690"],
      "isAvailable": true
    },
    {
      "id": "w313661-9310161006911",
      "store": "woolworths",
      "name": "Bulla Mini Splits Tropical & Raspberry",
      "brand": "Bulla",
      "price": 3.5,
      "orgPrice": 7,
      "categoryIds": ["freezer"],
      "imagePath": "https://cdn0.woolworths.media/content/wowproductimages/large/313661.jpg",
      "cupPrice": "$0.63 / 100ml",
      "unit": "each",
      "packageSize": "14 pack",
      "barcode": ["9310161006911"],
      "isAvailable": true
    },
    {
      "id": "w63739-9310161015449",
      "store": "woolworths",
      "name": "Bulla Nourish Cloudy Apple Sticks ",
      "brand": "Bulla",
      "price": 3.5,
      "orgPrice": 7,
      "categoryIds": ["freezer"],
      "imagePath": "https://cdn0.woolworths.media/content/wowproductimages/large/063739.jpg",
      "cupPrice": "$0.78 / 100ml",
      "unit": "each",
      "packageSize": "6 pack",
      "barcode": ["9310161015449"],
      "isAvailable": true
    },
    {
      "id": "w63639-9310161015456",
      "store": "woolworths",
      "name": "Bulla Nourish Mango And Coconut Sticks",
      "brand": "Bulla",
      "price": 3.5,
      "orgPrice": 7,
      "categoryIds": ["freezer"],
      "imagePath": "https://cdn0.woolworths.media/content/wowproductimages/large/063639.jpg",
      "cupPrice": "$0.78 / 100ml",
      "unit": "each",
      "packageSize": "6 pack",
      "barcode": ["9310161015456"],
      "isAvailable": true
    },
    {
      "id": "w63792-9310161015463",
      "store": "woolworths",
      "name": "Bulla Nourish Strawberry Sticks ",
      "brand": "Bulla",
      "price": 3.5,
      "orgPrice": 7,
      "categoryIds": ["freezer"],
      "imagePath": "https://cdn0.woolworths.media/content/wowproductimages/large/063792.jpg",
      "cupPrice": "$0.78 / 100ml",
      "unit": "each",
      "packageSize": "6 pack",
      "barcode": ["9310161015463"],
      "isAvailable": true
    },
    {
      "id": "w52302-9310161014831",
      "store": "woolworths",
      "name": "Bulla Peach, Lemon, Mango Ice Tea ",
      "brand": "Bulla",
      "price": 3.5,
      "orgPrice": 7,
      "categoryIds": ["freezer"],
      "imagePath": "https://cdn0.woolworths.media/content/wowproductimages/large/052302.jpg",
      "cupPrice": "$0.50 / 100ml",
      "unit": "each",
      "packageSize": "10 pack",
      "barcode": ["9310161014831"],
      "isAvailable": true
    },
    {
      "id": "w40975-9310161003118",
      "store": "woolworths",
      "name": "Bulla Splits Raspberry",
      "brand": "Bulla",
      "price": 3.5,
      "orgPrice": 7,
      "categoryIds": ["freezer"],
      "imagePath": "https://cdn0.woolworths.media/content/wowproductimages/large/040975.jpg",
      "cupPrice": "$0.47 / 100ml",
      "unit": "each",
      "packageSize": "10 pack",
      "barcode": ["9310161003118"],
      "isAvailable": true
    },
    {
      "id": "w178943-9310161001411",
      "store": "woolworths",
      "name": "Bulla Splits Ice Cream Wildberry Orange Tropical",
      "brand": "Bulla",
      "price": 3.5,
      "orgPrice": 7,
      "categoryIds": ["freezer"],
      "imagePath": "https://cdn0.woolworths.media/content/wowproductimages/large/178943.jpg",
      "cupPrice": "$0.47 / 100ml",
      "unit": "each",
      "packageSize": "10 pack",
      "barcode": ["9310161001411"],
      "isAvailable": true
    },
    {
      "id": "w140646-9310161002579",
      "store": "woolworths",
      "name": "Bulla Splits Multipack Raspberry, Mango & Lemon Lime",
      "brand": "Bulla",
      "price": 3.5,
      "orgPrice": 7,
      "categoryIds": ["freezer"],
      "imagePath": "https://cdn0.woolworths.media/content/wowproductimages/large/140646.jpg",
      "cupPrice": "$0.47 / 100ml",
      "unit": "each",
      "packageSize": "10 pack",
      "barcode": ["9310161002579"],
      "isAvailable": true
    },
    {
      "id": "w52287-9310161014824",
      "store": "woolworths",
      "name": "Bulla Splits Spider ",
      "brand": "Bulla",
      "price": 3.5,
      "orgPrice": 7,
      "categoryIds": ["freezer"],
      "imagePath": "https://cdn0.woolworths.media/content/wowproductimages/large/052287.jpg",
      "cupPrice": "$0.47 / 100ml",
      "unit": "each",
      "packageSize": "10 pack",
      "barcode": ["9310161014824"],
      "isAvailable": true
    },
    {
      "id": "w209196-9310076667207",
      "store": "woolworths",
      "name": "Golden Wok Asian Dim Sims Bonus Pack",
      "brand": "Golden Wok",
      "price": 5,
      "orgPrice": 10,
      "categoryIds": ["freezer"],
      "imagePath": "https://cdn0.woolworths.media/content/wowproductimages/large/209196.jpg",
      "cupPrice": "$0.29 / 100g",
      "unit": "each",
      "packageSize": "35 pack",
      "barcode": ["9310076667207"],
      "isAvailable": true
    },
    {
      "id": "w87392-9311008461016",
      "store": "woolworths",
      "name": "Louis & Marie Meringue Semifreddo ",
      "brand": "Louis & Marie",
      "price": 4,
      "orgPrice": 8,
      "categoryIds": ["freezer"],
      "imagePath": "https://cdn0.woolworths.media/content/wowproductimages/large/087392.jpg",
      "cupPrice": "$3.33 / 100g",
      "unit": "each",
      "packageSize": "120g",
      "barcode": ["9311008461016"],
      "isAvailable": true
    },
    {
      "id": "w724749-9310135164982",
      "store": "woolworths",
      "name": "Sara Lee Apple Danish",
      "brand": "Sara Lee",
      "price": 3.12,
      "orgPrice": 6.25,
      "categoryIds": ["freezer"],
      "imagePath": "https://cdn0.woolworths.media/content/wowproductimages/large/724749.jpg",
      "cupPrice": "$0.78 / 100g",
      "unit": "each",
      "packageSize": "400g",
      "barcode": ["9310135164982"],
      "isAvailable": true
    },
    {
      "id": "w96530-9310135026655",
      "store": "woolworths",
      "name": "Sara Lee Butter Chocolate Cake ",
      "brand": "Sara Lee",
      "price": 3.12,
      "orgPrice": 6.25,
      "categoryIds": ["freezer"],
      "imagePath": "https://cdn0.woolworths.media/content/wowproductimages/large/096530.jpg",
      "cupPrice": "$0.89 / 100g",
      "unit": "each",
      "packageSize": "350g",
      "barcode": ["9310135026655"],
      "isAvailable": true
    },
    {
      "id": "w96708-9310135026693",
      "store": "woolworths",
      "name": "Sara Lee Carrot Cake ",
      "brand": "Sara Lee",
      "price": 3.12,
      "orgPrice": 6.25,
      "categoryIds": ["freezer"],
      "imagePath": "https://cdn0.woolworths.media/content/wowproductimages/large/096708.jpg",
      "cupPrice": "$0.78 / 100g",
      "unit": "each",
      "packageSize": "400g",
      "barcode": ["9310135026693"],
      "isAvailable": true
    },
    {
      "id": "w724747-9310135165002",
      "store": "woolworths",
      "name": "Sara Lee Custard Danish",
      "brand": "Sara Lee",
      "price": 3.12,
      "orgPrice": 6.25,
      "categoryIds": ["freezer"],
      "imagePath": "https://cdn0.woolworths.media/content/wowproductimages/large/724747.jpg",
      "cupPrice": "$0.78 / 100g",
      "unit": "each",
      "packageSize": "400g",
      "barcode": ["9310135165002"],
      "isAvailable": true
    },
    {
      "id": "w679660-9339687034307",
      "store": "woolworths",
      "name": "Woolworths Frozen Lemon Slices ",
      "brand": "Woolworths",
      "price": 2,
      "orgPrice": 4,
      "categoryIds": ["freezer"],
      "imagePath": "https://cdn0.woolworths.media/content/wowproductimages/large/679660.jpg",
      "cupPrice": "$4.44 / 1kg",
      "unit": "each",
      "packageSize": "450g",
      "barcode": ["9339687034307"],
      "isAvailable": true
    },
    {
      "id": "w313019-9300675038836",
      "store": "woolworths",
      "name": "Coca-cola Mini Bottles ",
      "brand": "Coca-cola",
      "price": 7.97,
      "orgPrice": 15.95,
      "categoryIds": ["drinks"],
      "imagePath": "https://cdn0.woolworths.media/content/wowproductimages/large/313019.jpg",
      "cupPrice": "$2.21 / 1l",
      "unit": "each",
      "packageSize": "12x300ml pack",
      "barcode": ["9300675038836"],
      "isAvailable": true
    },
    {
      "id": "w679122-9300675084581",
      "store": "woolworths",
      "name": "Coca-cola No Sugar Mini Bottles",
      "brand": "Coca-cola",
      "price": 7.97,
      "orgPrice": 15.95,
      "categoryIds": ["drinks"],
      "imagePath": "https://cdn0.woolworths.media/content/wowproductimages/large/679122.jpg",
      "cupPrice": "$2.21 / 1l",
      "unit": "each",
      "packageSize": "12x300ml pack",
      "barcode": ["9300675084581"],
      "isAvailable": true
    },
    {
      "id": "w724514-9336243003166",
      "store": "woolworths",
      "name": "Cocobella Cocobella Straight Up Coconut Water",
      "brand": "Cocobella",
      "price": 2.5,
      "orgPrice": 5,
      "categoryIds": ["drinks"],
      "imagePath": "https://cdn0.woolworths.media/content/wowproductimages/large/724514.jpg",
      "cupPrice": "$2.50 / 1l",
      "unit": "each",
      "packageSize": "1l",
      "barcode": ["9336243003166"],
      "isAvailable": true
    },
    {
      "id": "w769629-9344960000016",
      "store": "woolworths",
      "name": "Thankyou. Still Water",
      "brand": "Thankyou.",
      "price": 0.9,
      "orgPrice": 2.1,
      "categoryIds": ["drinks"],
      "imagePath": "https://cdn0.woolworths.media/content/wowproductimages/large/769629.jpg",
      "cupPrice": "$0.60 / 1l",
      "unit": "each",
      "packageSize": "1.5l",
      "barcode": ["9344960000016"],
      "isAvailable": true
    },
    {
      "id": "w58520-70177225995",
      "store": "woolworths",
      "name": "Twinings Infuse Peach & Passionfruit ",
      "brand": "Twinings",
      "price": 2.75,
      "orgPrice": 5.5,
      "categoryIds": ["drinks"],
      "imagePath": "https://cdn0.woolworths.media/content/wowproductimages/large/058520.jpg",
      "cupPrice": "$0.23 / 1ea",
      "unit": "each",
      "packageSize": "12 pack",
      "barcode": ["70177225995"],
      "isAvailable": true
    },
    {
      "id": "w58542-70177226008",
      "store": "woolworths",
      "name": "Twinings Infuse Pink Grapefruit & Orange",
      "brand": "Twinings",
      "price": 2.75,
      "orgPrice": 5.5,
      "categoryIds": ["drinks"],
      "imagePath": "https://cdn0.woolworths.media/content/wowproductimages/large/058542.jpg",
      "cupPrice": "$0.23 / 1ea",
      "unit": "each",
      "packageSize": "12 pack",
      "barcode": ["70177226008"],
      "isAvailable": true
    },
    {
      "id": "w603301-9312997082992",
      "store": "woolworths",
      "name": "Bonds 100 Crew Socks Size 6-12m & 1-2y",
      "brand": "Bonds",
      "price": 4,
      "orgPrice": 8,
      "categoryIds": ["baby"],
      "imagePath": "https://cdn0.woolworths.media/content/wowproductimages/large/603301.jpg",
      "cupPrice": null,
      "unit": "each",
      "packageSize": "each",
      "barcode": ["9312997082992"],
      "isAvailable": true
    },
    {
      "id": "w693928-9312997049667",
      "store": "woolworths",
      "name": "Bonds Baby Bucket Hat One Size",
      "brand": "Bonds",
      "price": 7,
      "orgPrice": 14,
      "categoryIds": ["baby"],
      "imagePath": "https://cdn0.woolworths.media/content/wowproductimages/large/693928.jpg",
      "cupPrice": "$7.00 / 1ea",
      "unit": "each",
      "packageSize": "each",
      "barcode": ["9312997049667"],
      "isAvailable": true
    },
    {
      "id": "w694543-9312997082947",
      "store": "woolworths",
      "name": "Bonds Baby Classic Crawler Legging Boy Size 6-12m",
      "brand": "Bonds",
      "price": 5.5,
      "orgPrice": 11,
      "categoryIds": ["baby"],
      "imagePath": "https://cdn0.woolworths.media/content/wowproductimages/large/694543.jpg",
      "cupPrice": "$5.50 / 1ea",
      "unit": "each",
      "packageSize": "each",
      "barcode": ["9312997082947"],
      "isAvailable": true
    },
    {
      "id": "w694395-9312997082930",
      "store": "woolworths",
      "name": "Bonds Baby Classic Crawler Legging Girl Size 6-12m",
      "brand": "Bonds",
      "price": 5.5,
      "orgPrice": 11,
      "categoryIds": ["baby"],
      "imagePath": "https://cdn0.woolworths.media/content/wowproductimages/large/694395.jpg",
      "cupPrice": "$5.50 / 1ea",
      "unit": "each",
      "packageSize": "each",
      "barcode": ["9312997082930"],
      "isAvailable": true
    },
    {
      "id": "w694544-9352762563899",
      "store": "woolworths",
      "name": "Bonds Baby Fashion Legging Boy Size 0-6m 6-12m & 1-2y",
      "brand": "Bonds",
      "price": 5.5,
      "orgPrice": 11,
      "categoryIds": ["baby"],
      "imagePath": "https://cdn0.woolworths.media/content/wowproductimages/large/694544.jpg",
      "cupPrice": "$5.50 / 1ea",
      "unit": "each",
      "packageSize": "each",
      "barcode": ["9352762563899"],
      "isAvailable": true
    },
    {
      "id": "w694397-9352762563882",
      "store": "woolworths",
      "name": "Bonds Baby Fashion Legging Girl Size 0-6m 6-12m & 1-2y",
      "brand": "Bonds",
      "price": 5.5,
      "orgPrice": 11,
      "categoryIds": ["baby"],
      "imagePath": "https://cdn0.woolworths.media/content/wowproductimages/large/694397.jpg",
      "cupPrice": "$5.50 / 1ea",
      "unit": "each",
      "packageSize": "each",
      "barcode": ["9352762563882"],
      "isAvailable": true
    },
    {
      "id": "w34531-9354779244365",
      "store": "woolworths",
      "name": "Bonds Baby Light Quarter Crew Sock ",
      "brand": "Bonds",
      "price": 4,
      "orgPrice": 8,
      "categoryIds": ["baby"],
      "imagePath": "https://cdn0.woolworths.media/content/wowproductimages/large/034531.jpg",
      "cupPrice": null,
      "unit": "each",
      "packageSize": "2 pack",
      "barcode": ["9354779244365"],
      "isAvailable": true
    },
    {
      "id": "w34554-9354779244358",
      "store": "woolworths",
      "name": "Bonds Baby Logo Light Crew ",
      "brand": "Bonds",
      "price": 4,
      "orgPrice": 8,
      "categoryIds": ["baby"],
      "imagePath": "https://cdn0.woolworths.media/content/wowproductimages/large/034554.jpg",
      "cupPrice": null,
      "unit": "each",
      "packageSize": "2 pack",
      "barcode": ["9354779244358"],
      "isAvailable": true
    },
    {
      "id": "w694540-9352762564124",
      "store": "woolworths",
      "name": "Bonds Baby Logo Quarter Crew Sock Size 6-12m & 1-2y",
      "brand": "Bonds",
      "price": 4,
      "orgPrice": 8,
      "categoryIds": ["baby"],
      "imagePath": "https://cdn0.woolworths.media/content/wowproductimages/large/694540.jpg",
      "cupPrice": "$2.00 / 1ea",
      "unit": "each",
      "packageSize": "2 pack",
      "barcode": ["9352762564124"],
      "isAvailable": true
    },
    {
      "id": "w308716-9312688749593",
      "store": "woolworths",
      "name": "Bonds Baby Socks Stay On Assorted Size 0-6m",
      "brand": "Bonds",
      "price": 5,
      "orgPrice": 10,
      "categoryIds": ["baby"],
      "imagePath": "https://cdn0.woolworths.media/content/wowproductimages/large/308716.jpg",
      "cupPrice": "$2.50 / 1ea",
      "unit": "each",
      "packageSize": "2 pack",
      "barcode": ["9312688749593"],
      "isAvailable": true
    },
    {
      "id": "w250469-9312997823311",
      "store": "woolworths",
      "name": "Bonds Baby Socks Wonder Size 0-6m",
      "brand": "Bonds",
      "price": 4,
      "orgPrice": 8,
      "categoryIds": ["baby"],
      "imagePath": "https://cdn0.woolworths.media/content/wowproductimages/large/250469.jpg",
      "cupPrice": "$1.33 / 1ea",
      "unit": "each",
      "packageSize": "3 pack",
      "barcode": ["9312997823311"],
      "isAvailable": true
    },
    {
      "id": "w859028-9310259779659",
      "store": "woolworths",
      "name": "Bonds Baby Sportlet Socks Size 6-12m & 1-2y",
      "brand": "Bonds",
      "price": 6,
      "orgPrice": 12,
      "categoryIds": ["baby"],
      "imagePath": "https://cdn0.woolworths.media/content/wowproductimages/large/859028.jpg",
      "cupPrice": "$2.00 / 1ea",
      "unit": "each",
      "packageSize": "3 pack",
      "barcode": ["9310259779659"],
      "isAvailable": true
    },
    {
      "id": "w693939-9352762492113",
      "store": "woolworths",
      "name": "Bonds Baby Stretchies Chesty Boy Size 000 To 2",
      "brand": "Bonds",
      "price": 5,
      "orgPrice": 10,
      "categoryIds": ["baby"],
      "imagePath": "https://cdn0.woolworths.media/content/wowproductimages/large/693939.jpg",
      "cupPrice": "$5.00 / 1ea",
      "unit": "each",
      "packageSize": "each",
      "barcode": ["9352762492113"],
      "isAvailable": true
    },
    {
      "id": "w694020-9312997032461",
      "store": "woolworths",
      "name": "Bonds Baby Stretchy Legging Boy Size 000 To 2",
      "brand": "Bonds",
      "price": 6,
      "orgPrice": 12,
      "categoryIds": ["baby"],
      "imagePath": "https://cdn0.woolworths.media/content/wowproductimages/large/694020.jpg",
      "cupPrice": "$6.00 / 1ea",
      "unit": "each",
      "packageSize": "each",
      "barcode": ["9312997032461"],
      "isAvailable": true
    },
    {
      "id": "w693929-9312997032454",
      "store": "woolworths",
      "name": "Bonds Baby Stretchy Legging Girl Size 000 To 2",
      "brand": "Bonds",
      "price": 6,
      "orgPrice": 12,
      "categoryIds": ["baby"],
      "imagePath": "https://cdn0.woolworths.media/content/wowproductimages/large/693929.jpg",
      "cupPrice": "$6.00 / 1ea",
      "unit": "each",
      "packageSize": "each",
      "barcode": ["9312997032454"],
      "isAvailable": true
    },
    {
      "id": "w830740-9354009760306",
      "store": "woolworths",
      "name": "Bonds Baby Vest Size 000 To 2",
      "brand": "Bonds",
      "price": 7.5,
      "orgPrice": 15,
      "categoryIds": ["baby"],
      "imagePath": "https://cdn0.woolworths.media/content/wowproductimages/large/830740.jpg",
      "cupPrice": null,
      "unit": "each",
      "packageSize": "3 pack",
      "barcode": ["9354009760306"],
      "isAvailable": true
    },
    {
      "id": "w603289-9351257716932",
      "store": "woolworths",
      "name": "Bonds Baby Zippy Romper Boys Size 000 To 2",
      "brand": "Bonds",
      "price": 10,
      "orgPrice": 20,
      "categoryIds": ["baby"],
      "imagePath": "https://cdn0.woolworths.media/content/wowproductimages/large/603289.jpg",
      "cupPrice": null,
      "unit": "each",
      "packageSize": "each",
      "barcode": ["9351257716932"],
      "isAvailable": true
    },
    {
      "id": "w603308-9351257716796",
      "store": "woolworths",
      "name": "Bonds Baby Zippy Romper Girls Size 000 To 2",
      "brand": "Bonds",
      "price": 10,
      "orgPrice": 20,
      "categoryIds": ["baby"],
      "imagePath": "https://cdn0.woolworths.media/content/wowproductimages/large/603308.jpg",
      "cupPrice": null,
      "unit": "each",
      "packageSize": "each",
      "barcode": ["9351257716796"],
      "isAvailable": true
    },
    {
      "id": "w858877-9351950666169",
      "store": "woolworths",
      "name": "Bonds Baby Zippy Wondersuit Blue Star Size 000 To 2",
      "brand": "Bonds",
      "price": 11,
      "orgPrice": 22,
      "categoryIds": ["baby"],
      "imagePath": "https://cdn0.woolworths.media/content/wowproductimages/large/858877.jpg",
      "cupPrice": null,
      "unit": "each",
      "packageSize": "each",
      "barcode": ["9351950666169"],
      "isAvailable": true
    },
    {
      "id": "w858930-9350461161354",
      "store": "woolworths",
      "name": "Bonds Baby Zippy Wondersuit Grey Size 000 To 2",
      "brand": "Bonds",
      "price": 11,
      "orgPrice": 22,
      "categoryIds": ["baby"],
      "imagePath": "https://cdn0.woolworths.media/content/wowproductimages/large/858930.jpg",
      "cupPrice": null,
      "unit": "each",
      "packageSize": "each",
      "barcode": ["9350461161354"],
      "isAvailable": true
    },
    {
      "id": "w858867-9352762135218",
      "store": "woolworths",
      "name": "Bonds Baby Zippy Wondersuit Pattern Size 000 To 2",
      "brand": "Bonds",
      "price": 11,
      "orgPrice": 22,
      "categoryIds": ["baby"],
      "imagePath": "https://cdn0.woolworths.media/content/wowproductimages/large/858867.jpg",
      "cupPrice": null,
      "unit": "each",
      "packageSize": "each",
      "barcode": ["9352762135218"],
      "isAvailable": true
    },
    {
      "id": "w603306-9312997032447",
      "store": "woolworths",
      "name": "Bonds Stretchies Bib One Size",
      "brand": "Bonds",
      "price": 7,
      "orgPrice": 14,
      "categoryIds": ["baby"],
      "imagePath": "https://cdn0.woolworths.media/content/wowproductimages/large/603306.jpg",
      "cupPrice": "$7.00 / 1ea",
      "unit": "each",
      "packageSize": "each",
      "barcode": ["9312997032447"],
      "isAvailable": true
    },
    {
      "id": "w603321-9351257720731",
      "store": "woolworths",
      "name": "Bonds Wonderbodies Size 000 To 1",
      "brand": "Bonds",
      "price": 13,
      "orgPrice": 26,
      "categoryIds": ["baby"],
      "imagePath": "https://cdn0.woolworths.media/content/wowproductimages/large/603321.jpg",
      "cupPrice": null,
      "unit": "each",
      "packageSize": "each",
      "barcode": ["9351257720731"],
      "isAvailable": true
    },
    {
      "id": "w603311-9351257718530",
      "store": "woolworths",
      "name": "Bonds Wonderbodies Size 000 To 2",
      "brand": "Bonds",
      "price": 10,
      "orgPrice": 20,
      "categoryIds": ["baby"],
      "imagePath": "https://cdn0.woolworths.media/content/wowproductimages/large/603311.jpg",
      "cupPrice": null,
      "unit": "each",
      "packageSize": "each",
      "barcode": ["9351257718530"],
      "isAvailable": true
    },
    {
      "id": "w693937-9352762492069",
      "store": "woolworths",
      "name": "Bonds Wonderbodies Coverall Girl Size 000 To 2",
      "brand": "Bonds",
      "price": 9,
      "orgPrice": 18,
      "categoryIds": ["baby"],
      "imagePath": "https://cdn0.woolworths.media/content/wowproductimages/large/693937.jpg",
      "cupPrice": "$9.00 / 1ea",
      "unit": "each",
      "packageSize": "each",
      "barcode": ["9352762492069"],
      "isAvailable": true
    },
    {
      "id": "w694021-9352762427320",
      "store": "woolworths",
      "name": "Bonds Wonderbodies Singletsuit White Size 000 To 2",
      "brand": "Bonds",
      "price": 10,
      "orgPrice": 20,
      "categoryIds": ["baby"],
      "imagePath": "https://cdn0.woolworths.media/content/wowproductimages/large/694021.jpg",
      "cupPrice": "$5.00 / 1ea",
      "unit": "each",
      "packageSize": "2 pack",
      "barcode": ["9352762427320"],
      "isAvailable": true
    },
    {
      "id": "w59520-9337824002721",
      "store": "woolworths",
      "name": "Little Bellies Organic Beetroot & Carrot Oatcakes",
      "brand": "Little Bellies",
      "price": 2.25,
      "orgPrice": 4.5,
      "categoryIds": ["baby"],
      "imagePath": "https://cdn0.woolworths.media/content/wowproductimages/large/059520.jpg",
      "cupPrice": "$2.81 / 100g",
      "unit": "each",
      "packageSize": "80g",
      "barcode": ["9337824002721"],
      "isAvailable": true
    },
    {
      "id": "w59524-9337824002738",
      "store": "woolworths",
      "name": "Little Bellies Organic Cheese Oatcakes",
      "brand": "Little Bellies",
      "price": 2.25,
      "orgPrice": 4.5,
      "categoryIds": ["baby"],
      "imagePath": "https://cdn0.woolworths.media/content/wowproductimages/large/059524.jpg",
      "cupPrice": "$2.81 / 100g",
      "unit": "each",
      "packageSize": "80g",
      "barcode": ["9337824002738"],
      "isAvailable": true
    },
    {
      "id": "w15599-9339687093595",
      "store": "woolworths",
      "name": "Little Wishes Essentials Soother 6 To18 Months",
      "brand": "Little Wishes",
      "price": 3,
      "orgPrice": 6,
      "categoryIds": ["baby"],
      "imagePath": "https://cdn0.woolworths.media/content/wowproductimages/large/015599.jpg",
      "cupPrice": "$1.00 / 1ea",
      "unit": "each",
      "packageSize": "3 pack",
      "barcode": ["9339687093595"],
      "isAvailable": true
    },
    {
      "id": "w15598-9339687093601",
      "store": "woolworths",
      "name": "Little Wishes Soother 0-6 Months ",
      "brand": "Little Wishes",
      "price": 3,
      "orgPrice": 6,
      "categoryIds": ["baby"],
      "imagePath": "https://cdn0.woolworths.media/content/wowproductimages/large/015598.jpg",
      "cupPrice": "$1.00 / 1ea",
      "unit": "each",
      "packageSize": "3 pack",
      "barcode": ["9339687093601"],
      "isAvailable": true
    },
    {
      "id": "w17206-9339687093571",
      "store": "woolworths",
      "name": "Little Wishes Weaning Pots ",
      "brand": "Little Wishes",
      "price": 2.5,
      "orgPrice": 5,
      "categoryIds": ["baby"],
      "imagePath": "https://cdn0.woolworths.media/content/wowproductimages/large/017206.jpg",
      "cupPrice": "$1.75 / 1ea",
      "unit": "each",
      "packageSize": "2 pack",
      "barcode": ["9339687093571"],
      "isAvailable": true
    },
    {
      "id": "w635980-28632682371",
      "store": "woolworths",
      "name": "Nuk Teats Large - Thick ",
      "brand": "Nuk",
      "price": 5,
      "orgPrice": 10,
      "categoryIds": ["baby"],
      "imagePath": "https://cdn0.woolworths.media/content/wowproductimages/large/635980.jpg",
      "cupPrice": "$5.00 / 1ea",
      "unit": "each",
      "packageSize": "2 pack",
      "barcode": ["28632682371"],
      "isAvailable": true
    },
    {
      "id": "w49220-93367066",
      "store": "woolworths",
      "name": "Blackmores Bio Magnesium ",
      "brand": "Blackmores",
      "price": 9.75,
      "orgPrice": 19.5,
      "categoryIds": ["health-beauty"],
      "imagePath": "https://cdn0.woolworths.media/content/wowproductimages/large/049220.jpg",
      "cupPrice": "$19.50 / 100ea",
      "unit": "each",
      "packageSize": "50 pack",
      "barcode": ["93367066"],
      "isAvailable": true
    },
    {
      "id": "w805197-93554183",
      "store": "woolworths",
      "name": "Blackmores Curcumin One A Day ",
      "brand": "Blackmores",
      "price": 13,
      "orgPrice": 26,
      "categoryIds": ["health-beauty"],
      "imagePath": "https://cdn0.woolworths.media/content/wowproductimages/large/805197.jpg",
      "cupPrice": "$43.33 / 100ea",
      "unit": "each",
      "packageSize": "30pk",
      "barcode": ["93554183"],
      "isAvailable": true
    },
    {
      "id": "w820215-9300807317792",
      "store": "woolworths",
      "name": "Blackmores Daily Magnesium Powder",
      "brand": "Blackmores",
      "price": 10,
      "orgPrice": 20,
      "categoryIds": ["health-beauty"],
      "imagePath": "https://cdn0.woolworths.media/content/wowproductimages/large/820215.jpg",
      "cupPrice": "$6.67 / 100g",
      "unit": "each",
      "packageSize": "150g",
      "barcode": ["9300807317792"],
      "isAvailable": true
    },
    {
      "id": "w85715-93558853",
      "store": "woolworths",
      "name": "Blackmores Echinacea Ace & Zinc ",
      "brand": "Blackmores",
      "price": 10,
      "orgPrice": 20,
      "categoryIds": ["health-beauty"],
      "imagePath": "https://cdn0.woolworths.media/content/wowproductimages/large/085715.jpg",
      "cupPrice": "$16.67 / 100ea",
      "unit": "each",
      "packageSize": "60 pack",
      "barcode": ["93558853"],
      "isAvailable": true
    },
    {
      "id": "w192702-9300807220115",
      "store": "woolworths",
      "name": "Blackmores Executive B Tablets",
      "brand": "Blackmores",
      "price": 16.9,
      "orgPrice": 33.8,
      "categoryIds": ["health-beauty"],
      "imagePath": "https://cdn0.woolworths.media/content/wowproductimages/large/192702.jpg",
      "cupPrice": "$13.52 / 100ea",
      "unit": "each",
      "packageSize": "125 pack",
      "barcode": ["9300807220115"],
      "isAvailable": true
    },
    {
      "id": "w828148-9300807287439",
      "store": "woolworths",
      "name": "Blackmores Fish Oil Odourless 1000mg",
      "brand": "Blackmores",
      "price": 10,
      "orgPrice": 20,
      "categoryIds": ["health-beauty"],
      "imagePath": "https://cdn0.woolworths.media/content/wowproductimages/large/828148.jpg",
      "cupPrice": "$5.00 / 100ea",
      "unit": "each",
      "packageSize": "200 pack",
      "barcode": ["9300807287439"],
      "isAvailable": true
    },
    {
      "id": "w228483-93333535",
      "store": "woolworths",
      "name": "Blackmores For Women Nails Hair & Skin Tablets",
      "brand": "Blackmores",
      "price": 7.75,
      "orgPrice": 15.5,
      "categoryIds": ["health-beauty"],
      "imagePath": "https://cdn0.woolworths.media/content/wowproductimages/large/228483.jpg",
      "cupPrice": "$12.92 / 100ea",
      "unit": "each",
      "packageSize": "60 pack",
      "barcode": ["93333535"],
      "isAvailable": true
    },
    {
      "id": "w771915-93894456",
      "store": "woolworths",
      "name": "Blackmores Horseradish Garlic Plus ",
      "brand": "Blackmores",
      "price": 8.75,
      "orgPrice": 17.5,
      "categoryIds": ["health-beauty"],
      "imagePath": "https://cdn0.woolworths.media/content/wowproductimages/large/771915.jpg",
      "cupPrice": "$17.50 / 100ea",
      "unit": "each",
      "packageSize": "50pk",
      "barcode": ["93894456"],
      "isAvailable": true
    },
    {
      "id": "w8595-9300807019405",
      "store": "woolworths",
      "name": "Blackmores Lyp-sine Coldsore Relief Tablets",
      "brand": "Blackmores",
      "price": 5,
      "orgPrice": 10,
      "categoryIds": ["health-beauty"],
      "imagePath": "https://cdn0.woolworths.media/content/wowproductimages/large/008595.jpg",
      "cupPrice": "$16.67 / 100ea",
      "unit": "each",
      "packageSize": "30 pack",
      "barcode": ["9300807019405"],
      "isAvailable": true
    },
    {
      "id": "w202368-93487788",
      "store": "woolworths",
      "name": "Blackmores Mens Performance Multi",
      "brand": "Blackmores",
      "price": 10,
      "orgPrice": 20,
      "categoryIds": ["health-beauty"],
      "imagePath": "https://cdn0.woolworths.media/content/wowproductimages/large/202368.jpg",
      "cupPrice": "$20.00 / 100ea",
      "unit": "each",
      "packageSize": "50 pack",
      "barcode": ["93487788"],
      "isAvailable": true
    },
    {
      "id": "w89860-93807357",
      "store": "woolworths",
      "name": "Blackmores Milk Thistle Liver Tonic Tablets",
      "brand": "Blackmores",
      "price": 8.25,
      "orgPrice": 16.5,
      "categoryIds": ["health-beauty"],
      "imagePath": "https://cdn0.woolworths.media/content/wowproductimages/large/089860.jpg",
      "cupPrice": "$19.64 / 100ea",
      "unit": "each",
      "packageSize": "42 pack",
      "barcode": ["93807357"],
      "isAvailable": true
    },
    {
      "id": "w215177-93367134",
      "store": "woolworths",
      "name": "Blackmores Multivitamin For Women ",
      "brand": "Blackmores",
      "price": 10,
      "orgPrice": 20,
      "categoryIds": ["health-beauty"],
      "imagePath": "https://cdn0.woolworths.media/content/wowproductimages/large/215177.jpg",
      "cupPrice": "$20.00 / 100ea",
      "unit": "each",
      "packageSize": "50 pack",
      "barcode": ["93367134"],
      "isAvailable": true
    },
    {
      "id": "w828241-9300807290347",
      "store": "woolworths",
      "name": "Blackmores Odourless Omega Triple Concentration Fish Oil Caps",
      "brand": "Blackmores",
      "price": 12.5,
      "orgPrice": 25,
      "categoryIds": ["health-beauty"],
      "imagePath": "https://cdn0.woolworths.media/content/wowproductimages/large/828241.jpg",
      "cupPrice": "$20.83 / 100ea",
      "unit": "each",
      "packageSize": "60pk",
      "barcode": ["9300807290347"],
      "isAvailable": true
    },
    {
      "id": "w258736-9300807236727",
      "store": "woolworths",
      "name": "Blackmores Pregnancy & Breast Feeding Gold",
      "brand": "Blackmores",
      "price": 20.5,
      "orgPrice": 41,
      "categoryIds": ["health-beauty"],
      "imagePath": "https://cdn0.woolworths.media/content/wowproductimages/large/258736.jpg",
      "cupPrice": "$17.08 / 100ea",
      "unit": "each",
      "packageSize": "120pk",
      "barcode": ["9300807236727"],
      "isAvailable": true
    },
    {
      "id": "w572423-93550642",
      "store": "woolworths",
      "name": "Blackmores Probiotics+ Daily Health ",
      "brand": "Blackmores",
      "price": 14,
      "orgPrice": 28,
      "categoryIds": ["health-beauty"],
      "imagePath": "https://cdn0.woolworths.media/content/wowproductimages/large/572423.jpg",
      "cupPrice": "$46.67 / 100ea",
      "unit": "each",
      "packageSize": "30 pack",
      "barcode": ["93550642"],
      "isAvailable": true
    },
    {
      "id": "w572424-93550659",
      "store": "woolworths",
      "name": "Blackmores Probiotics+ Immunity Defence ",
      "brand": "Blackmores",
      "price": 14,
      "orgPrice": 28,
      "categoryIds": ["health-beauty"],
      "imagePath": "https://cdn0.woolworths.media/content/wowproductimages/large/572424.jpg",
      "cupPrice": "$46.67 / 100ea",
      "unit": "each",
      "packageSize": "30 pack",
      "barcode": ["93550659"],
      "isAvailable": true
    },
    {
      "id": "w59366-93550703",
      "store": "woolworths",
      "name": "Blackmores Super Coq10 300mg Capsules",
      "brand": "Blackmores",
      "price": 16.5,
      "orgPrice": 33,
      "categoryIds": ["health-beauty"],
      "imagePath": "https://cdn0.woolworths.media/content/wowproductimages/large/059366.jpg",
      "cupPrice": "$0.55 / 1ea",
      "unit": "each",
      "packageSize": "30 pack",
      "barcode": ["93550703"],
      "isAvailable": true
    },
    {
      "id": "w641891-9300807308745",
      "store": "woolworths",
      "name": "Blackmores Superkids Immune Gummies",
      "brand": "Blackmores",
      "price": 7.5,
      "orgPrice": 15,
      "categoryIds": ["health-beauty"],
      "imagePath": "https://cdn0.woolworths.media/content/wowproductimages/large/641891.jpg",
      "cupPrice": "$12.50 / 100ea",
      "unit": "each",
      "packageSize": "60 pack",
      "barcode": ["9300807308745"],
      "isAvailable": true
    },
    {
      "id": "w642034-9300807308776",
      "store": "woolworths",
      "name": "Blackmores Superkids Multi Gummies",
      "brand": "Blackmores",
      "price": 7.5,
      "orgPrice": 15,
      "categoryIds": ["health-beauty"],
      "imagePath": "https://cdn0.woolworths.media/content/wowproductimages/large/642034.jpg",
      "cupPrice": "$12.50 / 100ea",
      "unit": "each",
      "packageSize": "60 pack",
      "barcode": ["9300807308776"],
      "isAvailable": true
    },
    {
      "id": "w819600-93555883",
      "store": "woolworths",
      "name": "Blackmores Vitamin C & Echinacea Effervescent",
      "brand": "Blackmores",
      "price": 3.5,
      "orgPrice": 7,
      "categoryIds": ["health-beauty"],
      "imagePath": "https://cdn0.woolworths.media/content/wowproductimages/large/819600.jpg",
      "cupPrice": "$0.35 / 1ea",
      "unit": "each",
      "packageSize": "10 pack",
      "barcode": ["93555883"],
      "isAvailable": true
    },
    {
      "id": "w233176-93368438",
      "store": "woolworths",
      "name": "Blackmores Vitamin D3 1000iu ",
      "brand": "Blackmores",
      "price": 5.5,
      "orgPrice": 11,
      "categoryIds": ["health-beauty"],
      "imagePath": "https://cdn0.woolworths.media/content/wowproductimages/large/233176.jpg",
      "cupPrice": "$9.17 / 100ea",
      "unit": "each",
      "packageSize": "60pk",
      "barcode": ["93368438"],
      "isAvailable": true
    },
    {
      "id": "w66760-9349282000591",
      "store": "woolworths",
      "name": "Bodiez Protein Water Berry Optimum ",
      "brand": "Bodiez",
      "price": 2.75,
      "orgPrice": 5.5,
      "categoryIds": ["health-beauty"],
      "imagePath": "https://cdn0.woolworths.media/content/wowproductimages/large/066760.jpg",
      "cupPrice": "$0.55 / 100ml",
      "unit": "each",
      "packageSize": "500ml",
      "barcode": ["9349282000591"],
      "isAvailable": true
    },
    {
      "id": "w66761-9349282000607",
      "store": "woolworths",
      "name": "Bodiez Protein Water Kiwi Optimum ",
      "brand": "Bodiez",
      "price": 2.75,
      "orgPrice": 5.5,
      "categoryIds": ["health-beauty"],
      "imagePath": "https://cdn0.woolworths.media/content/wowproductimages/large/066761.jpeg",
      "cupPrice": "$0.55 / 100ml",
      "unit": "each",
      "packageSize": "500ml",
      "barcode": ["9349282000607"],
      "isAvailable": true
    },
    {
      "id": "w815155-9314807065492",
      "store": "woolworths",
      "name": "Brut Anti-perspirant Enduro Ice",
      "brand": "Brut",
      "price": 3,
      "orgPrice": 6.3,
      "categoryIds": ["health-beauty"],
      "imagePath": "https://cdn0.woolworths.media/content/wowproductimages/large/815155.jpg",
      "cupPrice": "$2.00 / 100g",
      "unit": "each",
      "packageSize": "150g",
      "barcode": ["9314807065492"],
      "isAvailable": true
    },
    {
      "id": "w815156-9314807065508",
      "store": "woolworths",
      "name": "Brut Anti-perspirant Max Defence",
      "brand": "Brut",
      "price": 3,
      "orgPrice": 6.3,
      "categoryIds": ["health-beauty"],
      "imagePath": "https://cdn0.woolworths.media/content/wowproductimages/large/815156.jpg",
      "cupPrice": "$2.00 / 100g",
      "unit": "each",
      "packageSize": "150g",
      "barcode": ["9314807065508"],
      "isAvailable": true
    },
    {
      "id": "w248071-9314807015480",
      "store": "woolworths",
      "name": "Brut Deodorant Aerosol Anti Perspirant Endurance",
      "brand": "Brut",
      "price": 3,
      "orgPrice": 6.3,
      "categoryIds": ["health-beauty"],
      "imagePath": "https://cdn0.woolworths.media/content/wowproductimages/large/248071.jpg",
      "cupPrice": "$1.22 / 100ml",
      "unit": "each",
      "packageSize": "150g",
      "barcode": ["9314807015480"],
      "isAvailable": true
    },
    {
      "id": "w10830-9300666383242",
      "store": "woolworths",
      "name": "Brut Deodorant Aerosol Anti Perspirant Ultra Dry",
      "brand": "Brut",
      "price": 3,
      "orgPrice": 6.3,
      "categoryIds": ["health-beauty"],
      "imagePath": "https://cdn0.woolworths.media/content/wowproductimages/large/010830.jpg",
      "cupPrice": "$1.22 / 100ml",
      "unit": "each",
      "packageSize": "150g",
      "barcode": ["9300666383242"],
      "isAvailable": true
    },
    {
      "id": "w10829-9300666383235",
      "store": "woolworths",
      "name": "Brut Deodorant Aerosol Original",
      "brand": "Brut",
      "price": 3,
      "orgPrice": 6.3,
      "categoryIds": ["health-beauty"],
      "imagePath": "https://cdn0.woolworths.media/content/wowproductimages/large/010829.jpg",
      "cupPrice": "$1.22 / 100ml",
      "unit": "each",
      "packageSize": "150g",
      "barcode": ["9300666383235"],
      "isAvailable": true
    },
    {
      "id": "w738842-9333583003900",
      "store": "woolworths",
      "name": "Celebrity Slim Low Carb Shake Mix 7 Day Meal Replacement Assort",
      "brand": "Celebrity Slim",
      "price": 21.5,
      "orgPrice": 43,
      "categoryIds": ["health-beauty"],
      "imagePath": "https://cdn0.woolworths.media/content/wowproductimages/large/738842.jpg",
      "cupPrice": "$1.54 / 1ea",
      "unit": "each",
      "packageSize": "14pk",
      "barcode": ["9333583003900"],
      "isAvailable": true
    },
    {
      "id": "w731202-9333583008776",
      "store": "woolworths",
      "name": "Celebrity Slim Rapid Phase Shake Mix Cafe Latte",
      "brand": "Celebrity Slim",
      "price": 17.75,
      "orgPrice": 35.5,
      "categoryIds": ["health-beauty"],
      "imagePath": "https://cdn0.woolworths.media/content/wowproductimages/large/731202.jpg",
      "cupPrice": "$2.11 / 100g",
      "unit": "each",
      "packageSize": "840g",
      "barcode": ["9333583008776"],
      "isAvailable": true
    },
    {
      "id": "w731194-9333583008752",
      "store": "woolworths",
      "name": "Celebrity Slim Rapid Phase Shake Mix Chocolate",
      "brand": "Celebrity Slim",
      "price": 17.75,
      "orgPrice": 35.5,
      "categoryIds": ["health-beauty"],
      "imagePath": "https://cdn0.woolworths.media/content/wowproductimages/large/731194.jpg",
      "cupPrice": "$2.11 / 100g",
      "unit": "each",
      "packageSize": "840g",
      "barcode": ["9333583008752"],
      "isAvailable": true
    },
    {
      "id": "w731213-9333583008844",
      "store": "woolworths",
      "name": "Celebrity Slim Shake Mix Cafe Latte Sachet",
      "brand": "Celebrity Slim",
      "price": 1.75,
      "orgPrice": 3.5,
      "categoryIds": ["health-beauty"],
      "imagePath": "https://cdn0.woolworths.media/content/wowproductimages/large/731213.jpg",
      "cupPrice": "$3.18 / 100g",
      "unit": "each",
      "packageSize": "55g",
      "barcode": ["9333583008844"],
      "isAvailable": true
    },
    {
      "id": "w506793-9346657000316",
      "store": "woolworths",
      "name": "Crankt Hplc Protein Shake Banana",
      "brand": "Crankt",
      "price": 2,
      "orgPrice": 4.15,
      "categoryIds": ["health-beauty"],
      "imagePath": "https://cdn0.woolworths.media/content/wowproductimages/large/506793.jpg",
      "cupPrice": "$0.53 / 100ml",
      "unit": "each",
      "packageSize": "375ml",
      "barcode": ["9346657000316"],
      "isAvailable": true
    },
    {
      "id": "w506791-9346657000002",
      "store": "woolworths",
      "name": "Crankt Hplc Protein Shake Chocolate",
      "brand": "Crankt",
      "price": 2,
      "orgPrice": 4.15,
      "categoryIds": ["health-beauty"],
      "imagePath": "https://cdn0.woolworths.media/content/wowproductimages/large/506791.jpg",
      "cupPrice": "$0.53 / 100ml",
      "unit": "each",
      "packageSize": "375ml",
      "barcode": ["9346657000002"],
      "isAvailable": true
    },
    {
      "id": "w65786-9346657000064",
      "store": "woolworths",
      "name": "Crankt Vanilla ",
      "brand": "Crankt",
      "price": 2,
      "orgPrice": 4.15,
      "categoryIds": ["health-beauty"],
      "imagePath": "https://cdn0.woolworths.media/content/wowproductimages/large/065786.jpg",
      "cupPrice": "$0.53 / 100ml",
      "unit": "each",
      "packageSize": "375ml",
      "barcode": ["9346657000064"],
      "isAvailable": true
    },
    {
      "id": "w52871-3600542221061",
      "store": "woolworths",
      "name": "Garnier Fructis Aloe Vera Hair Food Mask",
      "brand": "Garnier",
      "price": 6,
      "orgPrice": 12,
      "categoryIds": ["health-beauty"],
      "imagePath": "https://cdn0.woolworths.media/content/wowproductimages/large/052871.jpg",
      "cupPrice": "$1.54 / 100ml",
      "unit": "each",
      "packageSize": "390ml",
      "barcode": ["3600542221061"],
      "isAvailable": true
    },
    {
      "id": "w802568-8901526541263",
      "store": "woolworths",
      "name": "Garnier Fructis Coconut No Frizz Conditioner",
      "brand": "Garnier",
      "price": 3.5,
      "orgPrice": 7,
      "categoryIds": ["health-beauty"],
      "imagePath": "https://cdn0.woolworths.media/content/wowproductimages/large/802568.jpg",
      "cupPrice": "$1.11 / 100ml",
      "unit": "each",
      "packageSize": "315ml",
      "barcode": ["8901526541263"],
      "isAvailable": true
    },
    {
      "id": "w802567-8901526540761",
      "store": "woolworths",
      "name": "Garnier Fructis Coconut No Frizz Shampoo",
      "brand": "Garnier",
      "price": 3.5,
      "orgPrice": 7,
      "categoryIds": ["health-beauty"],
      "imagePath": "https://cdn0.woolworths.media/content/wowproductimages/large/802567.jpg",
      "cupPrice": "$1.11 / 100ml",
      "unit": "each",
      "packageSize": "315ml",
      "barcode": ["8901526540761"],
      "isAvailable": true
    },
    {
      "id": "w802575-8901526538768",
      "store": "woolworths",
      "name": "Garnier Fructis Coconut Water Conditioner",
      "brand": "Garnier",
      "price": 7.5,
      "orgPrice": 15,
      "categoryIds": ["health-beauty"],
      "imagePath": "https://cdn0.woolworths.media/content/wowproductimages/large/802575.jpg",
      "cupPrice": "$0.88 / 100ml",
      "unit": "each",
      "packageSize": "850ml",
      "barcode": ["8901526538768"],
      "isAvailable": true
    },
    {
      "id": "w802560-8901526537068",
      "store": "woolworths",
      "name": "Garnier Fructis Coconut Water Conditioner",
      "brand": "Garnier",
      "price": 3.5,
      "orgPrice": 7,
      "categoryIds": ["health-beauty"],
      "imagePath": "https://cdn0.woolworths.media/content/wowproductimages/large/802560.jpg",
      "cupPrice": "$1.11 / 100ml",
      "unit": "each",
      "packageSize": "315ml",
      "barcode": ["8901526537068"],
      "isAvailable": true
    },
    {
      "id": "w802539-8901526536764",
      "store": "woolworths",
      "name": "Garnier Fructis Coconut Water Shampoo",
      "brand": "Garnier",
      "price": 3.5,
      "orgPrice": 7,
      "categoryIds": ["health-beauty"],
      "imagePath": "https://cdn0.woolworths.media/content/wowproductimages/large/802539.jpg",
      "cupPrice": "$1.11 / 100ml",
      "unit": "each",
      "packageSize": "315ml",
      "barcode": ["8901526536764"],
      "isAvailable": true
    },
    {
      "id": "w802576-8901526537365",
      "store": "woolworths",
      "name": "Garnier Fructis Coconut Water Shampoo",
      "brand": "Garnier",
      "price": 7.5,
      "orgPrice": 15,
      "categoryIds": ["health-beauty"],
      "imagePath": "https://cdn0.woolworths.media/content/wowproductimages/large/802576.jpg",
      "cupPrice": "$0.88 / 100ml",
      "unit": "each",
      "packageSize": "850ml",
      "barcode": ["8901526537365"],
      "isAvailable": true
    },
    {
      "id": "w802538-8901526537112",
      "store": "woolworths",
      "name": "Garnier Fructis Colour Last Conditioner",
      "brand": "Garnier",
      "price": 3.5,
      "orgPrice": 7,
      "categoryIds": ["health-beauty"],
      "imagePath": "https://cdn0.woolworths.media/content/wowproductimages/large/802538.jpg",
      "cupPrice": "$1.11 / 100ml",
      "unit": "each",
      "packageSize": "315ml",
      "barcode": ["8901526537112"],
      "isAvailable": true
    },
    {
      "id": "w804092-8901526537662",
      "store": "woolworths",
      "name": "Garnier Fructis Colour Last Conditioner",
      "brand": "Garnier",
      "price": 7.5,
      "orgPrice": 15,
      "categoryIds": ["health-beauty"],
      "imagePath": "https://cdn0.woolworths.media/content/wowproductimages/large/804092.jpg",
      "cupPrice": "$0.88 / 100ml",
      "unit": "each",
      "packageSize": "850ml",
      "barcode": ["8901526537662"],
      "isAvailable": true
    },
    {
      "id": "w802537-8901526536818",
      "store": "woolworths",
      "name": "Garnier Fructis Colour Last Shampoo",
      "brand": "Garnier",
      "price": 3.5,
      "orgPrice": 7,
      "categoryIds": ["health-beauty"],
      "imagePath": "https://cdn0.woolworths.media/content/wowproductimages/large/802537.jpg",
      "cupPrice": "$1.11 / 100ml",
      "unit": "each",
      "packageSize": "315ml",
      "barcode": ["8901526536818"],
      "isAvailable": true
    },
    {
      "id": "w804095-8901526537419",
      "store": "woolworths",
      "name": "Garnier Fructis Colour Last Shampoo",
      "brand": "Garnier",
      "price": 7.5,
      "orgPrice": 15,
      "categoryIds": ["health-beauty"],
      "imagePath": "https://cdn0.woolworths.media/content/wowproductimages/large/804095.jpg",
      "cupPrice": "$0.88 / 100ml",
      "unit": "each",
      "packageSize": "850ml",
      "barcode": ["8901526537419"],
      "isAvailable": true
    },
    {
      "id": "w804089-8901526537716",
      "store": "woolworths",
      "name": "Garnier Fructis Full & Luscious Conditioner",
      "brand": "Garnier",
      "price": 7.5,
      "orgPrice": 15,
      "categoryIds": ["health-beauty"],
      "imagePath": "https://cdn0.woolworths.media/content/wowproductimages/large/804089.jpg",
      "cupPrice": "$0.88 / 100ml",
      "unit": "each",
      "packageSize": "850ml",
      "barcode": ["8901526537716"],
      "isAvailable": true
    },
    {
      "id": "w802562-8901526537167",
      "store": "woolworths",
      "name": "Garnier Fructis Full & Luscious Conditioner",
      "brand": "Garnier",
      "price": 3.5,
      "orgPrice": 7,
      "categoryIds": ["health-beauty"],
      "imagePath": "https://cdn0.woolworths.media/content/wowproductimages/large/802562.jpg",
      "cupPrice": "$1.11 / 100ml",
      "unit": "each",
      "packageSize": "315ml",
      "barcode": ["8901526537167"],
      "isAvailable": true
    },
    {
      "id": "w802561-8901526536863",
      "store": "woolworths",
      "name": "Garnier Fructis Full & Luscious Shampoo",
      "brand": "Garnier",
      "price": 3.5,
      "orgPrice": 7,
      "categoryIds": ["health-beauty"],
      "imagePath": "https://cdn0.woolworths.media/content/wowproductimages/large/802561.jpg",
      "cupPrice": "$1.11 / 100ml",
      "unit": "each",
      "packageSize": "315ml",
      "barcode": ["8901526536863"],
      "isAvailable": true
    },
    {
      "id": "w804101-8901526537464",
      "store": "woolworths",
      "name": "Garnier Fructis Full & Luscious Shampoo",
      "brand": "Garnier",
      "price": 7.5,
      "orgPrice": 15,
      "categoryIds": ["health-beauty"],
      "imagePath": "https://cdn0.woolworths.media/content/wowproductimages/large/804101.jpg",
      "cupPrice": "$0.88 / 100ml",
      "unit": "each",
      "packageSize": "850ml",
      "barcode": ["8901526537464"],
      "isAvailable": true
    },
    {
      "id": "w227749-3600540359339",
      "store": "woolworths",
      "name": "Garnier Fructis Mousse Normal Weightless Curls & Hold",
      "brand": "Garnier",
      "price": 4,
      "orgPrice": 8,
      "categoryIds": ["health-beauty"],
      "imagePath": "https://cdn0.woolworths.media/content/wowproductimages/large/227749.jpg",
      "cupPrice": "$2.40 / 100ml",
      "unit": "each",
      "packageSize": "200ml",
      "barcode": ["3600540359339"],
      "isAvailable": true
    },
    {
      "id": "w802535-8901526537266",
      "store": "woolworths",
      "name": "Garnier Fructis Normal Strength & Shine Conditioner",
      "brand": "Garnier",
      "price": 3.5,
      "orgPrice": 7,
      "categoryIds": ["health-beauty"],
      "imagePath": "https://cdn0.woolworths.media/content/wowproductimages/large/802535.jpg",
      "cupPrice": "$1.11 / 100ml",
      "unit": "each",
      "packageSize": "315ml",
      "barcode": ["8901526537266"],
      "isAvailable": true
    },
    {
      "id": "w802570-8901526538812",
      "store": "woolworths",
      "name": "Garnier Fructis Normal Strength & Shine Conditioner",
      "brand": "Garnier",
      "price": 7.5,
      "orgPrice": 15,
      "categoryIds": ["health-beauty"],
      "imagePath": "https://cdn0.woolworths.media/content/wowproductimages/large/802570.jpg",
      "cupPrice": "$0.88 / 100ml",
      "unit": "each",
      "packageSize": "850ml",
      "barcode": ["8901526538812"],
      "isAvailable": true
    },
    {
      "id": "w802569-8901526537563",
      "store": "woolworths",
      "name": "Garnier Fructis Normal Strength & Shine Shampoo",
      "brand": "Garnier",
      "price": 7.5,
      "orgPrice": 15,
      "categoryIds": ["health-beauty"],
      "imagePath": "https://cdn0.woolworths.media/content/wowproductimages/large/802569.jpg",
      "cupPrice": "$0.88 / 100ml",
      "unit": "each",
      "packageSize": "850ml",
      "barcode": ["8901526537563"],
      "isAvailable": true
    },
    {
      "id": "w802536-8901526536962",
      "store": "woolworths",
      "name": "Garnier Fructis Normal Strength & Shine Shampoo",
      "brand": "Garnier",
      "price": 3.5,
      "orgPrice": 7,
      "categoryIds": ["health-beauty"],
      "imagePath": "https://cdn0.woolworths.media/content/wowproductimages/large/802536.jpg",
      "cupPrice": "$1.11 / 100ml",
      "unit": "each",
      "packageSize": "315ml",
      "barcode": ["8901526536962"],
      "isAvailable": true
    },
    {
      "id": "w682765-3600542143585",
      "store": "woolworths",
      "name": "Garnier Fructis Nourishing Banana Hair Food",
      "brand": "Garnier",
      "price": 6,
      "orgPrice": 12,
      "categoryIds": ["health-beauty"],
      "imagePath": "https://cdn0.woolworths.media/content/wowproductimages/large/682765.jpg",
      "cupPrice": "$1.54 / 100ml",
      "unit": "each",
      "packageSize": "390ml",
      "barcode": ["3600542143585"],
      "isAvailable": true
    },
    {
      "id": "w802564-8901526537310",
      "store": "woolworths",
      "name": "Garnier Fructis Nutri-repair 3 Conditioner",
      "brand": "Garnier",
      "price": 3.5,
      "orgPrice": 7,
      "categoryIds": ["health-beauty"],
      "imagePath": "https://cdn0.woolworths.media/content/wowproductimages/large/802564.jpg",
      "cupPrice": "$1.11 / 100ml",
      "unit": "each",
      "packageSize": "315ml",
      "barcode": ["8901526537310"],
      "isAvailable": true
    },
    {
      "id": "w802572-8901526537815",
      "store": "woolworths",
      "name": "Garnier Fructis Nutri-repair 3 Conditioner",
      "brand": "Garnier",
      "price": 7.5,
      "orgPrice": 15,
      "categoryIds": ["health-beauty"],
      "imagePath": "https://cdn0.woolworths.media/content/wowproductimages/large/802572.jpg",
      "cupPrice": "$0.88 / 100ml",
      "unit": "each",
      "packageSize": "850ml",
      "barcode": ["8901526537815"],
      "isAvailable": true
    },
    {
      "id": "w802563-8901526537013",
      "store": "woolworths",
      "name": "Garnier Fructis Nutri-repair 3 Shampoo",
      "brand": "Garnier",
      "price": 3.5,
      "orgPrice": 7,
      "categoryIds": ["health-beauty"],
      "imagePath": "https://cdn0.woolworths.media/content/wowproductimages/large/802563.jpg",
      "cupPrice": "$1.11 / 100ml",
      "unit": "each",
      "packageSize": "315ml",
      "barcode": ["8901526537013"],
      "isAvailable": true
    },
    {
      "id": "w802571-8901526537617",
      "store": "woolworths",
      "name": "Garnier Fructis Nutri-repair 3 Shampoo",
      "brand": "Garnier",
      "price": 7.5,
      "orgPrice": 15,
      "categoryIds": ["health-beauty"],
      "imagePath": "https://cdn0.woolworths.media/content/wowproductimages/large/802571.jpg",
      "cupPrice": "$0.88 / 100ml",
      "unit": "each",
      "packageSize": "850ml",
      "barcode": ["8901526537617"],
      "isAvailable": true
    },
    {
      "id": "w744980-3600541214804",
      "store": "woolworths",
      "name": "Garnier Fructis Oil Treatment Miraculous",
      "brand": "Garnier",
      "price": 5.95,
      "orgPrice": 11.95,
      "categoryIds": ["health-beauty"],
      "imagePath": "https://cdn0.woolworths.media/content/wowproductimages/large/744980.jpg",
      "cupPrice": "$3.97 / 100ml",
      "unit": "each",
      "packageSize": "150ml",
      "barcode": ["3600541214804"],
      "isAvailable": true
    },
    {
      "id": "w682771-3600542143592",
      "store": "woolworths",
      "name": "Garnier Fructis Smoothing Macadamia Hair Food",
      "brand": "Garnier",
      "price": 6,
      "orgPrice": 12,
      "categoryIds": ["health-beauty"],
      "imagePath": "https://cdn0.woolworths.media/content/wowproductimages/large/682771.jpg",
      "cupPrice": "$1.54 / 100ml",
      "unit": "each",
      "packageSize": "390ml",
      "barcode": ["3600542143592"],
      "isAvailable": true
    },
    {
      "id": "w107477-9312825678236",
      "store": "woolworths",
      "name": "Garnier Nutrisse 1 Liquorice Black ",
      "brand": "Garnier",
      "price": 7.45,
      "orgPrice": 14.95,
      "categoryIds": ["health-beauty"],
      "imagePath": "https://cdn0.woolworths.media/content/wowproductimages/large/107477.jpg",
      "cupPrice": null,
      "unit": "each",
      "packageSize": "each",
      "barcode": ["9312825678236"],
      "isAvailable": true
    },
    {
      "id": "w260476-3600540089465",
      "store": "woolworths",
      "name": "Garnier Nutrisse 3.0 Espresso Darkest Brown",
      "brand": "Garnier",
      "price": 7.45,
      "orgPrice": 14.95,
      "categoryIds": ["health-beauty"],
      "imagePath": "https://cdn0.woolworths.media/content/wowproductimages/large/260476.jpg",
      "cupPrice": null,
      "unit": "each",
      "packageSize": "each",
      "barcode": ["3600540089465"],
      "isAvailable": true
    },
    {
      "id": "w107473-9312825678175",
      "store": "woolworths",
      "name": "Garnier Nutrisse 3.6 Crimson Promise Deep Reddish Darkest Brown",
      "brand": "Garnier",
      "price": 7.45,
      "orgPrice": 14.95,
      "categoryIds": ["health-beauty"],
      "imagePath": "https://cdn0.woolworths.media/content/wowproductimages/large/107473.jpg",
      "cupPrice": null,
      "unit": "each",
      "packageSize": "each",
      "barcode": ["9312825678175"],
      "isAvailable": true
    },
    {
      "id": "w107466-9312825678052",
      "store": "woolworths",
      "name": "Garnier Nutrisse 4.0 Tamarind Dark Brown",
      "brand": "Garnier",
      "price": 7.45,
      "orgPrice": 14.95,
      "categoryIds": ["health-beauty"],
      "imagePath": "https://cdn0.woolworths.media/content/wowproductimages/large/107466.jpg",
      "cupPrice": null,
      "unit": "each",
      "packageSize": "each",
      "barcode": ["9312825678052"],
      "isAvailable": true
    },
    {
      "id": "w107470-9312825678083",
      "store": "woolworths",
      "name": "Garnier Nutrisse 4.3 Cappuccino",
      "brand": "Garnier",
      "price": 7.45,
      "orgPrice": 14.95,
      "categoryIds": ["health-beauty"],
      "imagePath": "https://cdn0.woolworths.media/content/wowproductimages/large/107470.jpg",
      "cupPrice": null,
      "unit": "each",
      "packageSize": "1pk",
      "barcode": ["9312825678083"],
      "isAvailable": true
    },
    {
      "id": "w226712-3600540254290",
      "store": "woolworths",
      "name": "Garnier Nutrisse 5.0 Chocolate Brown",
      "brand": "Garnier",
      "price": 7.45,
      "orgPrice": 14.95,
      "categoryIds": ["health-beauty"],
      "imagePath": "https://cdn0.woolworths.media/content/wowproductimages/large/226712.jpg",
      "cupPrice": null,
      "unit": "each",
      "packageSize": "each",
      "barcode": ["3600540254290"],
      "isAvailable": true
    },
    {
      "id": "w626195-3600541900356",
      "store": "woolworths",
      "name": "Garnier Nutrisse 5.1 Nude Med Brown ",
      "brand": "Garnier",
      "price": 7.45,
      "orgPrice": 14.95,
      "categoryIds": ["health-beauty"],
      "imagePath": "https://cdn0.woolworths.media/content/wowproductimages/large/626195.jpg",
      "cupPrice": null,
      "unit": "each",
      "packageSize": "each",
      "barcode": ["3600541900356"],
      "isAvailable": true
    },
    {
      "id": "w107454-9312825677871",
      "store": "woolworths",
      "name": "Garnier Nutrisse 6.0 Acorn Light Brown",
      "brand": "Garnier",
      "price": 7.45,
      "orgPrice": 14.95,
      "categoryIds": ["health-beauty"],
      "imagePath": "https://cdn0.woolworths.media/content/wowproductimages/large/107454.jpg",
      "cupPrice": null,
      "unit": "each",
      "packageSize": "each",
      "barcode": ["9312825677871"],
      "isAvailable": true
    },
    {
      "id": "w626241-3600541901667",
      "store": "woolworths",
      "name": "Garnier Nutrisse 6.1 Nude Light Brown ",
      "brand": "Garnier",
      "price": 7.45,
      "orgPrice": 14.95,
      "categoryIds": ["health-beauty"],
      "imagePath": "https://cdn0.woolworths.media/content/wowproductimages/large/626241.jpg",
      "cupPrice": null,
      "unit": "each",
      "packageSize": "each",
      "barcode": ["3600541901667"],
      "isAvailable": true
    },
    {
      "id": "w107449-9312825677789",
      "store": "woolworths",
      "name": "Garnier Nutrisse 7.0 Almond Creme Dark Blonde",
      "brand": "Garnier",
      "price": 7.45,
      "orgPrice": 14.95,
      "categoryIds": ["health-beauty"],
      "imagePath": "https://cdn0.woolworths.media/content/wowproductimages/large/107449.jpg",
      "cupPrice": null,
      "unit": "each",
      "packageSize": "each",
      "barcode": ["9312825677789"],
      "isAvailable": true
    },
    {
      "id": "w626140-3600541900158",
      "store": "woolworths",
      "name": "Garnier Nutrisse 7.1 Nude Dark Blonde ",
      "brand": "Garnier",
      "price": 7.45,
      "orgPrice": 14.95,
      "categoryIds": ["health-beauty"],
      "imagePath": "https://cdn0.woolworths.media/content/wowproductimages/large/626140.jpg",
      "cupPrice": null,
      "unit": "each",
      "packageSize": "each",
      "barcode": ["3600541900158"],
      "isAvailable": true
    },
    {
      "id": "w107440-9312825677666",
      "store": "woolworths",
      "name": "Garnier Nutrisse Cr?me Camomile 10 Ultra Light Natural Blonde",
      "brand": "Garnier",
      "price": 7.45,
      "orgPrice": 14.95,
      "categoryIds": ["health-beauty"],
      "imagePath": "https://cdn0.woolworths.media/content/wowproductimages/large/107440.jpg",
      "cupPrice": null,
      "unit": "each",
      "packageSize": "each",
      "barcode": ["9312825677666"],
      "isAvailable": true
    },
    {
      "id": "w840354-3600541606944",
      "store": "woolworths",
      "name": "Garnier Nutrisse Creme 4.15 Mahogany Ash Brown",
      "brand": "Garnier",
      "price": 7.45,
      "orgPrice": 14.95,
      "categoryIds": ["health-beauty"],
      "imagePath": "https://cdn0.woolworths.media/content/wowproductimages/large/840354.jpg",
      "cupPrice": null,
      "unit": "each",
      "packageSize": "each",
      "barcode": ["3600541606944"],
      "isAvailable": true
    },
    {
      "id": "w840631-3600541615564",
      "store": "woolworths",
      "name": "Garnier Nutrisse Hair Colour 6.3 Praline",
      "brand": "Garnier",
      "price": 7.45,
      "orgPrice": 14.95,
      "categoryIds": ["health-beauty"],
      "imagePath": "https://cdn0.woolworths.media/content/wowproductimages/large/840631.jpg",
      "cupPrice": null,
      "unit": "each",
      "packageSize": "each",
      "barcode": ["3600541615564"],
      "isAvailable": true
    },
    {
      "id": "w840404-3600541606920",
      "store": "woolworths",
      "name": "Garnier Nutrisse Pearly Blondes 9.13 Light Beige Blonde",
      "brand": "Garnier",
      "price": 7.45,
      "orgPrice": 14.95,
      "categoryIds": ["health-beauty"],
      "imagePath": "https://cdn0.woolworths.media/content/wowproductimages/large/840404.jpg",
      "cupPrice": null,
      "unit": "each",
      "packageSize": "each",
      "barcode": ["3600541606920"],
      "isAvailable": true
    },
    {
      "id": "w721294-3600541043442",
      "store": "woolworths",
      "name": "Garnier Nutrisse Ultra Hair Colour Permanent 6.60 Fiery Red",
      "brand": "Garnier",
      "price": 7.45,
      "orgPrice": 14.95,
      "categoryIds": ["health-beauty"],
      "imagePath": "https://cdn0.woolworths.media/content/wowproductimages/large/721294.jpg",
      "cupPrice": "$8.90 / 100ml",
      "unit": "each",
      "packageSize": "each",
      "barcode": ["3600541043442"],
      "isAvailable": true
    },
    {
      "id": "w754041-3600541248120",
      "store": "woolworths",
      "name": "Garnier Olia 3.16 Deep Violet",
      "brand": "Garnier",
      "price": 8.5,
      "orgPrice": 17,
      "categoryIds": ["health-beauty"],
      "imagePath": "https://cdn0.woolworths.media/content/wowproductimages/large/754041.jpg",
      "cupPrice": null,
      "unit": "each",
      "packageSize": "1pk",
      "barcode": ["3600541248120"],
      "isAvailable": true
    },
    {
      "id": "w754033-3600541248779",
      "store": "woolworths",
      "name": "Garnier Olia 8.0 Blonde",
      "brand": "Garnier",
      "price": 8.5,
      "orgPrice": 17,
      "categoryIds": ["health-beauty"],
      "imagePath": "https://cdn0.woolworths.media/content/wowproductimages/large/754033.jpg",
      "cupPrice": null,
      "unit": "each",
      "packageSize": "1pk",
      "barcode": ["3600541248779"],
      "isAvailable": true
    },
    {
      "id": "w753975-3600541248175",
      "store": "woolworths",
      "name": "Garnier Olia 4.0 Dark Brown ",
      "brand": "Garnier",
      "price": 8.5,
      "orgPrice": 17,
      "categoryIds": ["health-beauty"],
      "imagePath": "https://cdn0.woolworths.media/content/wowproductimages/large/753975.jpg",
      "cupPrice": null,
      "unit": "each",
      "packageSize": "each",
      "barcode": ["3600541248175"],
      "isAvailable": true
    },
    {
      "id": "w753968-3600541248328",
      "store": "woolworths",
      "name": "Garnier Olia 5.0 Brown ",
      "brand": "Garnier",
      "price": 8.5,
      "orgPrice": 17,
      "categoryIds": ["health-beauty"],
      "imagePath": "https://cdn0.woolworths.media/content/wowproductimages/large/753968.jpg",
      "cupPrice": null,
      "unit": "each",
      "packageSize": "each",
      "barcode": ["3600541248328"],
      "isAvailable": true
    },
    {
      "id": "w754006-3600541248427",
      "store": "woolworths",
      "name": "Garnier Olia 5.3 Golden Brown ",
      "brand": "Garnier",
      "price": 8.5,
      "orgPrice": 17,
      "categoryIds": ["health-beauty"],
      "imagePath": "https://cdn0.woolworths.media/content/wowproductimages/large/754006.jpg",
      "cupPrice": null,
      "unit": "each",
      "packageSize": "each",
      "barcode": ["3600541248427"],
      "isAvailable": true
    },
    {
      "id": "w753970-3600541248526",
      "store": "woolworths",
      "name": "Garnier Olia 6.0 Light Brown ",
      "brand": "Garnier",
      "price": 8.5,
      "orgPrice": 17,
      "categoryIds": ["health-beauty"],
      "imagePath": "https://cdn0.woolworths.media/content/wowproductimages/large/753970.jpg",
      "cupPrice": null,
      "unit": "each",
      "packageSize": "each",
      "barcode": ["3600541248526"],
      "isAvailable": true
    },
    {
      "id": "w754029-3600541248670",
      "store": "woolworths",
      "name": "Garnier Olia 7.0 Dark Blonde ",
      "brand": "Garnier",
      "price": 8.5,
      "orgPrice": 17,
      "categoryIds": ["health-beauty"],
      "imagePath": "https://cdn0.woolworths.media/content/wowproductimages/large/754029.jpg",
      "cupPrice": null,
      "unit": "each",
      "packageSize": "each",
      "barcode": ["3600541248670"],
      "isAvailable": true
    },
    {
      "id": "w683526-3600542122863",
      "store": "woolworths",
      "name": "Garnier Olia Bold 4.26 Rose Violet ",
      "brand": "Garnier",
      "price": 8.5,
      "orgPrice": 17,
      "categoryIds": ["health-beauty"],
      "imagePath": "https://cdn0.woolworths.media/content/wowproductimages/large/683526.jpg",
      "cupPrice": null,
      "unit": "each",
      "packageSize": "each",
      "barcode": ["3600542122863"],
      "isAvailable": true
    },
    {
      "id": "w683527-3600542123211",
      "store": "woolworths",
      "name": "Garnier Olia Bold 7.22 Deep Rose ",
      "brand": "Garnier",
      "price": 8.5,
      "orgPrice": 17,
      "categoryIds": ["health-beauty"],
      "imagePath": "https://cdn0.woolworths.media/content/wowproductimages/large/683527.jpg",
      "cupPrice": null,
      "unit": "each",
      "packageSize": "each",
      "barcode": ["3600542123211"],
      "isAvailable": true
    },
    {
      "id": "w683528-3600542123600",
      "store": "woolworths",
      "name": "Garnier Olia Bold 9.2 Rose Gold ",
      "brand": "Garnier",
      "price": 8.5,
      "orgPrice": 17,
      "categoryIds": ["health-beauty"],
      "imagePath": "https://cdn0.woolworths.media/content/wowproductimages/large/683528.jpg",
      "cupPrice": null,
      "unit": "each",
      "packageSize": "each",
      "barcode": ["3600542123600"],
      "isAvailable": true
    },
    {
      "id": "w754004-3600541247970",
      "store": "woolworths",
      "name": "Garnier Olia Permanent Hair Colour - 1.0 Deep Black",
      "brand": "Garnier",
      "price": 8.5,
      "orgPrice": 17,
      "categoryIds": ["health-beauty"],
      "imagePath": "https://cdn0.woolworths.media/content/wowproductimages/large/754004.jpg",
      "cupPrice": null,
      "unit": "each",
      "packageSize": "1pk",
      "barcode": ["3600541247970"],
      "isAvailable": true
    },
    {
      "id": "w841103-3600541524323",
      "store": "woolworths",
      "name": "Garnier Olia Permanent Hair Colour - 6.66 Very Intense Red",
      "brand": "Garnier",
      "price": 8.5,
      "orgPrice": 17,
      "categoryIds": ["health-beauty"],
      "imagePath": "https://cdn0.woolworths.media/content/wowproductimages/large/841103.jpg",
      "cupPrice": null,
      "unit": "each",
      "packageSize": "each",
      "barcode": ["3600541524323"],
      "isAvailable": true
    },
    {
      "id": "w756708-3600541248229",
      "store": "woolworths",
      "name": "Garnier Olia Permanent Hiar Colour 4.15 Iced Chocolate",
      "brand": "Garnier",
      "price": 8.5,
      "orgPrice": 17,
      "categoryIds": ["health-beauty"],
      "imagePath": "https://cdn0.woolworths.media/content/wowproductimages/large/756708.jpg",
      "cupPrice": null,
      "unit": "each",
      "packageSize": "each",
      "barcode": ["3600541248229"],
      "isAvailable": true
    },
    {
      "id": "w682780-3600542143608",
      "store": "woolworths",
      "name": "Garnier Fructis Repairing Papaya Hair Food",
      "brand": "Garnier Fructis",
      "price": 6,
      "orgPrice": 12,
      "categoryIds": ["health-beauty"],
      "imagePath": "https://cdn0.woolworths.media/content/wowproductimages/large/682780.jpg",
      "cupPrice": "$1.54 / 100ml",
      "unit": "each",
      "packageSize": "390ml",
      "barcode": ["3600542143608"],
      "isAvailable": true
    },
    {
      "id": "w55600-9330344009911",
      "store": "woolworths",
      "name": "Hawaiian Tropic Duo Defence Spf50+ Sunscreen",
      "brand": "Hawaiian Tropic",
      "price": 8.75,
      "orgPrice": 17.5,
      "categoryIds": ["health-beauty"],
      "imagePath": "https://cdn0.woolworths.media/content/wowproductimages/large/055600.jpg",
      "cupPrice": "$4.86 / 100ml",
      "unit": "each",
      "packageSize": "180ml",
      "barcode": ["9330344009911"],
      "isAvailable": true
    },
    {
      "id": "w749027-9346720002988",
      "store": "woolworths",
      "name": "Hello Kitty Diamond Bow Pin Set ",
      "brand": "Hello Kitty",
      "price": 2,
      "orgPrice": 8,
      "categoryIds": ["health-beauty"],
      "imagePath": "https://cdn0.woolworths.media/content/wowproductimages/large/749027.jpg",
      "cupPrice": null,
      "unit": "each",
      "packageSize": "each",
      "barcode": ["9346720002988"],
      "isAvailable": true
    },
    {
      "id": "w691484-5037200067057",
      "store": "woolworths",
      "name": "Jiinju Avocado Sheet Mask",
      "brand": "Jiinju",
      "price": 2.5,
      "orgPrice": 5,
      "categoryIds": ["health-beauty"],
      "imagePath": "https://cdn0.woolworths.media/content/wowproductimages/large/691484.jpg",
      "cupPrice": "$2.50 / 1ea",
      "unit": "each",
      "packageSize": "each",
      "barcode": ["5037200067057"],
      "isAvailable": true
    },
    {
      "id": "w691659-5037200067071",
      "store": "woolworths",
      "name": "Jiinju Bamboo Charcoal Sheet Mask",
      "brand": "Jiinju",
      "price": 2.5,
      "orgPrice": 5,
      "categoryIds": ["health-beauty"],
      "imagePath": "https://cdn0.woolworths.media/content/wowproductimages/large/691659.jpg",
      "cupPrice": "$2.50 / 1ea",
      "unit": "each",
      "packageSize": "each",
      "barcode": ["5037200067071"],
      "isAvailable": true
    },
    {
      "id": "w691746-5037200067095",
      "store": "woolworths",
      "name": "Jiinju Bubble Sheet Mask",
      "brand": "Jiinju",
      "price": 2.5,
      "orgPrice": 5,
      "categoryIds": ["health-beauty"],
      "imagePath": "https://cdn0.woolworths.media/content/wowproductimages/large/691746.jpg",
      "cupPrice": "$2.50 / 1ea",
      "unit": "each",
      "packageSize": "each",
      "barcode": ["5037200067095"],
      "isAvailable": true
    },
    {
      "id": "w691765-5037200067125",
      "store": "woolworths",
      "name": "Jiinju Ginseng & Eucalyptus Under Eye Mask",
      "brand": "Jiinju",
      "price": 2,
      "orgPrice": 4,
      "categoryIds": ["health-beauty"],
      "imagePath": "https://cdn0.woolworths.media/content/wowproductimages/large/691765.jpg",
      "cupPrice": "$2.00 / 1ea",
      "unit": "each",
      "packageSize": "each",
      "barcode": ["5037200067125"],
      "isAvailable": true
    },
    {
      "id": "w379506-5011408027976",
      "store": "woolworths",
      "name": "L'oreal Elnett Satin Normal Strength Hairspray",
      "brand": "L'oreal",
      "price": 5.5,
      "orgPrice": 11,
      "categoryIds": ["health-beauty"],
      "imagePath": "https://cdn0.woolworths.media/content/wowproductimages/large/379506.jpg",
      "cupPrice": "$1.38 / 100ml",
      "unit": "each",
      "packageSize": "400ml",
      "barcode": ["5011408027976"],
      "isAvailable": true
    },
    {
      "id": "w52867-3600523817078",
      "store": "woolworths",
      "name": "L'oreal Elvive Dream Lengths Cream",
      "brand": "L'oreal",
      "price": 6,
      "orgPrice": 12,
      "categoryIds": ["health-beauty"],
      "imagePath": "https://cdn0.woolworths.media/content/wowproductimages/large/052867.jpg",
      "cupPrice": "$3.00 / 100ml",
      "unit": "each",
      "packageSize": "200ml",
      "barcode": ["3600523817078"],
      "isAvailable": true
    },
    {
      "id": "w56864-3600523749942",
      "store": "woolworths",
      "name": "L'oreal Excellence Creme Hair Colour 1 Black",
      "brand": "L'oreal",
      "price": 10,
      "orgPrice": 20,
      "categoryIds": ["health-beauty"],
      "imagePath": "https://cdn0.woolworths.media/content/wowproductimages/large/056864.jpg",
      "cupPrice": null,
      "unit": "each",
      "packageSize": "each",
      "barcode": ["3600523749942"],
      "isAvailable": true
    },
    {
      "id": "w61204-3600523749973",
      "store": "woolworths",
      "name": "L'oreal Excellence Creme Hair Colour 10 Very Light Blonde",
      "brand": "L'oreal",
      "price": 10,
      "orgPrice": 20,
      "categoryIds": ["health-beauty"],
      "imagePath": "https://cdn0.woolworths.media/content/wowproductimages/large/061204.jpg",
      "cupPrice": null,
      "unit": "each",
      "packageSize": "each",
      "barcode": ["3600523749973"],
      "isAvailable": true
    },
    {
      "id": "w61187-3600523750214",
      "store": "woolworths",
      "name": "L'oreal Excellence Creme Hair Colour 2 Black Brown",
      "brand": "L'oreal",
      "price": 10,
      "orgPrice": 20,
      "categoryIds": ["health-beauty"],
      "imagePath": "https://cdn0.woolworths.media/content/wowproductimages/large/061187.jpg",
      "cupPrice": null,
      "unit": "each",
      "packageSize": "each",
      "barcode": ["3600523750214"],
      "isAvailable": true
    },
    {
      "id": "w56865-3600523749966",
      "store": "woolworths",
      "name": "L'oreal Excellence Creme Hair Colour 3 Darkest Brown",
      "brand": "L'oreal",
      "price": 10,
      "orgPrice": 20,
      "categoryIds": ["health-beauty"],
      "imagePath": "https://cdn0.woolworths.media/content/wowproductimages/large/056865.jpg",
      "cupPrice": null,
      "unit": "each",
      "packageSize": "each",
      "barcode": ["3600523749966"],
      "isAvailable": true
    },
    {
      "id": "w56867-3600523749980",
      "store": "woolworths",
      "name": "L'oreal Excellence Creme Hair Colour 4 Dark Brown",
      "brand": "L'oreal",
      "price": 10,
      "orgPrice": 20,
      "categoryIds": ["health-beauty"],
      "imagePath": "https://cdn0.woolworths.media/content/wowproductimages/large/056867.jpg",
      "cupPrice": null,
      "unit": "each",
      "packageSize": "each",
      "barcode": ["3600523749980"],
      "isAvailable": true
    },
    {
      "id": "w61209-3600523750009",
      "store": "woolworths",
      "name": "L'oreal Excellence Creme Hair Colour 4.15 Dark Frosted Brown",
      "brand": "L'oreal",
      "price": 10,
      "orgPrice": 20,
      "categoryIds": ["health-beauty"],
      "imagePath": "https://cdn0.woolworths.media/content/wowproductimages/large/061209.jpg",
      "cupPrice": null,
      "unit": "each",
      "packageSize": "each",
      "barcode": ["3600523750009"],
      "isAvailable": true
    },
    {
      "id": "w61188-3600523749997",
      "store": "woolworths",
      "name": "L'oreal Excellence Creme Hair Colour 4.3 Dark Golden Brown",
      "brand": "L'oreal",
      "price": 10,
      "orgPrice": 20,
      "categoryIds": ["health-beauty"],
      "imagePath": "https://cdn0.woolworths.media/content/wowproductimages/large/061188.jpg",
      "cupPrice": null,
      "unit": "each",
      "packageSize": "each",
      "barcode": ["3600523749997"],
      "isAvailable": true
    },
    {
      "id": "w56868-3600523750016",
      "store": "woolworths",
      "name": "L'oreal Excellence Creme Hair Colour 5 Brown",
      "brand": "L'oreal",
      "price": 10,
      "orgPrice": 20,
      "categoryIds": ["health-beauty"],
      "imagePath": "https://cdn0.woolworths.media/content/wowproductimages/large/056868.jpg",
      "cupPrice": null,
      "unit": "each",
      "packageSize": "each",
      "barcode": ["3600523750016"],
      "isAvailable": true
    },
    {
      "id": "w61189-3600523750023",
      "store": "woolworths",
      "name": "L'oreal Excellence Creme Hair Colour 5.15 Natural Frosted Brown",
      "brand": "L'oreal",
      "price": 10,
      "orgPrice": 20,
      "categoryIds": ["health-beauty"],
      "imagePath": "https://cdn0.woolworths.media/content/wowproductimages/large/061189.jpg",
      "cupPrice": null,
      "unit": "each",
      "packageSize": "each",
      "barcode": ["3600523750023"],
      "isAvailable": true
    },
    {
      "id": "w56869-3600523750030",
      "store": "woolworths",
      "name": "L'oreal Excellence Creme Hair Colour 5.3 Golden Brown",
      "brand": "L'oreal",
      "price": 10,
      "orgPrice": 20,
      "categoryIds": ["health-beauty"],
      "imagePath": "https://cdn0.woolworths.media/content/wowproductimages/large/056869.jpg",
      "cupPrice": null,
      "unit": "each",
      "packageSize": "each",
      "barcode": ["3600523750030"],
      "isAvailable": true
    },
    {
      "id": "w56870-3600523750047",
      "store": "woolworths",
      "name": "L'oreal Excellence Creme Hair Colour 5.5 Mahogany Brown",
      "brand": "L'oreal",
      "price": 10,
      "orgPrice": 20,
      "categoryIds": ["health-beauty"],
      "imagePath": "https://cdn0.woolworths.media/content/wowproductimages/large/056870.jpg",
      "cupPrice": null,
      "unit": "each",
      "packageSize": "each",
      "barcode": ["3600523750047"],
      "isAvailable": true
    },
    {
      "id": "w61190-3600523750054",
      "store": "woolworths",
      "name": "L'oreal Excellence Creme Hair Colour 5.6 Rich Auburn",
      "brand": "L'oreal",
      "price": 10,
      "orgPrice": 20,
      "categoryIds": ["health-beauty"],
      "imagePath": "https://cdn0.woolworths.media/content/wowproductimages/large/061190.jpg",
      "cupPrice": null,
      "unit": "each",
      "packageSize": "each",
      "barcode": ["3600523750054"],
      "isAvailable": true
    },
    {
      "id": "w56871-3600523750061",
      "store": "woolworths",
      "name": "L'oreal Excellence Creme Hair Colour 6 Light Brown",
      "brand": "L'oreal",
      "price": 10,
      "orgPrice": 20,
      "categoryIds": ["health-beauty"],
      "imagePath": "https://cdn0.woolworths.media/content/wowproductimages/large/056871.jpg",
      "cupPrice": null,
      "unit": "each",
      "packageSize": "each",
      "barcode": ["3600523750061"],
      "isAvailable": true
    },
    {
      "id": "w57092-3600523750078",
      "store": "woolworths",
      "name": "L'oreal Excellence Creme Hair Colour 6.1 Light Ash Brown",
      "brand": "L'oreal",
      "price": 10,
      "orgPrice": 20,
      "categoryIds": ["health-beauty"],
      "imagePath": "https://cdn0.woolworths.media/content/wowproductimages/large/057092.jpg",
      "cupPrice": null,
      "unit": "each",
      "packageSize": "each",
      "barcode": ["3600523750078"],
      "isAvailable": true
    },
    {
      "id": "w61160-3600523750085",
      "store": "woolworths",
      "name": "L'oreal Excellence Creme Hair Colour 6.3 Light Golden Brown",
      "brand": "L'oreal",
      "price": 10,
      "orgPrice": 20,
      "categoryIds": ["health-beauty"],
      "imagePath": "https://cdn0.woolworths.media/content/wowproductimages/large/061160.jpg",
      "cupPrice": null,
      "unit": "each",
      "packageSize": "each",
      "barcode": ["3600523750085"],
      "isAvailable": true
    },
    {
      "id": "w61165-3600523750092",
      "store": "woolworths",
      "name": "L'oreal Excellence Creme Hair Colour 6.54 Light Mahogany Brown",
      "brand": "L'oreal",
      "price": 10,
      "orgPrice": 20,
      "categoryIds": ["health-beauty"],
      "imagePath": "https://cdn0.woolworths.media/content/wowproductimages/large/061165.jpg",
      "cupPrice": null,
      "unit": "each",
      "packageSize": "each",
      "barcode": ["3600523750092"],
      "isAvailable": true
    },
    {
      "id": "w61166-3600523750115",
      "store": "woolworths",
      "name": "L'oreal Excellence Creme Hair Colour 7 Dark Blonde",
      "brand": "L'oreal",
      "price": 10,
      "orgPrice": 20,
      "categoryIds": ["health-beauty"],
      "imagePath": "https://cdn0.woolworths.media/content/wowproductimages/large/061166.jpg",
      "cupPrice": null,
      "unit": "each",
      "packageSize": "each",
      "barcode": ["3600523750115"],
      "isAvailable": true
    },
    {
      "id": "w57093-3600523750122",
      "store": "woolworths",
      "name": "L'oreal Excellence Creme Hair Colour 7.1 Dark Ash Blonde",
      "brand": "L'oreal",
      "price": 10,
      "orgPrice": 20,
      "categoryIds": ["health-beauty"],
      "imagePath": "https://cdn0.woolworths.media/content/wowproductimages/large/057093.jpg",
      "cupPrice": null,
      "unit": "each",
      "packageSize": "each",
      "barcode": ["3600523750122"],
      "isAvailable": true
    },
    {
      "id": "w61167-3600523750139",
      "store": "woolworths",
      "name": "L'oreal Excellence Creme Hair Colour 7.3 Dark Golden Blonde",
      "brand": "L'oreal",
      "price": 10,
      "orgPrice": 20,
      "categoryIds": ["health-beauty"],
      "imagePath": "https://cdn0.woolworths.media/content/wowproductimages/large/061167.jpg",
      "cupPrice": null,
      "unit": "each",
      "packageSize": "each",
      "barcode": ["3600523750139"],
      "isAvailable": true
    },
    {
      "id": "w61168-3600523750146",
      "store": "woolworths",
      "name": "L'oreal Excellence Creme Hair Colour 8 Blonde",
      "brand": "L'oreal",
      "price": 10,
      "orgPrice": 20,
      "categoryIds": ["health-beauty"],
      "imagePath": "https://cdn0.woolworths.media/content/wowproductimages/large/061168.jpg",
      "cupPrice": null,
      "unit": "each",
      "packageSize": "each",
      "barcode": ["3600523750146"],
      "isAvailable": true
    },
    {
      "id": "w61185-3600523750153",
      "store": "woolworths",
      "name": "L'oreal Excellence Creme Hair Colour 8.1 Ash Blonde",
      "brand": "L'oreal",
      "price": 10,
      "orgPrice": 20,
      "categoryIds": ["health-beauty"],
      "imagePath": "https://cdn0.woolworths.media/content/wowproductimages/large/061185.jpg",
      "cupPrice": null,
      "unit": "each",
      "packageSize": "each",
      "barcode": ["3600523750153"],
      "isAvailable": true
    },
    {
      "id": "w61170-3600523750160",
      "store": "woolworths",
      "name": "L'oreal Excellence Creme Hair Colour 8.3 Golden Blonde",
      "brand": "L'oreal",
      "price": 10,
      "orgPrice": 20,
      "categoryIds": ["health-beauty"],
      "imagePath": "https://cdn0.woolworths.media/content/wowproductimages/large/061170.jpg",
      "cupPrice": null,
      "unit": "each",
      "packageSize": "each",
      "barcode": ["3600523750160"],
      "isAvailable": true
    },
    {
      "id": "w57094-3600523750177",
      "store": "woolworths",
      "name": "L'oreal Excellence Creme Hair Colour 9 Light Blonde",
      "brand": "L'oreal",
      "price": 10,
      "orgPrice": 20,
      "categoryIds": ["health-beauty"],
      "imagePath": "https://cdn0.woolworths.media/content/wowproductimages/large/057094.jpg",
      "cupPrice": null,
      "unit": "each",
      "packageSize": "each",
      "barcode": ["3600523750177"],
      "isAvailable": true
    },
    {
      "id": "w61186-3600523750184",
      "store": "woolworths",
      "name": "L'oreal Excellence Creme Hair Colour 9.1 Light Ash Brown",
      "brand": "L'oreal",
      "price": 10,
      "orgPrice": 20,
      "categoryIds": ["health-beauty"],
      "imagePath": "https://cdn0.woolworths.media/content/wowproductimages/large/061186.jpg",
      "cupPrice": null,
      "unit": "each",
      "packageSize": "each",
      "barcode": ["3600523750184"],
      "isAvailable": true
    },
    {
      "id": "w61203-3600523750191",
      "store": "woolworths",
      "name": "L'oreal Excellence Creme Hair Colour 9.3 Light Golden Blonde",
      "brand": "L'oreal",
      "price": 10,
      "orgPrice": 20,
      "categoryIds": ["health-beauty"],
      "imagePath": "https://cdn0.woolworths.media/content/wowproductimages/large/061203.jpg",
      "cupPrice": null,
      "unit": "each",
      "packageSize": "each",
      "barcode": ["3600523750191"],
      "isAvailable": true
    },
    {
      "id": "w687098-6923700909777",
      "store": "woolworths",
      "name": "L'oreal Extraordinary Oil ",
      "brand": "L'oreal",
      "price": 5,
      "orgPrice": 10,
      "categoryIds": ["health-beauty"],
      "imagePath": "https://cdn0.woolworths.media/content/wowproductimages/large/687098.jpg",
      "cupPrice": "$16.67 / 100ml",
      "unit": "each",
      "packageSize": "30ml",
      "barcode": ["6923700909777"],
      "isAvailable": true
    },
    {
      "id": "w378909-3600521566145",
      "store": "woolworths",
      "name": "L'oreal Hair Spray Elnett Supreme Volume Hold",
      "brand": "L'oreal",
      "price": 5.5,
      "orgPrice": 11,
      "categoryIds": ["health-beauty"],
      "imagePath": "https://cdn0.woolworths.media/content/wowproductimages/large/378909.jpg",
      "cupPrice": "$1.38 / 100ml",
      "unit": "each",
      "packageSize": "400ml",
      "barcode": ["3600521566145"],
      "isAvailable": true
    },
    {
      "id": "w62171-3600523654352",
      "store": "woolworths",
      "name": "L'oreal Magic Retouch Precision Brush 1 Black",
      "brand": "L'oreal",
      "price": 8.95,
      "orgPrice": 18,
      "categoryIds": ["health-beauty"],
      "imagePath": "https://cdn0.woolworths.media/content/wowproductimages/large/062171.jpg",
      "cupPrice": "$135.00 / 100ml",
      "unit": "each",
      "packageSize": "each",
      "barcode": ["3600523654352"],
      "isAvailable": true
    },
    {
      "id": "w52868-3600523654345",
      "store": "woolworths",
      "name": "L'oreal Magic Retouch Precision Brush 2 Dark Brown",
      "brand": "L'oreal",
      "price": 8.95,
      "orgPrice": 18,
      "categoryIds": ["health-beauty"],
      "imagePath": "https://cdn0.woolworths.media/content/wowproductimages/large/052868.jpg",
      "cupPrice": "$135.00 / 100ml",
      "unit": "each",
      "packageSize": "each",
      "barcode": ["3600523654345"],
      "isAvailable": true
    },
    {
      "id": "w52870-3600523654338",
      "store": "woolworths",
      "name": "L'oreal Magic Retouch Precision Brush 3 Brown",
      "brand": "L'oreal",
      "price": 8.95,
      "orgPrice": 18,
      "categoryIds": ["health-beauty"],
      "imagePath": "https://cdn0.woolworths.media/content/wowproductimages/large/052870.jpg",
      "cupPrice": "$135.00 / 100ml",
      "unit": "each",
      "packageSize": "each",
      "barcode": ["3600523654338"],
      "isAvailable": true
    },
    {
      "id": "w62177-3600523654321",
      "store": "woolworths",
      "name": "L'oreal Magic Retouch Precision Brush 4 Light Brown",
      "brand": "L'oreal",
      "price": 8.95,
      "orgPrice": 18,
      "categoryIds": ["health-beauty"],
      "imagePath": "https://cdn0.woolworths.media/content/wowproductimages/large/062177.jpg",
      "cupPrice": "$135.00 / 100ml",
      "unit": "each",
      "packageSize": "each",
      "barcode": ["3600523654321"],
      "isAvailable": true
    },
    {
      "id": "w62203-3600523654314",
      "store": "woolworths",
      "name": "L'oreal Magic Retouch Precision Brush 5 Blonde",
      "brand": "L'oreal",
      "price": 8.95,
      "orgPrice": 18,
      "categoryIds": ["health-beauty"],
      "imagePath": "https://cdn0.woolworths.media/content/wowproductimages/large/062203.jpg",
      "cupPrice": "$135.00 / 100ml",
      "unit": "each",
      "packageSize": "each",
      "barcode": ["3600523654314"],
      "isAvailable": true
    },
    {
      "id": "w820057-3600523735860",
      "store": "woolworths",
      "name": "L'oreal Magic Retouch Precision Brush 7.3 Medium To Dark Blonde",
      "brand": "L'oreal",
      "price": 7.95,
      "orgPrice": 15.95,
      "categoryIds": ["health-beauty"],
      "imagePath": "https://cdn0.woolworths.media/content/wowproductimages/large/820057.jpg",
      "cupPrice": "$10.60 / 100ml",
      "unit": "each",
      "packageSize": "each",
      "barcode": ["3600523735860"],
      "isAvailable": true
    },
    {
      "id": "w820056-3600523735853",
      "store": "woolworths",
      "name": "L'oreal Magic Retouch Precision Spray 9.3 Light Blonde",
      "brand": "L'oreal",
      "price": 7.95,
      "orgPrice": 15.95,
      "categoryIds": ["health-beauty"],
      "imagePath": "https://cdn0.woolworths.media/content/wowproductimages/large/820056.jpg",
      "cupPrice": "$10.60 / 100ml",
      "unit": "each",
      "packageSize": "each",
      "barcode": ["3600523735853"],
      "isAvailable": true
    },
    {
      "id": "w698642-3600523451142",
      "store": "woolworths",
      "name": "L'oreal Paris Age Perfect Beautifying Colour Care Beige",
      "brand": "L'oreal",
      "price": 8.75,
      "orgPrice": 17.5,
      "categoryIds": ["health-beauty"],
      "imagePath": "https://cdn0.woolworths.media/content/wowproductimages/large/698642.jpg",
      "cupPrice": null,
      "unit": "each",
      "packageSize": "2 pack",
      "barcode": ["3600523451142"],
      "isAvailable": true
    },
    {
      "id": "w683514-3600523451166",
      "store": "woolworths",
      "name": "L'oreal Paris Age Perfect Beautifying Colour Care Chestnut",
      "brand": "L'oreal",
      "price": 8.75,
      "orgPrice": 17.5,
      "categoryIds": ["health-beauty"],
      "imagePath": "https://cdn0.woolworths.media/content/wowproductimages/large/683514.jpg",
      "cupPrice": null,
      "unit": "each",
      "packageSize": "80ml",
      "barcode": ["3600523451166"],
      "isAvailable": true
    },
    {
      "id": "w683515-3600523451173",
      "store": "woolworths",
      "name": "L'oreal Paris Age Perfect Beautifying Colour Care Pearl",
      "brand": "L'oreal",
      "price": 8.75,
      "orgPrice": 17.5,
      "categoryIds": ["health-beauty"],
      "imagePath": "https://cdn0.woolworths.media/content/wowproductimages/large/683515.jpg",
      "cupPrice": null,
      "unit": "each",
      "packageSize": "80ml",
      "barcode": ["3600523451173"],
      "isAvailable": true
    },
    {
      "id": "w683513-3600523451159",
      "store": "woolworths",
      "name": "L'oreal Paris Age Perfect Beautifying Colour Care Warm Gold",
      "brand": "L'oreal",
      "price": 8.75,
      "orgPrice": 17.5,
      "categoryIds": ["health-beauty"],
      "imagePath": "https://cdn0.woolworths.media/content/wowproductimages/large/683513.jpg",
      "cupPrice": null,
      "unit": "each",
      "packageSize": "80ml",
      "barcode": ["3600523451159"],
      "isAvailable": true
    },
    {
      "id": "w260437-3600521078402",
      "store": "woolworths",
      "name": "L'oreal Paris Casting Creme Gloss 200 Ebony Black",
      "brand": "L'oreal",
      "price": 8,
      "orgPrice": 16,
      "categoryIds": ["health-beauty"],
      "imagePath": "https://cdn0.woolworths.media/content/wowproductimages/large/260437.jpg",
      "cupPrice": null,
      "unit": "each",
      "packageSize": "each",
      "barcode": ["3600521078402"],
      "isAvailable": true
    },
    {
      "id": "w260439-3600521078426",
      "store": "woolworths",
      "name": "L'oreal Paris Casting Creme Gloss 300 Darkest Brown",
      "brand": "L'oreal",
      "price": 8,
      "orgPrice": 16,
      "categoryIds": ["health-beauty"],
      "imagePath": "https://cdn0.woolworths.media/content/wowproductimages/large/260439.jpg",
      "cupPrice": null,
      "unit": "each",
      "packageSize": "each",
      "barcode": ["3600521078426"],
      "isAvailable": true
    },
    {
      "id": "w260434-3600521078433",
      "store": "woolworths",
      "name": "L'oreal Paris Casting Creme Gloss 316 Plum",
      "brand": "L'oreal",
      "price": 8,
      "orgPrice": 16,
      "categoryIds": ["health-beauty"],
      "imagePath": "https://cdn0.woolworths.media/content/wowproductimages/large/260434.jpg",
      "cupPrice": null,
      "unit": "each",
      "packageSize": "each",
      "barcode": ["3600521078433"],
      "isAvailable": true
    },
    {
      "id": "w327329-3600521366530",
      "store": "woolworths",
      "name": "L'oreal Paris Casting Creme Gloss 323 Dark Chocolate",
      "brand": "L'oreal",
      "price": 8,
      "orgPrice": 16,
      "categoryIds": ["health-beauty"],
      "imagePath": "https://cdn0.woolworths.media/content/wowproductimages/large/327329.jpg",
      "cupPrice": null,
      "unit": "each",
      "packageSize": "each",
      "barcode": ["3600521366530"],
      "isAvailable": true
    },
    {
      "id": "w260432-3600521078440",
      "store": "woolworths",
      "name": "L'oreal Paris Casting Creme Gloss 400 Dark Brown",
      "brand": "L'oreal",
      "price": 8,
      "orgPrice": 16,
      "categoryIds": ["health-beauty"],
      "imagePath": "https://cdn0.woolworths.media/content/wowproductimages/large/260432.jpg",
      "cupPrice": null,
      "unit": "each",
      "packageSize": "each",
      "barcode": ["3600521078440"],
      "isAvailable": true
    },
    {
      "id": "w260435-3600521078457",
      "store": "woolworths",
      "name": "L'oreal Paris Casting Creme Gloss 415 Iced Chocolate",
      "brand": "L'oreal",
      "price": 8,
      "orgPrice": 16,
      "categoryIds": ["health-beauty"],
      "imagePath": "https://cdn0.woolworths.media/content/wowproductimages/large/260435.jpg",
      "cupPrice": null,
      "unit": "each",
      "packageSize": "each",
      "barcode": ["3600521078457"],
      "isAvailable": true
    },
    {
      "id": "w260428-3600521078471",
      "store": "woolworths",
      "name": "L'oreal Paris Casting Creme Gloss 500 Medium Brown",
      "brand": "L'oreal",
      "price": 8,
      "orgPrice": 16,
      "categoryIds": ["health-beauty"],
      "imagePath": "https://cdn0.woolworths.media/content/wowproductimages/large/260428.jpg",
      "cupPrice": null,
      "unit": "each",
      "packageSize": "each",
      "barcode": ["3600521078471"],
      "isAvailable": true
    },
    {
      "id": "w260429-3600521078518",
      "store": "woolworths",
      "name": "L'oreal Paris Casting Creme Gloss 550 Mahogany",
      "brand": "L'oreal",
      "price": 8,
      "orgPrice": 16,
      "categoryIds": ["health-beauty"],
      "imagePath": "https://cdn0.woolworths.media/content/wowproductimages/large/260429.jpg",
      "cupPrice": null,
      "unit": "each",
      "packageSize": "each",
      "barcode": ["3600521078518"],
      "isAvailable": true
    },
    {
      "id": "w260424-3600521078532",
      "store": "woolworths",
      "name": "L'oreal Paris Casting Creme Gloss 600 Light Brown",
      "brand": "L'oreal",
      "price": 8,
      "orgPrice": 16,
      "categoryIds": ["health-beauty"],
      "imagePath": "https://cdn0.woolworths.media/content/wowproductimages/large/260424.jpg",
      "cupPrice": null,
      "unit": "each",
      "packageSize": "each",
      "barcode": ["3600521078532"],
      "isAvailable": true
    },
    {
      "id": "w260430-3600521078587",
      "store": "woolworths",
      "name": "L'oreal Paris Casting Creme Gloss 700 Dark Blonde",
      "brand": "L'oreal",
      "price": 8,
      "orgPrice": 16,
      "categoryIds": ["health-beauty"],
      "imagePath": "https://cdn0.woolworths.media/content/wowproductimages/large/260430.jpg",
      "cupPrice": null,
      "unit": "each",
      "packageSize": "each",
      "barcode": ["3600521078587"],
      "isAvailable": true
    },
    {
      "id": "w682769-3600523583720",
      "store": "woolworths",
      "name": "L'oreal Paris Elvive Coconut Oil Conditioner",
      "brand": "L'oreal",
      "price": 4,
      "orgPrice": 8,
      "categoryIds": ["health-beauty"],
      "imagePath": "https://cdn0.woolworths.media/content/wowproductimages/large/682769.jpg",
      "cupPrice": "$1.48 / 100ml",
      "unit": "each",
      "packageSize": "325ml",
      "barcode": ["3600523583720"],
      "isAvailable": true
    },
    {
      "id": "w682756-3600523583713",
      "store": "woolworths",
      "name": "L'oreal Paris Elvive Coconut Oil Shampoo",
      "brand": "L'oreal",
      "price": 4,
      "orgPrice": 8,
      "categoryIds": ["health-beauty"],
      "imagePath": "https://cdn0.woolworths.media/content/wowproductimages/large/682756.jpg",
      "cupPrice": "$1.23 / 100ml",
      "unit": "each",
      "packageSize": "325ml",
      "barcode": ["3600523583713"],
      "isAvailable": true
    },
    {
      "id": "w10101-8992304041037",
      "store": "woolworths",
      "name": "L'oreal Paris Elvive Colour Protect Conditioner",
      "brand": "L'oreal",
      "price": 5,
      "orgPrice": 10,
      "categoryIds": ["health-beauty"],
      "imagePath": "https://cdn0.woolworths.media/content/wowproductimages/large/010101.jpg",
      "cupPrice": "$0.71 / 100ml",
      "unit": "each",
      "packageSize": "700ml",
      "barcode": ["8992304041037"],
      "isAvailable": true
    },
    {
      "id": "w662396-8994993000326",
      "store": "woolworths",
      "name": "L'oreal Paris Elvive Colour Protect Conditioner",
      "brand": "L'oreal",
      "price": 4,
      "orgPrice": 8,
      "categoryIds": ["health-beauty"],
      "imagePath": "https://cdn0.woolworths.media/content/wowproductimages/large/662396.jpg",
      "cupPrice": "$1.23 / 100ml",
      "unit": "each",
      "packageSize": "325ml",
      "barcode": ["8994993000326"],
      "isAvailable": true
    },
    {
      "id": "w9902-8992304041020",
      "store": "woolworths",
      "name": "L'oreal Paris Elvive Colour Protect Shampoo",
      "brand": "L'oreal",
      "price": 5,
      "orgPrice": 10,
      "categoryIds": ["health-beauty"],
      "imagePath": "https://cdn0.woolworths.media/content/wowproductimages/large/009902.jpg",
      "cupPrice": "$0.71 / 100ml",
      "unit": "each",
      "packageSize": "700ml",
      "barcode": ["8992304041020"],
      "isAvailable": true
    },
    {
      "id": "w662407-8901526523122",
      "store": "woolworths",
      "name": "L'oreal Paris Elvive Colour Protect Shampoo",
      "brand": "L'oreal",
      "price": 4,
      "orgPrice": 8,
      "categoryIds": ["health-beauty"],
      "imagePath": "https://cdn0.woolworths.media/content/wowproductimages/large/662407.jpg",
      "cupPrice": "$1.23 / 100ml",
      "unit": "each",
      "packageSize": "325ml",
      "barcode": ["8901526523122"],
      "isAvailable": true
    },
    {
      "id": "w52865-3600523816927",
      "store": "woolworths",
      "name": "L'oreal Paris Elvive Dream Lengths Detangling Conditioner",
      "brand": "L'oreal",
      "price": 4,
      "orgPrice": 8,
      "categoryIds": ["health-beauty"],
      "imagePath": "https://cdn0.woolworths.media/content/wowproductimages/large/052865.jpg",
      "cupPrice": "$1.23 / 100ml",
      "unit": "each",
      "packageSize": "325ml",
      "barcode": ["3600523816927"],
      "isAvailable": true
    },
    {
      "id": "w52864-3600523816910",
      "store": "woolworths",
      "name": "L'oreal Paris Elvive Dream Lengths Restoring Shampoo",
      "brand": "L'oreal",
      "price": 4,
      "orgPrice": 8,
      "categoryIds": ["health-beauty"],
      "imagePath": "https://cdn0.woolworths.media/content/wowproductimages/large/052864.jpg",
      "cupPrice": "$1.23 / 100ml",
      "unit": "each",
      "packageSize": "325ml",
      "barcode": ["3600523816910"],
      "isAvailable": true
    },
    {
      "id": "w682749-3600523572557",
      "store": "woolworths",
      "name": "L'oreal Paris Elvive Extraordinary Coconut Oil",
      "brand": "L'oreal",
      "price": 9.95,
      "orgPrice": 20,
      "categoryIds": ["health-beauty"],
      "imagePath": "https://cdn0.woolworths.media/content/wowproductimages/large/682749.jpg",
      "cupPrice": "$9.95 / 100ml",
      "unit": "each",
      "packageSize": "100ml",
      "barcode": ["3600523572557"],
      "isAvailable": true
    },
    {
      "id": "w682747-3600523572564",
      "store": "woolworths",
      "name": "L'oreal Paris Elvive Extraordinary Coconut Oil Mask",
      "brand": "L'oreal",
      "price": 5,
      "orgPrice": 10,
      "categoryIds": ["health-beauty"],
      "imagePath": "https://cdn0.woolworths.media/content/wowproductimages/large/682747.jpg",
      "cupPrice": "$2.00 / 100ml",
      "unit": "each",
      "packageSize": "300ml",
      "barcode": ["3600523572564"],
      "isAvailable": true
    },
    {
      "id": "w891480-8901526960422",
      "store": "woolworths",
      "name": "L'oreal Paris Elvive Extraordinary Oil Conditioner",
      "brand": "L'oreal",
      "price": 5,
      "orgPrice": 10,
      "categoryIds": ["health-beauty"],
      "imagePath": "https://cdn0.woolworths.media/content/wowproductimages/large/891480.jpg",
      "cupPrice": "$0.71 / 100ml",
      "unit": "each",
      "packageSize": "700ml",
      "barcode": ["8901526960422"],
      "isAvailable": true
    },
    {
      "id": "w662433-3600523547524",
      "store": "woolworths",
      "name": "L'oreal Paris Elvive Extraordinary Oil Conditioner",
      "brand": "L'oreal",
      "price": 4,
      "orgPrice": 8,
      "categoryIds": ["health-beauty"],
      "imagePath": "https://cdn0.woolworths.media/content/wowproductimages/large/662433.jpg",
      "cupPrice": "$1.23 / 100ml",
      "unit": "each",
      "packageSize": "325ml",
      "barcode": ["3600523547524"],
      "isAvailable": true
    },
    {
      "id": "w856309-3600522453338",
      "store": "woolworths",
      "name": "L'oreal Paris Elvive Extraordinary Oil Hair Treatment",
      "brand": "L'oreal",
      "price": 10,
      "orgPrice": 20,
      "categoryIds": ["health-beauty"],
      "imagePath": "https://cdn0.woolworths.media/content/wowproductimages/large/856309.jpg",
      "cupPrice": "$10.00 / 100ml",
      "unit": "each",
      "packageSize": "100ml",
      "barcode": ["3600522453338"],
      "isAvailable": true
    },
    {
      "id": "w662432-3600523547487",
      "store": "woolworths",
      "name": "L'oreal Paris Elvive Extraordinary Oil Shampoo",
      "brand": "L'oreal",
      "price": 4,
      "orgPrice": 8,
      "categoryIds": ["health-beauty"],
      "imagePath": "https://cdn0.woolworths.media/content/wowproductimages/large/662432.jpg",
      "cupPrice": "$1.23 / 100ml",
      "unit": "each",
      "packageSize": "325ml",
      "barcode": ["3600523547487"],
      "isAvailable": true
    },
    {
      "id": "w856800-8901526960446",
      "store": "woolworths",
      "name": "L'oreal Paris Elvive Fibralogy Conditioner",
      "brand": "L'oreal",
      "price": 5,
      "orgPrice": 10,
      "categoryIds": ["health-beauty"],
      "imagePath": "https://cdn0.woolworths.media/content/wowproductimages/large/856800.jpg",
      "cupPrice": "$0.71 / 100ml",
      "unit": "each",
      "packageSize": "700ml",
      "barcode": ["8901526960446"],
      "isAvailable": true
    },
    {
      "id": "w856799-8901526960453",
      "store": "woolworths",
      "name": "L'oreal Paris Elvive Fibralogy Shampoo",
      "brand": "L'oreal",
      "price": 5,
      "orgPrice": 10,
      "categoryIds": ["health-beauty"],
      "imagePath": "https://cdn0.woolworths.media/content/wowproductimages/large/856799.jpg",
      "cupPrice": "$0.71 / 100ml",
      "unit": "each",
      "packageSize": "700ml",
      "barcode": ["8901526960453"],
      "isAvailable": true
    },
    {
      "id": "w10103-8992304041174",
      "store": "woolworths",
      "name": "L'oreal Paris Elvive Total Repair Conditioner",
      "brand": "L'oreal",
      "price": 5,
      "orgPrice": 10,
      "categoryIds": ["health-beauty"],
      "imagePath": "https://cdn0.woolworths.media/content/wowproductimages/large/010103.jpg",
      "cupPrice": "$0.71 / 100ml",
      "unit": "each",
      "packageSize": "700ml",
      "barcode": ["8992304041174"],
      "isAvailable": true
    },
    {
      "id": "w662430-8994993000364",
      "store": "woolworths",
      "name": "L'oreal Paris Elvive Total Repair Conditioner",
      "brand": "L'oreal",
      "price": 4,
      "orgPrice": 8,
      "categoryIds": ["health-beauty"],
      "imagePath": "https://cdn0.woolworths.media/content/wowproductimages/large/662430.jpg",
      "cupPrice": "$1.23 / 100ml",
      "unit": "each",
      "packageSize": "325ml",
      "barcode": ["8994993000364"],
      "isAvailable": true
    },
    {
      "id": "w662421-8901526523153",
      "store": "woolworths",
      "name": "L'oreal Paris Elvive Total Repair Shampoo",
      "brand": "L'oreal",
      "price": 4,
      "orgPrice": 8,
      "categoryIds": ["health-beauty"],
      "imagePath": "https://cdn0.woolworths.media/content/wowproductimages/large/662421.jpg",
      "cupPrice": "$1.23 / 100ml",
      "unit": "each",
      "packageSize": "325ml",
      "barcode": ["8901526523153"],
      "isAvailable": true
    },
    {
      "id": "w10102-8992304041181",
      "store": "woolworths",
      "name": "L'oreal Paris Elvive Total Repair Shampoo",
      "brand": "L'oreal",
      "price": 5,
      "orgPrice": 10,
      "categoryIds": ["health-beauty"],
      "imagePath": "https://cdn0.woolworths.media/content/wowproductimages/large/010102.jpg",
      "cupPrice": "$0.71 / 100ml",
      "unit": "each",
      "packageSize": "700ml",
      "barcode": ["8992304041181"],
      "isAvailable": true
    },
    {
      "id": "w46588-3600523015276",
      "store": "woolworths",
      "name": "L'oreal Paris Excellence Age Perfect 9.13 Light Cream Blonde",
      "brand": "L'oreal",
      "price": 10,
      "orgPrice": 20,
      "categoryIds": ["health-beauty"],
      "imagePath": "https://cdn0.woolworths.media/content/wowproductimages/large/046588.jpg",
      "cupPrice": null,
      "unit": "each",
      "packageSize": "each",
      "barcode": ["3600523015276"],
      "isAvailable": true
    },
    {
      "id": "w46595-3600523015313",
      "store": "woolworths",
      "name": "L'oreal Paris Excellence Age Perfect Pearl Blonde 8.32",
      "brand": "L'oreal",
      "price": 10,
      "orgPrice": 20,
      "categoryIds": ["health-beauty"],
      "imagePath": "https://cdn0.woolworths.media/content/wowproductimages/large/046595.jpg",
      "cupPrice": null,
      "unit": "each",
      "packageSize": "each",
      "barcode": ["3600523015313"],
      "isAvailable": true
    },
    {
      "id": "w46598-3600523015306",
      "store": "woolworths",
      "name": "L'oreal Paris Excellence Age Perfect Radiant Pure Beige Blonde 8.31",
      "brand": "L'oreal",
      "price": 10,
      "orgPrice": 20,
      "categoryIds": ["health-beauty"],
      "imagePath": "https://cdn0.woolworths.media/content/wowproductimages/large/046598.jpg",
      "cupPrice": null,
      "unit": "each",
      "packageSize": "each",
      "barcode": ["3600523015306"],
      "isAvailable": true
    },
    {
      "id": "w840342-3600523015337",
      "store": "woolworths",
      "name": "L'oreal Paris Excellence Age Perfect Very Light Blonde 7.32",
      "brand": "L'oreal",
      "price": 10,
      "orgPrice": 20,
      "categoryIds": ["health-beauty"],
      "imagePath": "https://cdn0.woolworths.media/content/wowproductimages/large/840342.jpg",
      "cupPrice": null,
      "unit": "each",
      "packageSize": "each",
      "barcode": ["3600523015337"],
      "isAvailable": true
    },
    {
      "id": "w452051-3600523192786",
      "store": "woolworths",
      "name": "L'oreal Paris Magic Retouch Hair Colour 1 Black",
      "brand": "L'oreal",
      "price": 7.95,
      "orgPrice": 15.95,
      "categoryIds": ["health-beauty"],
      "imagePath": "https://cdn0.woolworths.media/content/wowproductimages/large/452051.jpg",
      "cupPrice": "$10.60 / 100ml",
      "unit": "each",
      "packageSize": "each",
      "barcode": ["3600523192786"],
      "isAvailable": true
    },
    {
      "id": "w452064-3600523192793",
      "store": "woolworths",
      "name": "L'oreal Paris Magic Retouch Hair Colour 2 Dark Brown",
      "brand": "L'oreal",
      "price": 7.95,
      "orgPrice": 15.95,
      "categoryIds": ["health-beauty"],
      "imagePath": "https://cdn0.woolworths.media/content/wowproductimages/large/452064.jpg",
      "cupPrice": "$10.60 / 100ml",
      "unit": "each",
      "packageSize": "each",
      "barcode": ["3600523192793"],
      "isAvailable": true
    },
    {
      "id": "w452053-3600523192809",
      "store": "woolworths",
      "name": "L'oreal Paris Magic Retouch Hair Colour 3 Brown",
      "brand": "L'oreal",
      "price": 7.95,
      "orgPrice": 15.95,
      "categoryIds": ["health-beauty"],
      "imagePath": "https://cdn0.woolworths.media/content/wowproductimages/large/452053.jpg",
      "cupPrice": "$10.60 / 100ml",
      "unit": "each",
      "packageSize": "each",
      "barcode": ["3600523192809"],
      "isAvailable": true
    },
    {
      "id": "w452081-3600523192816",
      "store": "woolworths",
      "name": "L'oreal Paris Magic Retouch Hair Colour 4 Light Brown",
      "brand": "L'oreal",
      "price": 7.95,
      "orgPrice": 15.95,
      "categoryIds": ["health-beauty"],
      "imagePath": "https://cdn0.woolworths.media/content/wowproductimages/large/452081.jpg",
      "cupPrice": "$10.60 / 100ml",
      "unit": "each",
      "packageSize": "each",
      "barcode": ["3600523192816"],
      "isAvailable": true
    },
    {
      "id": "w452087-3600523388110",
      "store": "woolworths",
      "name": "L'oreal Paris Magic Retouch Hair Colour 5 Blonde",
      "brand": "L'oreal",
      "price": 7.95,
      "orgPrice": 15.95,
      "categoryIds": ["health-beauty"],
      "imagePath": "https://cdn0.woolworths.media/content/wowproductimages/large/452087.jpg",
      "cupPrice": "$10.60 / 100ml",
      "unit": "each",
      "packageSize": "each",
      "barcode": ["3600523388110"],
      "isAvailable": true
    },
    {
      "id": "w14798-3600522746393",
      "store": "woolworths",
      "name": "L'oreal Paris Paris Superior No 4. Brown To Light Brown",
      "brand": "L'oreal",
      "price": 9.5,
      "orgPrice": 19,
      "categoryIds": ["health-beauty"],
      "imagePath": "https://cdn0.woolworths.media/content/wowproductimages/large/014798.jpg",
      "cupPrice": null,
      "unit": "each",
      "packageSize": "each",
      "barcode": ["3600522746393"],
      "isAvailable": true
    },
    {
      "id": "w2447-3600522187455",
      "store": "woolworths",
      "name": "L'oreal Paris Preference 10.21 Alaska Pearl Blonde",
      "brand": "L'oreal",
      "price": 9.5,
      "orgPrice": 19,
      "categoryIds": ["health-beauty"],
      "imagePath": "https://cdn0.woolworths.media/content/wowproductimages/large/002447.jpg",
      "cupPrice": null,
      "unit": "each",
      "packageSize": "each",
      "barcode": ["3600522187455"],
      "isAvailable": true
    },
    {
      "id": "w2373-3600522187639",
      "store": "woolworths",
      "name": "L'oreal Paris Preference 4 Tahiti Dark Brown",
      "brand": "L'oreal",
      "price": 9.5,
      "orgPrice": 19,
      "categoryIds": ["health-beauty"],
      "imagePath": "https://cdn0.woolworths.media/content/wowproductimages/large/002373.jpg",
      "cupPrice": null,
      "unit": "each",
      "packageSize": "each",
      "barcode": ["3600522187639"],
      "isAvailable": true
    },
    {
      "id": "w313710-3600522187622",
      "store": "woolworths",
      "name": "L'oreal Paris Preference 4.15 Rome Deep Brown",
      "brand": "L'oreal",
      "price": 9.5,
      "orgPrice": 19,
      "categoryIds": ["health-beauty"],
      "imagePath": "https://cdn0.woolworths.media/content/wowproductimages/large/313710.jpg",
      "cupPrice": null,
      "unit": "each",
      "packageSize": "each",
      "barcode": ["3600522187622"],
      "isAvailable": true
    },
    {
      "id": "w2328-3600522187592",
      "store": "woolworths",
      "name": "L'oreal Paris Preference 5 Palma Brown",
      "brand": "L'oreal",
      "price": 9.5,
      "orgPrice": 19,
      "categoryIds": ["health-beauty"],
      "imagePath": "https://cdn0.woolworths.media/content/wowproductimages/large/002328.jpg",
      "cupPrice": null,
      "unit": "each",
      "packageSize": "each",
      "barcode": ["3600522187592"],
      "isAvailable": true
    },
    {
      "id": "w376962-3600522187578",
      "store": "woolworths",
      "name": "L'oreal Paris Preference 5.3 Siena Golden Brown",
      "brand": "L'oreal",
      "price": 9.5,
      "orgPrice": 19,
      "categoryIds": ["health-beauty"],
      "imagePath": "https://cdn0.woolworths.media/content/wowproductimages/large/376962.jpg",
      "cupPrice": null,
      "unit": "each",
      "packageSize": "each",
      "barcode": ["3600522187578"],
      "isAvailable": true
    },
    {
      "id": "w2296-3600522187523",
      "store": "woolworths",
      "name": "L'oreal Paris Preference 8 California Natural Blonde",
      "brand": "L'oreal",
      "price": 9.5,
      "orgPrice": 19,
      "categoryIds": ["health-beauty"],
      "imagePath": "https://cdn0.woolworths.media/content/wowproductimages/large/002296.jpg",
      "cupPrice": null,
      "unit": "each",
      "packageSize": "each",
      "barcode": ["3600522187523"],
      "isAvailable": true
    },
    {
      "id": "w769354-3600522295457",
      "store": "woolworths",
      "name": "L'oreal Paris Preference Deep Purple Pearl P38",
      "brand": "L'oreal",
      "price": 9.5,
      "orgPrice": 19,
      "categoryIds": ["health-beauty"],
      "imagePath": "https://cdn0.woolworths.media/content/wowproductimages/large/769354.jpg",
      "cupPrice": null,
      "unit": "each",
      "packageSize": "each",
      "barcode": ["3600522295457"],
      "isAvailable": true
    },
    {
      "id": "w2208-3600522187462",
      "store": "woolworths",
      "name": "L'oreal Paris Preference Helsinki Very Light Ash Blonde",
      "brand": "L'oreal",
      "price": 9.5,
      "orgPrice": 19,
      "categoryIds": ["health-beauty"],
      "imagePath": "https://cdn0.woolworths.media/content/wowproductimages/large/002208.jpg",
      "cupPrice": null,
      "unit": "each",
      "packageSize": "each",
      "barcode": ["3600522187462"],
      "isAvailable": true
    },
    {
      "id": "w782424-3600522140962",
      "store": "woolworths",
      "name": "L'oreal Paris Preference Mango 74",
      "brand": "L'oreal",
      "price": 9.5,
      "orgPrice": 19,
      "categoryIds": ["health-beauty"],
      "imagePath": "https://cdn0.woolworths.media/content/wowproductimages/large/782424.jpg",
      "cupPrice": null,
      "unit": "each",
      "packageSize": "each",
      "barcode": ["3600522140962"],
      "isAvailable": true
    },
    {
      "id": "w721293-3600522141013",
      "store": "woolworths",
      "name": "L'oreal Paris Preference P67 Scarlet Intense Red",
      "brand": "L'oreal",
      "price": 9.5,
      "orgPrice": 19,
      "categoryIds": ["health-beauty"],
      "imagePath": "https://cdn0.woolworths.media/content/wowproductimages/large/721293.jpg",
      "cupPrice": null,
      "unit": "each",
      "packageSize": "each",
      "barcode": ["3600522141013"],
      "isAvailable": true
    },
    {
      "id": "w683522-3600523577781",
      "store": "woolworths",
      "name": "L'oreal Paris Preference 5.23 Very Deep Rose Gold",
      "brand": "L'oreal",
      "price": 9.5,
      "orgPrice": 19,
      "categoryIds": ["health-beauty"],
      "imagePath": "https://cdn0.woolworths.media/content/wowproductimages/large/683522.jpg",
      "cupPrice": null,
      "unit": "each",
      "packageSize": "each",
      "barcode": ["3600523577781"],
      "isAvailable": true
    },
    {
      "id": "w683523-3600523577798",
      "store": "woolworths",
      "name": "L'oreal Paris Preference 7.23 Dark Rose Gold",
      "brand": "L'oreal",
      "price": 9.5,
      "orgPrice": 19,
      "categoryIds": ["health-beauty"],
      "imagePath": "https://cdn0.woolworths.media/content/wowproductimages/large/683523.jpg",
      "cupPrice": null,
      "unit": "each",
      "packageSize": "each",
      "barcode": ["3600523577798"],
      "isAvailable": true
    },
    {
      "id": "w683524-3600523577811",
      "store": "woolworths",
      "name": "L'oreal Paris Preference 9.23 Light Rose Gold",
      "brand": "L'oreal",
      "price": 9.5,
      "orgPrice": 19,
      "categoryIds": ["health-beauty"],
      "imagePath": "https://cdn0.woolworths.media/content/wowproductimages/large/683524.jpg",
      "cupPrice": null,
      "unit": "each",
      "packageSize": "each",
      "barcode": ["3600523577811"],
      "isAvailable": true
    },
    {
      "id": "w447461-3600523018109",
      "store": "woolworths",
      "name": "L'oreal Paris Preference Hair Colour 11.21 Very Very Light Cool",
      "brand": "L'oreal",
      "price": 9.5,
      "orgPrice": 19,
      "categoryIds": ["health-beauty"],
      "imagePath": "https://cdn0.woolworths.media/content/wowproductimages/large/447461.jpg",
      "cupPrice": null,
      "unit": "each",
      "packageSize": "each",
      "barcode": ["3600523018109"],
      "isAvailable": true
    },
    {
      "id": "w447480-3600522769156",
      "store": "woolworths",
      "name": "L'oreal Paris Preference Hair Colour 3.12 St Honore",
      "brand": "L'oreal",
      "price": 9.5,
      "orgPrice": 19,
      "categoryIds": ["health-beauty"],
      "imagePath": "https://cdn0.woolworths.media/content/wowproductimages/large/447480.jpg",
      "cupPrice": null,
      "unit": "each",
      "packageSize": "each",
      "barcode": ["3600522769156"],
      "isAvailable": true
    },
    {
      "id": "w452097-3600522769132",
      "store": "woolworths",
      "name": "L'oreal Paris Preference Hair Colour 5.21 L'etoile",
      "brand": "L'oreal",
      "price": 9.5,
      "orgPrice": 19,
      "categoryIds": ["health-beauty"],
      "imagePath": "https://cdn0.woolworths.media/content/wowproductimages/large/452097.jpg",
      "cupPrice": null,
      "unit": "each",
      "packageSize": "each",
      "barcode": ["3600522769132"],
      "isAvailable": true
    },
    {
      "id": "w447406-3600523018086",
      "store": "woolworths",
      "name": "L'oreal Paris Preference Hair Colour 6.21 Opera",
      "brand": "L'oreal",
      "price": 9.5,
      "orgPrice": 19,
      "categoryIds": ["health-beauty"],
      "imagePath": "https://cdn0.woolworths.media/content/wowproductimages/large/447406.jpg",
      "cupPrice": null,
      "unit": "each",
      "packageSize": "each",
      "barcode": ["3600523018086"],
      "isAvailable": true
    },
    {
      "id": "w647837-9300607090925",
      "store": "woolworths",
      "name": "Listerine Bright White Mouthwash",
      "brand": "Listerine",
      "price": 4.25,
      "orgPrice": 8.5,
      "categoryIds": ["health-beauty"],
      "imagePath": "https://cdn0.woolworths.media/content/wowproductimages/large/647837.jpg",
      "cupPrice": "$0.85 / 100ml",
      "unit": "each",
      "packageSize": "500ml",
      "barcode": ["9300607090925"],
      "isAvailable": true
    },
    {
      "id": "w80567-9300607091212",
      "store": "woolworths",
      "name": "Listerine Coconut & Lime Mouthwash Limited Edition",
      "brand": "Listerine",
      "price": 4.25,
      "orgPrice": 8.5,
      "categoryIds": ["health-beauty"],
      "imagePath": "https://cdn0.woolworths.media/content/wowproductimages/large/080567.jpg",
      "cupPrice": "$0.85 / 100ml",
      "unit": "each",
      "packageSize": "500ml",
      "barcode": ["9300607091212"],
      "isAvailable": true
    },
    {
      "id": "w24761-9310059050217",
      "store": "woolworths",
      "name": "Listerine Fresh Burst Mouthwash",
      "brand": "Listerine",
      "price": 3.75,
      "orgPrice": 7.5,
      "categoryIds": ["health-beauty"],
      "imagePath": "https://cdn0.woolworths.media/content/wowproductimages/large/024761.jpg",
      "cupPrice": "$0.75 / 100ml",
      "unit": "each",
      "packageSize": "500ml",
      "barcode": ["9310059050217"],
      "isAvailable": true
    },
    {
      "id": "w302987-9300607090000",
      "store": "woolworths",
      "name": "Listerine Smart Rinse Mouthwash For Kids Berry",
      "brand": "Listerine",
      "price": 3.5,
      "orgPrice": 7,
      "categoryIds": ["health-beauty"],
      "imagePath": "https://cdn0.woolworths.media/content/wowproductimages/large/302987.jpg",
      "cupPrice": "$0.70 / 100ml",
      "unit": "each",
      "packageSize": "500ml",
      "barcode": ["9300607090000"],
      "isAvailable": true
    },
    {
      "id": "w205582-9310059048320",
      "store": "woolworths",
      "name": "Listerine Teeth Defence Mouthwash Antiseptic With Fluoride",
      "brand": "Listerine",
      "price": 4.25,
      "orgPrice": 8.5,
      "categoryIds": ["health-beauty"],
      "imagePath": "https://cdn0.woolworths.media/content/wowproductimages/large/205582.jpg",
      "cupPrice": "$0.85 / 100ml",
      "unit": "each",
      "packageSize": "500ml",
      "barcode": ["9310059048320"],
      "isAvailable": true
    },
    {
      "id": "w321880-9300607090109",
      "store": "woolworths",
      "name": "Listerine Total Care Mouthwash Clean Mint",
      "brand": "Listerine",
      "price": 4.65,
      "orgPrice": 9.3,
      "categoryIds": ["health-beauty"],
      "imagePath": "https://cdn0.woolworths.media/content/wowproductimages/large/321880.jpg",
      "cupPrice": "$0.93 / 100ml",
      "unit": "each",
      "packageSize": "500ml",
      "barcode": ["9300607090109"],
      "isAvailable": true
    },
    {
      "id": "w569369-9300607090901",
      "store": "woolworths",
      "name": "Listerine Total Care Zero Alcohol Mouthwash",
      "brand": "Listerine",
      "price": 4.65,
      "orgPrice": 9.3,
      "categoryIds": ["health-beauty"],
      "imagePath": "https://cdn0.woolworths.media/content/wowproductimages/large/569369.jpg",
      "cupPrice": "$0.93 / 100ml",
      "unit": "each",
      "packageSize": "500ml",
      "barcode": ["9300607090901"],
      "isAvailable": true
    },
    {
      "id": "w376505-9300607090574",
      "store": "woolworths",
      "name": "Listerine Zero Mouthwash",
      "brand": "Listerine",
      "price": 4.25,
      "orgPrice": 8.5,
      "categoryIds": ["health-beauty"],
      "imagePath": "https://cdn0.woolworths.media/content/wowproductimages/large/376505.jpg",
      "cupPrice": "$0.85 / 100ml",
      "unit": "each",
      "packageSize": "500ml",
      "barcode": ["9300607090574"],
      "isAvailable": true
    },
    {
      "id": "w687147-9400581046762",
      "store": "woolworths",
      "name": "Musashi Deluxe Peanut Crunch ",
      "brand": "Musashi",
      "price": 2,
      "orgPrice": 4,
      "categoryIds": ["health-beauty"],
      "imagePath": "https://cdn0.woolworths.media/content/wowproductimages/large/687147.jpg",
      "cupPrice": "$3.33 / 100g",
      "unit": "each",
      "packageSize": "60g",
      "barcode": ["9400581046762"],
      "isAvailable": true
    },
    {
      "id": "w687139-9400581046779",
      "store": "woolworths",
      "name": "Musashi Deluxe Rocky Road ",
      "brand": "Musashi",
      "price": 2,
      "orgPrice": 4,
      "categoryIds": ["health-beauty"],
      "imagePath": "https://cdn0.woolworths.media/content/wowproductimages/large/687139.jpg",
      "cupPrice": "$3.33 / 100g",
      "unit": "each",
      "packageSize": "60g",
      "barcode": ["9400581046779"],
      "isAvailable": true
    },
    {
      "id": "w869169-9314549903953",
      "store": "woolworths",
      "name": "Musashi High Protein Milk Choc Brownie Bar",
      "brand": "Musashi",
      "price": 2.5,
      "orgPrice": 5,
      "categoryIds": ["health-beauty"],
      "imagePath": "https://cdn0.woolworths.media/content/wowproductimages/large/869169.jpg",
      "cupPrice": "$2.78 / 100g",
      "unit": "each",
      "packageSize": "90g",
      "barcode": ["9314549903953"],
      "isAvailable": true
    },
    {
      "id": "w869161-9314549903960",
      "store": "woolworths",
      "name": "Musashi High Protein Salted Caramel Bar",
      "brand": "Musashi",
      "price": 2.5,
      "orgPrice": 5,
      "categoryIds": ["health-beauty"],
      "imagePath": "https://cdn0.woolworths.media/content/wowproductimages/large/869161.jpg",
      "cupPrice": "$2.78 / 100g",
      "unit": "each",
      "packageSize": "90g",
      "barcode": ["9314549903960"],
      "isAvailable": true
    },
    {
      "id": "w798290-9300605098909",
      "store": "woolworths",
      "name": "Musashi High Protein Bar Cookies & Cream",
      "brand": "Musashi",
      "price": 2.5,
      "orgPrice": 5,
      "categoryIds": ["health-beauty"],
      "imagePath": "https://cdn0.woolworths.media/content/wowproductimages/large/798290.jpg",
      "cupPrice": "$2.78 / 100g",
      "unit": "each",
      "packageSize": "90g",
      "barcode": ["9300605098909"],
      "isAvailable": true
    },
    {
      "id": "w262252-9314549902192",
      "store": "woolworths",
      "name": "Musashi P30 Protein Powder Chocolate",
      "brand": "Musashi",
      "price": 25.25,
      "orgPrice": 50.5,
      "categoryIds": ["health-beauty"],
      "imagePath": "https://cdn0.woolworths.media/content/wowproductimages/large/262252.jpg",
      "cupPrice": "$2.81 / 100g",
      "unit": "each",
      "packageSize": "900g",
      "barcode": ["9314549902192"],
      "isAvailable": true
    },
    {
      "id": "w699980-9400581047301",
      "store": "woolworths",
      "name": "Musashi Protein Wafer Chocolate ",
      "brand": "Musashi",
      "price": 1.75,
      "orgPrice": 3.5,
      "categoryIds": ["health-beauty"],
      "imagePath": "https://cdn0.woolworths.media/content/wowproductimages/large/699980.jpg",
      "cupPrice": "$4.38 / 100g",
      "unit": "each",
      "packageSize": "40g",
      "barcode": ["9400581047301"],
      "isAvailable": true
    },
    {
      "id": "w700014-9400581047318",
      "store": "woolworths",
      "name": "Musashi Protein Wafer Vanilla ",
      "brand": "Musashi",
      "price": 1.75,
      "orgPrice": 3.5,
      "categoryIds": ["health-beauty"],
      "imagePath": "https://cdn0.woolworths.media/content/wowproductimages/large/700014.jpg",
      "cupPrice": "$4.38 / 100g",
      "unit": "each",
      "packageSize": "40g",
      "barcode": ["9400581047318"],
      "isAvailable": true
    },
    {
      "id": "w631240-9400581044676",
      "store": "woolworths",
      "name": "Musashi Shred & Burn Protein Bar Cookies & Cream",
      "brand": "Musashi",
      "price": 2.1,
      "orgPrice": 4.2,
      "categoryIds": ["health-beauty"],
      "imagePath": "https://cdn0.woolworths.media/content/wowproductimages/large/631240.jpg",
      "cupPrice": "$3.50 / 100g",
      "unit": "each",
      "packageSize": "60g",
      "barcode": ["9400581044676"],
      "isAvailable": true
    },
    {
      "id": "w108285-93432047",
      "store": "woolworths",
      "name": "Musashi Growling Dog Chocolate Bar",
      "brand": "Musashi",
      "price": 1.5,
      "orgPrice": 3,
      "categoryIds": ["health-beauty"],
      "imagePath": "https://cdn0.woolworths.media/content/wowproductimages/large/108285.jpg",
      "cupPrice": "$2.31 / 100g",
      "unit": "each",
      "packageSize": "65g",
      "barcode": ["93432047"],
      "isAvailable": true
    },
    {
      "id": "w262253-9314549902208",
      "store": "woolworths",
      "name": "Musashi P30 Protein Powder Vanilla",
      "brand": "Musashi",
      "price": 25.25,
      "orgPrice": 50.5,
      "categoryIds": ["health-beauty"],
      "imagePath": "https://cdn0.woolworths.media/content/wowproductimages/large/262253.jpg",
      "cupPrice": "$2.81 / 100g",
      "unit": "each",
      "packageSize": "900g",
      "barcode": ["9314549902208"],
      "isAvailable": true
    },
    {
      "id": "w567594-9300607561760",
      "store": "woolworths",
      "name": "Neutrogena Rapid Wrinkle Repair Anti-ageing Moisturiser Night",
      "brand": "Neutrogena",
      "price": 20,
      "orgPrice": 40,
      "categoryIds": ["health-beauty"],
      "imagePath": "https://cdn0.woolworths.media/content/wowproductimages/large/567594.jpg",
      "cupPrice": "$68.97 / 100ml",
      "unit": "each",
      "packageSize": "29ml",
      "barcode": ["9300607561760"],
      "isAvailable": true
    },
    {
      "id": "w55744-9300607562552",
      "store": "woolworths",
      "name": "Neutrogena Rapid Wrinkle Repair Retinol Oil",
      "brand": "Neutrogena",
      "price": 21.5,
      "orgPrice": 43,
      "categoryIds": ["health-beauty"],
      "imagePath": "https://cdn0.woolworths.media/content/wowproductimages/large/055744.jpg",
      "cupPrice": "$71.67 / 100ml",
      "unit": "each",
      "packageSize": "30ml",
      "barcode": ["9300607562552"],
      "isAvailable": true
    },
    {
      "id": "w76024-9314807067786",
      "store": "woolworths",
      "name": "Norsca 0% Aluminium Antiperspirant Refreshing Vetiver Deodorant",
      "brand": "Norsca",
      "price": 4,
      "orgPrice": 8,
      "categoryIds": ["health-beauty"],
      "imagePath": "https://cdn0.woolworths.media/content/wowproductimages/large/076024.jpg",
      "cupPrice": "$2.67 / 100g",
      "unit": "each",
      "packageSize": "245ml",
      "barcode": ["9314807067786"],
      "isAvailable": true
    },
    {
      "id": "w77192-9314807067779",
      "store": "woolworths",
      "name": "Norsca 0% Aluminium Antiperspirant Rosewater & Lotus Deodorant",
      "brand": "Norsca",
      "price": 4,
      "orgPrice": 8,
      "categoryIds": ["health-beauty"],
      "imagePath": "https://cdn0.woolworths.media/content/wowproductimages/large/077192.jpg",
      "cupPrice": "$2.67 / 100g",
      "unit": "each",
      "packageSize": "245ml",
      "barcode": ["9314807067779"],
      "isAvailable": true
    },
    {
      "id": "w75705-93549882",
      "store": "woolworths",
      "name": "Norsca 0% Aluminium Antiperspirant Rosewater & Lotus Roll-on",
      "brand": "Norsca",
      "price": 2.5,
      "orgPrice": 5,
      "categoryIds": ["health-beauty"],
      "imagePath": "https://cdn0.woolworths.media/content/wowproductimages/large/075705.jpg",
      "cupPrice": "$5.00 / 100ml",
      "unit": "each",
      "packageSize": "50ml",
      "barcode": ["93549882"],
      "isAvailable": true
    },
    {
      "id": "w19651-9300666335012",
      "store": "woolworths",
      "name": "Norsca Anti Perspirant Deodorant Aerosol Pump Forest",
      "brand": "Norsca",
      "price": 3,
      "orgPrice": 6,
      "categoryIds": ["health-beauty"],
      "imagePath": "https://cdn0.woolworths.media/content/wowproductimages/large/019651.jpg",
      "cupPrice": "$2.00 / 100ml",
      "unit": "each",
      "packageSize": "150ml",
      "barcode": ["9300666335012"],
      "isAvailable": true
    },
    {
      "id": "w824755-9314807042639",
      "store": "woolworths",
      "name": "Norsca Deodorant Aerosol Baby Powder Antiperspirant",
      "brand": "Norsca",
      "price": 3,
      "orgPrice": 6,
      "categoryIds": ["health-beauty"],
      "imagePath": "https://cdn0.woolworths.media/content/wowproductimages/large/824755.jpg",
      "cupPrice": "$1.22 / 100ml",
      "unit": "each",
      "packageSize": "150g",
      "barcode": ["9314807042639"],
      "isAvailable": true
    },
    {
      "id": "w370625-9314807020392",
      "store": "woolworths",
      "name": "Norsca Deodorant Aerosol Clear Passion Flower",
      "brand": "Norsca",
      "price": 3,
      "orgPrice": 6,
      "categoryIds": ["health-beauty"],
      "imagePath": "https://cdn0.woolworths.media/content/wowproductimages/large/370625.jpg",
      "cupPrice": "$1.22 / 100ml",
      "unit": "each",
      "packageSize": "150g",
      "barcode": ["9314807020392"],
      "isAvailable": true
    },
    {
      "id": "w1100-9300666335005",
      "store": "woolworths",
      "name": "Norsca Deodorant Aerosol Forest Fresh",
      "brand": "Norsca",
      "price": 3,
      "orgPrice": 6,
      "categoryIds": ["health-beauty"],
      "imagePath": "https://cdn0.woolworths.media/content/wowproductimages/large/001100.jpg",
      "cupPrice": "$1.22 / 100ml",
      "unit": "each",
      "packageSize": "150g",
      "barcode": ["9300666335005"],
      "isAvailable": true
    },
    {
      "id": "w370615-9314807024116",
      "store": "woolworths",
      "name": "Norsca Deodorant Aerosol Instant Adrenalin",
      "brand": "Norsca",
      "price": 3,
      "orgPrice": 6,
      "categoryIds": ["health-beauty"],
      "imagePath": "https://cdn0.woolworths.media/content/wowproductimages/large/370615.jpg",
      "cupPrice": "$1.22 / 100ml",
      "unit": "each",
      "packageSize": "150g",
      "barcode": ["9314807024116"],
      "isAvailable": true
    },
    {
      "id": "w21867-9324401005121",
      "store": "woolworths",
      "name": "Optislim Life Bar Caramel Crunch ",
      "brand": "Optislim",
      "price": 10,
      "orgPrice": 20,
      "categoryIds": ["health-beauty"],
      "imagePath": "https://cdn0.woolworths.media/content/wowproductimages/large/021867.jpg",
      "cupPrice": "$3.33 / 100g",
      "unit": "each",
      "packageSize": "5 pack",
      "barcode": ["9324401005121"],
      "isAvailable": true
    },
    {
      "id": "w870939-9324401005114",
      "store": "woolworths",
      "name": "Optislim Life Bar Chocolate Berry Crunch",
      "brand": "Optislim",
      "price": 10,
      "orgPrice": 20,
      "categoryIds": ["health-beauty"],
      "imagePath": "https://cdn0.woolworths.media/content/wowproductimages/large/870939.jpg",
      "cupPrice": "$3.33 / 100g",
      "unit": "each",
      "packageSize": "5 pack",
      "barcode": ["9324401005114"],
      "isAvailable": true
    },
    {
      "id": "w820434-6903148269916",
      "store": "woolworths",
      "name": "Oral-b Pro 100 3d White Polish Electric Toothbrush",
      "brand": "Oral-b",
      "price": 35,
      "orgPrice": 70,
      "categoryIds": ["health-beauty"],
      "imagePath": "https://cdn0.woolworths.media/content/wowproductimages/large/820434.jpg",
      "cupPrice": "$35.00 / 1ea",
      "unit": "each",
      "packageSize": "each",
      "barcode": ["6903148269916"],
      "isAvailable": true
    },
    {
      "id": "w820433-6903148269749",
      "store": "woolworths",
      "name": "Oral-b Pro 100 Crossaction Midnight Black Electric Toothbrush",
      "brand": "Oral-b",
      "price": 35,
      "orgPrice": 70,
      "categoryIds": ["health-beauty"],
      "imagePath": "https://cdn0.woolworths.media/content/wowproductimages/large/820433.jpg",
      "cupPrice": "$35.00 / 1ea",
      "unit": "each",
      "packageSize": "each",
      "barcode": ["6903148269749"],
      "isAvailable": true
    },
    {
      "id": "w80121-6903148269923",
      "store": "woolworths",
      "name": "Oral-b Pro 100 Floss Action Electric Toothbrush",
      "brand": "Oral-b",
      "price": 35,
      "orgPrice": 70,
      "categoryIds": ["health-beauty"],
      "imagePath": "https://cdn0.woolworths.media/content/wowproductimages/large/080121.jpg",
      "cupPrice": "$35.00 / 1ea",
      "unit": "each",
      "packageSize": "each",
      "barcode": ["6903148269923"],
      "isAvailable": true
    },
    {
      "id": "w83607-4902430484855",
      "store": "woolworths",
      "name": "Oral-b Pro 800 Electric Toothbrush ",
      "brand": "Oral-b",
      "price": 50,
      "orgPrice": 100,
      "categoryIds": ["health-beauty"],
      "imagePath": "https://cdn0.woolworths.media/content/wowproductimages/large/083607.jpg",
      "cupPrice": "$50.00 / 1ea",
      "unit": "each",
      "packageSize": "each",
      "barcode": ["4902430484855"],
      "isAvailable": true
    },
    {
      "id": "w210811-8850006532607",
      "store": "woolworths",
      "name": "Palmolive Aromatherapy Anti-stress Body Wash Ylang Ylang & Iris",
      "brand": "Palmolive",
      "price": 2.7,
      "orgPrice": 5.4,
      "categoryIds": ["health-beauty"],
      "imagePath": "https://cdn0.woolworths.media/content/wowproductimages/large/210811.jpg",
      "cupPrice": "$0.54 / 100ml",
      "unit": "each",
      "packageSize": "500ml",
      "barcode": ["8850006532607"],
      "isAvailable": true
    },
    {
      "id": "w839868-8850006493519",
      "store": "woolworths",
      "name": "Palmolive Men Deep Clean Soap Free Body Wash Exfoliating",
      "brand": "Palmolive",
      "price": 2.7,
      "orgPrice": 5.4,
      "categoryIds": ["health-beauty"],
      "imagePath": "https://cdn0.woolworths.media/content/wowproductimages/large/839868.jpg",
      "cupPrice": "$0.54 / 100ml",
      "unit": "each",
      "packageSize": "500ml",
      "barcode": ["8850006493519"],
      "isAvailable": true
    },
    {
      "id": "w182847-8850006531464",
      "store": "woolworths",
      "name": "Palmolive Naturals Hydrating Soap Free Body Wash Sea Minerals",
      "brand": "Palmolive",
      "price": 2.7,
      "orgPrice": 5.4,
      "categoryIds": ["health-beauty"],
      "imagePath": "https://cdn0.woolworths.media/content/wowproductimages/large/182847.jpg",
      "cupPrice": "$0.54 / 100ml",
      "unit": "each",
      "packageSize": "500ml",
      "barcode": ["8850006531464"],
      "isAvailable": true
    },
    {
      "id": "w163938-8850006531105",
      "store": "woolworths",
      "name": "Palmolive Naturals Rich Moisture Soap Free Body Wash Milk & Honey",
      "brand": "Palmolive",
      "price": 2.7,
      "orgPrice": 5.4,
      "categoryIds": ["health-beauty"],
      "imagePath": "https://cdn0.woolworths.media/content/wowproductimages/large/163938.jpg",
      "cupPrice": "$0.54 / 100ml",
      "unit": "each",
      "packageSize": "500ml",
      "barcode": ["8850006531105"],
      "isAvailable": true
    },
    {
      "id": "w251043-8850006533390",
      "store": "woolworths",
      "name": "Palmolive Naturals Ultra Moisture Body Wash Milk & Shea Butter",
      "brand": "Palmolive",
      "price": 2.7,
      "orgPrice": 5.4,
      "categoryIds": ["health-beauty"],
      "imagePath": "https://cdn0.woolworths.media/content/wowproductimages/large/251043.jpg",
      "cupPrice": "$0.54 / 100ml",
      "unit": "each",
      "packageSize": "500ml",
      "barcode": ["8850006533390"],
      "isAvailable": true
    },
    {
      "id": "w24780-8850006481271",
      "store": "woolworths",
      "name": "Palmolive Shower Gel Moroccan And Argan Oil",
      "brand": "Palmolive",
      "price": 2.7,
      "orgPrice": 5.4,
      "categoryIds": ["health-beauty"],
      "imagePath": "https://cdn0.woolworths.media/content/wowproductimages/large/024780.jpg",
      "cupPrice": "$0.54 / 100ml",
      "unit": "each",
      "packageSize": "500ml",
      "barcode": ["8850006481271"],
      "isAvailable": true
    },
    {
      "id": "w402198-888849000074",
      "store": "woolworths",
      "name": "Quest Bar Choc Chip Cookie Dough",
      "brand": "Quest",
      "price": 2,
      "orgPrice": 4,
      "categoryIds": ["health-beauty"],
      "imagePath": "https://cdn0.woolworths.media/content/wowproductimages/large/402198.jpg",
      "cupPrice": "$3.33 / 100g",
      "unit": "each",
      "packageSize": "60g",
      "barcode": ["888849000074"],
      "isAvailable": true
    },
    {
      "id": "w402270-888849000050",
      "store": "woolworths",
      "name": "Quest Bar Cookies & Cream",
      "brand": "Quest",
      "price": 2,
      "orgPrice": 4,
      "categoryIds": ["health-beauty"],
      "imagePath": "https://cdn0.woolworths.media/content/wowproductimages/large/402270.jpg",
      "cupPrice": "$3.33 / 100g",
      "unit": "each",
      "packageSize": "60g",
      "barcode": ["888849000050"],
      "isAvailable": true
    },
    {
      "id": "w700128-888849007295",
      "store": "woolworths",
      "name": "Quest Bar Birthday Cake ",
      "brand": "Quest",
      "price": 2,
      "orgPrice": 4,
      "categoryIds": ["health-beauty"],
      "imagePath": "https://cdn0.woolworths.media/content/wowproductimages/large/700128.jpg",
      "cupPrice": "$3.33 / 100g",
      "unit": "each",
      "packageSize": "60g",
      "barcode": ["888849007295"],
      "isAvailable": true
    },
    {
      "id": "w473741-888849000944",
      "store": "woolworths",
      "name": "Quest Protein Bar Choc Brownie",
      "brand": "Quest",
      "price": 2,
      "orgPrice": 4,
      "categoryIds": ["health-beauty"],
      "imagePath": "https://cdn0.woolworths.media/content/wowproductimages/large/473741.jpg",
      "cupPrice": "$3.33 / 100g",
      "unit": "each",
      "packageSize": "60g",
      "barcode": ["888849000944"],
      "isAvailable": true
    },
    {
      "id": "w406851-888849000357",
      "store": "woolworths",
      "name": "Quest Protein Bar Double Choc Chunk",
      "brand": "Quest",
      "price": 2,
      "orgPrice": 4,
      "categoryIds": ["health-beauty"],
      "imagePath": "https://cdn0.woolworths.media/content/wowproductimages/large/406851.jpg",
      "cupPrice": "$3.33 / 100g",
      "unit": "each",
      "packageSize": "60g",
      "barcode": ["888849000357"],
      "isAvailable": true
    },
    {
      "id": "w63541-9349338001664",
      "store": "woolworths",
      "name": "Rapid Loss Meal Replacement Shake - Chocolate",
      "brand": "Rapid Loss",
      "price": 19.75,
      "orgPrice": 39.5,
      "categoryIds": ["health-beauty"],
      "imagePath": "https://cdn0.woolworths.media/content/wowproductimages/large/063541.jpg",
      "cupPrice": "$2.67 / 100g",
      "unit": "each",
      "packageSize": "740g",
      "barcode": ["9349338001664"],
      "isAvailable": true
    },
    {
      "id": "w63697-9349338001701",
      "store": "woolworths",
      "name": "Rapid Loss Meal Replacement Shake - Strawberry",
      "brand": "Rapid Loss",
      "price": 19.75,
      "orgPrice": 39.5,
      "categoryIds": ["health-beauty"],
      "imagePath": "https://cdn0.woolworths.media/content/wowproductimages/large/063697.jpg",
      "cupPrice": "$2.67 / 100g",
      "unit": "each",
      "packageSize": "740g",
      "barcode": ["9349338001701"],
      "isAvailable": true
    },
    {
      "id": "w65687-9349338001671",
      "store": "woolworths",
      "name": "Rapid Loss Meal Replacement Shake - Vanilla",
      "brand": "Rapid Loss",
      "price": 19.75,
      "orgPrice": 39.5,
      "categoryIds": ["health-beauty"],
      "imagePath": "https://cdn0.woolworths.media/content/wowproductimages/large/065687.jpg",
      "cupPrice": "$2.67 / 100g",
      "unit": "each",
      "packageSize": "740g",
      "barcode": ["9349338001671"],
      "isAvailable": true
    },
    {
      "id": "w66073-9349338001688",
      "store": "woolworths",
      "name": "Rapid Loss Meal Replacement Shake - Latte ",
      "brand": "Rapid Loss",
      "price": 19.75,
      "orgPrice": 39.5,
      "categoryIds": ["health-beauty"],
      "imagePath": "https://cdn0.woolworths.media/content/wowproductimages/large/066073.jpg",
      "cupPrice": "$2.67 / 100g",
      "unit": "each",
      "packageSize": "740g",
      "barcode": ["9349338001688"],
      "isAvailable": true
    },
    {
      "id": "w6300-9314807018719",
      "store": "woolworths",
      "name": "Redwin Anti-perspirant Deodorant Aerosol Aluminium Free Sport",
      "brand": "Redwin",
      "price": 2.5,
      "orgPrice": 5,
      "categoryIds": ["health-beauty"],
      "imagePath": "https://cdn0.woolworths.media/content/wowproductimages/large/006300.jpg",
      "cupPrice": "$1.67 / 100ml",
      "unit": "each",
      "packageSize": "150ml",
      "barcode": ["9314807018719"],
      "isAvailable": true
    },
    {
      "id": "w815295-9370700310817",
      "store": "woolworths",
      "name": "Revlon Age Defying Firm & Lift Make Up Bare Buff",
      "brand": "Revlon",
      "price": 20,
      "orgPrice": 40,
      "categoryIds": ["health-beauty"],
      "imagePath": "https://cdn0.woolworths.media/content/wowproductimages/large/815295.jpg",
      "cupPrice": "$6.67 / 10ml",
      "unit": "each",
      "packageSize": "30ml",
      "barcode": ["9370700310817"],
      "isAvailable": true
    },
    {
      "id": "w815313-9370700310848",
      "store": "woolworths",
      "name": "Revlon Age Defying Firm & Lift Make Up Medium Beige",
      "brand": "Revlon",
      "price": 20,
      "orgPrice": 40,
      "categoryIds": ["health-beauty"],
      "imagePath": "https://cdn0.woolworths.media/content/wowproductimages/large/815313.jpg",
      "cupPrice": "$6.67 / 10ml",
      "unit": "each",
      "packageSize": "30ml",
      "barcode": ["9370700310848"],
      "isAvailable": true
    },
    {
      "id": "w815312-9370700310831",
      "store": "woolworths",
      "name": "Revlon Age Defying Firm & Lift Make Up Natural Beige",
      "brand": "Revlon",
      "price": 20,
      "orgPrice": 40,
      "categoryIds": ["health-beauty"],
      "imagePath": "https://cdn0.woolworths.media/content/wowproductimages/large/815312.jpg",
      "cupPrice": "$6.67 / 10ml",
      "unit": "each",
      "packageSize": "30ml",
      "barcode": ["9370700310831"],
      "isAvailable": true
    },
    {
      "id": "w815301-9370700310824",
      "store": "woolworths",
      "name": "Revlon Age Defying Firm & Lift Make Up Soft Beige",
      "brand": "Revlon",
      "price": 20,
      "orgPrice": 40,
      "categoryIds": ["health-beauty"],
      "imagePath": "https://cdn0.woolworths.media/content/wowproductimages/large/815301.jpg",
      "cupPrice": "$6.67 / 10ml",
      "unit": "each",
      "packageSize": "30ml",
      "barcode": ["9370700310824"],
      "isAvailable": true
    },
    {
      "id": "w815308-309977643020",
      "store": "woolworths",
      "name": "Revlon Color Stay Brow Pencil Soft Brown",
      "brand": "Revlon",
      "price": 11.5,
      "orgPrice": 23,
      "categoryIds": ["health-beauty"],
      "imagePath": "https://cdn0.woolworths.media/content/wowproductimages/large/815308.jpg",
      "cupPrice": "$328.57 / 10g",
      "unit": "each",
      "packageSize": "each",
      "barcode": ["309977643020"],
      "isAvailable": true
    },
    {
      "id": "w669248-309974209014",
      "store": "woolworths",
      "name": "Revlon Color Stay Liquid Eye Liner Blackest Black",
      "brand": "Revlon",
      "price": 13,
      "orgPrice": 26,
      "categoryIds": ["health-beauty"],
      "imagePath": "https://cdn0.woolworths.media/content/wowproductimages/large/669248.jpg",
      "cupPrice": "$52.00 / 10ml",
      "unit": "each",
      "packageSize": "2.5ml",
      "barcode": ["309974209014"],
      "isAvailable": true
    },
    {
      "id": "w668727-9370700293028",
      "store": "woolworths",
      "name": "Revlon Colorstay Skin Nude Foundation",
      "brand": "Revlon",
      "price": 17.5,
      "orgPrice": 35,
      "categoryIds": ["health-beauty"],
      "imagePath": "https://cdn0.woolworths.media/content/wowproductimages/large/668727.jpg",
      "cupPrice": "$5.83 / 10ml",
      "unit": "each",
      "packageSize": "30ml",
      "barcode": ["9370700293028"],
      "isAvailable": true
    },
    {
      "id": "w668712-9370700293011",
      "store": "woolworths",
      "name": "Revlon Colorstay True Beige Foundation",
      "brand": "Revlon",
      "price": 17.5,
      "orgPrice": 35,
      "categoryIds": ["health-beauty"],
      "imagePath": "https://cdn0.woolworths.media/content/wowproductimages/large/668712.jpg",
      "cupPrice": "$5.83 / 10ml",
      "unit": "each",
      "packageSize": "30ml",
      "barcode": ["9370700293011"],
      "isAvailable": true
    },
    {
      "id": "w669234-9370700293233",
      "store": "woolworths",
      "name": "Revlon Colorstay 16hr Eyeshadow Addictive",
      "brand": "Revlon",
      "price": 12.5,
      "orgPrice": 25,
      "categoryIds": ["health-beauty"],
      "imagePath": "https://cdn0.woolworths.media/content/wowproductimages/large/669234.jpg",
      "cupPrice": "$26.04 / 10g",
      "unit": "each",
      "packageSize": "4.8g",
      "barcode": ["9370700293233"],
      "isAvailable": true
    },
    {
      "id": "w669229-9370700293325",
      "store": "woolworths",
      "name": "Revlon Colorstay 16hr Eyeshadow Decadent",
      "brand": "Revlon",
      "price": 12.5,
      "orgPrice": 25,
      "categoryIds": ["health-beauty"],
      "imagePath": "https://cdn0.woolworths.media/content/wowproductimages/large/669229.jpg",
      "cupPrice": "$26.04 / 10g",
      "unit": "each",
      "packageSize": "4.8g",
      "barcode": ["9370700293325"],
      "isAvailable": true
    },
    {
      "id": "w669223-309977643044",
      "store": "woolworths",
      "name": "Revlon Colorstay Brow Makeup Pencil Dark Brown",
      "brand": "Revlon",
      "price": 11.5,
      "orgPrice": 23,
      "categoryIds": ["health-beauty"],
      "imagePath": "https://cdn0.woolworths.media/content/wowproductimages/large/669223.jpg",
      "cupPrice": "$328.57 / 10g",
      "unit": "each",
      "packageSize": "0.35g",
      "barcode": ["309977643044"],
      "isAvailable": true
    },
    {
      "id": "w668692-9370700293431",
      "store": "woolworths",
      "name": "Revlon Colorstay Buff Foundation For Combination & Oily Skin",
      "brand": "Revlon",
      "price": 17.5,
      "orgPrice": 35,
      "categoryIds": ["health-beauty"],
      "imagePath": "https://cdn0.woolworths.media/content/wowproductimages/large/668692.jpg",
      "cupPrice": "$5.83 / 10ml",
      "unit": "each",
      "packageSize": "30ml",
      "barcode": ["9370700293431"],
      "isAvailable": true
    },
    {
      "id": "w668731-9370700293080",
      "store": "woolworths",
      "name": "Revlon Colorstay Concealer Light",
      "brand": "Revlon",
      "price": 13.5,
      "orgPrice": 27,
      "categoryIds": ["health-beauty"],
      "imagePath": "https://cdn0.woolworths.media/content/wowproductimages/large/668731.jpg",
      "cupPrice": "$21.77 / 10ml",
      "unit": "each",
      "packageSize": "6.2ml",
      "barcode": ["9370700293080"],
      "isAvailable": true
    },
    {
      "id": "w668749-9370700293097",
      "store": "woolworths",
      "name": "Revlon Colorstay Concealer Light Medium",
      "brand": "Revlon",
      "price": 13.5,
      "orgPrice": 27,
      "categoryIds": ["health-beauty"],
      "imagePath": "https://cdn0.woolworths.media/content/wowproductimages/large/668749.jpg",
      "cupPrice": "$21.77 / 10ml",
      "unit": "each",
      "packageSize": "6.2ml",
      "barcode": ["9370700293097"],
      "isAvailable": true
    },
    {
      "id": "w669242-309973978010",
      "store": "woolworths",
      "name": "Revlon Colorstay Eye Liner Black",
      "brand": "Revlon",
      "price": 12,
      "orgPrice": 24,
      "categoryIds": ["health-beauty"],
      "imagePath": "https://cdn0.woolworths.media/content/wowproductimages/large/669242.jpg",
      "cupPrice": "$428.57 / 10g",
      "unit": "each",
      "packageSize": "0.28g",
      "barcode": ["309973978010"],
      "isAvailable": true
    },
    {
      "id": "w669254-309973978027",
      "store": "woolworths",
      "name": "Revlon Colorstay Eye Liner Black Brown",
      "brand": "Revlon",
      "price": 12,
      "orgPrice": 24,
      "categoryIds": ["health-beauty"],
      "imagePath": "https://cdn0.woolworths.media/content/wowproductimages/large/669254.jpg",
      "cupPrice": "$428.57 / 10g",
      "unit": "each",
      "packageSize": "0.28g",
      "barcode": ["309973978027"],
      "isAvailable": true
    },
    {
      "id": "w669255-309973978041",
      "store": "woolworths",
      "name": "Revlon Colorstay Eye Liner Charcoal",
      "brand": "Revlon",
      "price": 12,
      "orgPrice": 24,
      "categoryIds": ["health-beauty"],
      "imagePath": "https://cdn0.woolworths.media/content/wowproductimages/large/669255.jpg",
      "cupPrice": "$428.57 / 10g",
      "unit": "each",
      "packageSize": "0.28g",
      "barcode": ["309973978041"],
      "isAvailable": true
    },
    {
      "id": "w76842-309977643068",
      "store": "woolworths",
      "name": "Revlon Colorstay Eyebrow Liner Soft Blonde",
      "brand": "Revlon",
      "price": 11.5,
      "orgPrice": 23,
      "categoryIds": ["health-beauty"],
      "imagePath": "https://cdn0.woolworths.media/content/wowproductimages/large/076842.jpg",
      "cupPrice": "$32.86 / 1g",
      "unit": "each",
      "packageSize": "each",
      "barcode": ["309977643068"],
      "isAvailable": true
    },
    {
      "id": "w668724-9370700293479",
      "store": "woolworths",
      "name": "Revlon Colorstay For Normal & Dry Skin Ivory Foundation",
      "brand": "Revlon",
      "price": 17.5,
      "orgPrice": 35,
      "categoryIds": ["health-beauty"],
      "imagePath": "https://cdn0.woolworths.media/content/wowproductimages/large/668724.jpg",
      "cupPrice": "$5.83 / 10ml",
      "unit": "each",
      "packageSize": "30ml",
      "barcode": ["9370700293479"],
      "isAvailable": true
    },
    {
      "id": "w668717-9370700293486",
      "store": "woolworths",
      "name": "Revlon Colorstay For Normal & Dry Skin Buff Foundation",
      "brand": "Revlon",
      "price": 17.5,
      "orgPrice": 35,
      "categoryIds": ["health-beauty"],
      "imagePath": "https://cdn0.woolworths.media/content/wowproductimages/large/668717.jpg",
      "cupPrice": "$5.83 / 10ml",
      "unit": "each",
      "packageSize": "30ml",
      "barcode": ["9370700293486"],
      "isAvailable": true
    },
    {
      "id": "w668741-9370700293073",
      "store": "woolworths",
      "name": "Revlon Colorstay For Normal & Dry Skin Fresh Beige Foundation",
      "brand": "Revlon",
      "price": 17.5,
      "orgPrice": 35,
      "categoryIds": ["health-beauty"],
      "imagePath": "https://cdn0.woolworths.media/content/wowproductimages/large/668741.jpg",
      "cupPrice": "$5.83 / 10ml",
      "unit": "each",
      "packageSize": "30ml",
      "barcode": ["9370700293073"],
      "isAvailable": true
    },
    {
      "id": "w668729-9370700293059",
      "store": "woolworths",
      "name": "Revlon Colorstay For Normal & Dry Skin Medium Beige Foundation",
      "brand": "Revlon",
      "price": 17.5,
      "orgPrice": 35,
      "categoryIds": ["health-beauty"],
      "imagePath": "https://cdn0.woolworths.media/content/wowproductimages/large/668729.jpg",
      "cupPrice": "$5.83 / 10ml",
      "unit": "each",
      "packageSize": "30ml",
      "barcode": ["9370700293059"],
      "isAvailable": true
    },
    {
      "id": "w668728-9370700293042",
      "store": "woolworths",
      "name": "Revlon Colorstay For Normal & Dry Skin Natural Beige Foundation",
      "brand": "Revlon",
      "price": 17.5,
      "orgPrice": 35,
      "categoryIds": ["health-beauty"],
      "imagePath": "https://cdn0.woolworths.media/content/wowproductimages/large/668728.jpg",
      "cupPrice": "$5.83 / 10ml",
      "unit": "each",
      "packageSize": "30ml",
      "barcode": ["9370700293042"],
      "isAvailable": true
    },
    {
      "id": "w668730-9370700293035",
      "store": "woolworths",
      "name": "Revlon Colorstay For Normal & Dry Skin Sand Beige Foundation",
      "brand": "Revlon",
      "price": 17.5,
      "orgPrice": 35,
      "categoryIds": ["health-beauty"],
      "imagePath": "https://cdn0.woolworths.media/content/wowproductimages/large/668730.jpg",
      "cupPrice": "$5.83 / 10ml",
      "unit": "each",
      "packageSize": "each",
      "barcode": ["9370700293035"],
      "isAvailable": true
    },
    {
      "id": "w668698-9370700293004",
      "store": "woolworths",
      "name": "Revlon Colorstay Fresh Beige Foundation",
      "brand": "Revlon",
      "price": 17.5,
      "orgPrice": 35,
      "categoryIds": ["health-beauty"],
      "imagePath": "https://cdn0.woolworths.media/content/wowproductimages/large/668698.jpg",
      "cupPrice": "$5.83 / 10ml",
      "unit": "each",
      "packageSize": "30ml",
      "barcode": ["9370700293004"],
      "isAvailable": true
    },
    {
      "id": "w668680-9370700292977",
      "store": "woolworths",
      "name": "Revlon Colorstay Ivory Foundation For Combination & Oily Skin",
      "brand": "Revlon",
      "price": 17.5,
      "orgPrice": 35,
      "categoryIds": ["health-beauty"],
      "imagePath": "https://cdn0.woolworths.media/content/wowproductimages/large/668680.jpg",
      "cupPrice": "$5.83 / 10ml",
      "unit": "each",
      "packageSize": "30ml",
      "barcode": ["9370700292977"],
      "isAvailable": true
    },
    {
      "id": "w669208-9370700301369",
      "store": "woolworths",
      "name": "Revlon Colorstay Lipliner Blush",
      "brand": "Revlon",
      "price": 11.5,
      "orgPrice": 23,
      "categoryIds": ["health-beauty"],
      "imagePath": "https://cdn0.woolworths.media/content/wowproductimages/large/669208.jpg",
      "cupPrice": "$410.71 / 10g",
      "unit": "each",
      "packageSize": "0.28g",
      "barcode": ["9370700301369"],
      "isAvailable": true
    },
    {
      "id": "w669209-9370700301352",
      "store": "woolworths",
      "name": "Revlon Colorstay Lipliner Nude",
      "brand": "Revlon",
      "price": 11.5,
      "orgPrice": 23,
      "categoryIds": ["health-beauty"],
      "imagePath": "https://cdn0.woolworths.media/content/wowproductimages/large/669209.jpg",
      "cupPrice": "$410.71 / 10g",
      "unit": "each",
      "packageSize": "0.28g",
      "barcode": ["9370700301352"],
      "isAvailable": true
    },
    {
      "id": "w669231-9370700021939",
      "store": "woolworths",
      "name": "Revlon Colorstay Lipliner Red",
      "brand": "Revlon",
      "price": 11.5,
      "orgPrice": 23,
      "categoryIds": ["health-beauty"],
      "imagePath": "https://cdn0.woolworths.media/content/wowproductimages/large/669231.jpg",
      "cupPrice": "$410.71 / 10g",
      "unit": "each",
      "packageSize": "0.28g",
      "barcode": ["9370700021939"],
      "isAvailable": true
    },
    {
      "id": "w675771-309974172196",
      "store": "woolworths",
      "name": "Revlon Colorstay Lipliner Mauve Lipliner Mauve",
      "brand": "Revlon",
      "price": 11.5,
      "orgPrice": 23,
      "categoryIds": ["health-beauty"],
      "imagePath": "https://cdn0.woolworths.media/content/wowproductimages/large/675771.jpg",
      "cupPrice": null,
      "unit": "each",
      "packageSize": "0.28g",
      "barcode": ["309974172196"],
      "isAvailable": true
    },
    {
      "id": "w15853-9370700011905",
      "store": "woolworths",
      "name": "Revlon Colorstay Look Book Palette Maverick",
      "brand": "Revlon",
      "price": 10,
      "orgPrice": 20,
      "categoryIds": ["health-beauty"],
      "imagePath": "https://cdn0.woolworths.media/content/wowproductimages/large/015853.jpg",
      "cupPrice": "$27.78 / 10g",
      "unit": "each",
      "packageSize": "3.6g",
      "barcode": ["9370700011905"],
      "isAvailable": true
    },
    {
      "id": "w15868-9370700011912",
      "store": "woolworths",
      "name": "Revlon Colorstay Look Book Palette Original",
      "brand": "Revlon",
      "price": 10,
      "orgPrice": 20,
      "categoryIds": ["health-beauty"],
      "imagePath": "https://cdn0.woolworths.media/content/wowproductimages/large/015868.jpg",
      "cupPrice": "$27.78 / 10g",
      "unit": "each",
      "packageSize": "3.6g",
      "barcode": ["9370700011912"],
      "isAvailable": true
    },
    {
      "id": "w668696-9370700292991",
      "store": "woolworths",
      "name": "Revlon Colorstay Medium Beige Foundation",
      "brand": "Revlon",
      "price": 17.5,
      "orgPrice": 35,
      "categoryIds": ["health-beauty"],
      "imagePath": "https://cdn0.woolworths.media/content/wowproductimages/large/668696.jpg",
      "cupPrice": "$5.83 / 10ml",
      "unit": "each",
      "packageSize": "30ml",
      "barcode": ["9370700292991"],
      "isAvailable": true
    },
    {
      "id": "w668695-9370700292984",
      "store": "woolworths",
      "name": "Revlon Colorstay Natural Beige Foundation",
      "brand": "Revlon",
      "price": 17.5,
      "orgPrice": 35,
      "categoryIds": ["health-beauty"],
      "imagePath": "https://cdn0.woolworths.media/content/wowproductimages/large/668695.jpg",
      "cupPrice": "$5.83 / 10ml",
      "unit": "each",
      "packageSize": "30ml",
      "barcode": ["9370700292984"],
      "isAvailable": true
    },
    {
      "id": "w668681-9370700293448",
      "store": "woolworths",
      "name": "Revlon Colorstay Nude Foundation For Combination & Oily Skin",
      "brand": "Revlon",
      "price": 17.5,
      "orgPrice": 35,
      "categoryIds": ["health-beauty"],
      "imagePath": "https://cdn0.woolworths.media/content/wowproductimages/large/668681.jpg",
      "cupPrice": "$5.83 / 10ml",
      "unit": "each",
      "packageSize": "30ml",
      "barcode": ["9370700293448"],
      "isAvailable": true
    },
    {
      "id": "w669220-309975424027",
      "store": "woolworths",
      "name": "Revlon Colorstay Pressed Powder Light",
      "brand": "Revlon",
      "price": 17.5,
      "orgPrice": 35,
      "categoryIds": ["health-beauty"],
      "imagePath": "https://cdn0.woolworths.media/content/wowproductimages/large/669220.jpg",
      "cupPrice": "$20.83 / 10g",
      "unit": "each",
      "packageSize": "8.4g",
      "barcode": ["309975424027"],
      "isAvailable": true
    },
    {
      "id": "w669221-309975424034",
      "store": "woolworths",
      "name": "Revlon Colorstay Pressed Powder Light Medium",
      "brand": "Revlon",
      "price": 17.5,
      "orgPrice": 35,
      "categoryIds": ["health-beauty"],
      "imagePath": "https://cdn0.woolworths.media/content/wowproductimages/large/669221.jpg",
      "cupPrice": "$20.83 / 10g",
      "unit": "each",
      "packageSize": "8.4g",
      "barcode": ["309975424034"],
      "isAvailable": true
    },
    {
      "id": "w669232-309975424041",
      "store": "woolworths",
      "name": "Revlon Colorstay Pressed Powder Medium",
      "brand": "Revlon",
      "price": 17.5,
      "orgPrice": 35,
      "categoryIds": ["health-beauty"],
      "imagePath": "https://cdn0.woolworths.media/content/wowproductimages/large/669232.jpg",
      "cupPrice": "$20.83 / 10g",
      "unit": "each",
      "packageSize": "8.4g",
      "barcode": ["309975424041"],
      "isAvailable": true
    },
    {
      "id": "w668694-9370700293455",
      "store": "woolworths",
      "name": "Revlon Colorstay Sand Beige Foundation",
      "brand": "Revlon",
      "price": 17.5,
      "orgPrice": 35,
      "categoryIds": ["health-beauty"],
      "imagePath": "https://cdn0.woolworths.media/content/wowproductimages/large/668694.jpg",
      "cupPrice": "$5.83 / 10ml",
      "unit": "each",
      "packageSize": "30ml",
      "barcode": ["9370700293455"],
      "isAvailable": true
    },
    {
      "id": "w15738-9370700011615",
      "store": "woolworths",
      "name": "Revlon Colorstay Ultimate Suede Fashion",
      "brand": "Revlon",
      "price": 13.5,
      "orgPrice": 27,
      "categoryIds": ["health-beauty"],
      "imagePath": "https://cdn0.woolworths.media/content/wowproductimages/large/015738.jpg",
      "cupPrice": "$52.94 / 10g",
      "unit": "each",
      "packageSize": "2.55g",
      "barcode": ["9370700011615"],
      "isAvailable": true
    },
    {
      "id": "w15707-9370700011578",
      "store": "woolworths",
      "name": "Revlon Colorstay Ultimate Suede Iconic",
      "brand": "Revlon",
      "price": 13.5,
      "orgPrice": 27,
      "categoryIds": ["health-beauty"],
      "imagePath": "https://cdn0.woolworths.media/content/wowproductimages/large/015707.jpg",
      "cupPrice": "$52.94 / 10g",
      "unit": "each",
      "packageSize": "2.55g",
      "barcode": ["9370700011578"],
      "isAvailable": true
    },
    {
      "id": "w15732-9370700011585",
      "store": "woolworths",
      "name": "Revlon Colorstay Ultimate Suede Preview",
      "brand": "Revlon",
      "price": 13.5,
      "orgPrice": 27,
      "categoryIds": ["health-beauty"],
      "imagePath": "https://cdn0.woolworths.media/content/wowproductimages/large/015732.jpg",
      "cupPrice": "$52.94 / 10g",
      "unit": "each",
      "packageSize": "2.55g",
      "barcode": ["9370700011585"],
      "isAvailable": true
    },
    {
      "id": "w15630-9370700011592",
      "store": "woolworths",
      "name": "Revlon Colorstay Ultimate Suede Supermodel",
      "brand": "Revlon",
      "price": 13.5,
      "orgPrice": 27,
      "categoryIds": ["health-beauty"],
      "imagePath": "https://cdn0.woolworths.media/content/wowproductimages/large/015630.jpg",
      "cupPrice": "$52.94 / 10g",
      "unit": "each",
      "packageSize": "2.55g",
      "barcode": ["9370700011592"],
      "isAvailable": true
    },
    {
      "id": "w76844-9370700023687",
      "store": "woolworths",
      "name": "Revlon Kiss Glow Lip Oil Beige ",
      "brand": "Revlon",
      "price": 10,
      "orgPrice": 20,
      "categoryIds": ["health-beauty"],
      "imagePath": "https://cdn0.woolworths.media/content/wowproductimages/large/076844.jpg",
      "cupPrice": "$16.67 / 10ml",
      "unit": "each",
      "packageSize": "6ml",
      "barcode": ["9370700023687"],
      "isAvailable": true
    },
    {
      "id": "w76843-9370700023670",
      "store": "woolworths",
      "name": "Revlon Kiss Glow Lip Oil Berry ",
      "brand": "Revlon",
      "price": 10,
      "orgPrice": 20,
      "categoryIds": ["health-beauty"],
      "imagePath": "https://cdn0.woolworths.media/content/wowproductimages/large/076843.jpg",
      "cupPrice": "$16.67 / 10ml",
      "unit": "each",
      "packageSize": "6ml",
      "barcode": ["9370700023670"],
      "isAvailable": true
    },
    {
      "id": "w548422-309971879302",
      "store": "woolworths",
      "name": "Revlon Kiss Lip Balm Crisp Apple",
      "brand": "Revlon",
      "price": 4,
      "orgPrice": 8,
      "categoryIds": ["health-beauty"],
      "imagePath": "https://cdn0.woolworths.media/content/wowproductimages/large/548422.jpg",
      "cupPrice": "$15.38 / 10g",
      "unit": "each",
      "packageSize": "2.6g",
      "barcode": ["309971879302"],
      "isAvailable": true
    },
    {
      "id": "w548420-309971879203",
      "store": "woolworths",
      "name": "Revlon Kiss Lip Balm Fresh Strawberry",
      "brand": "Revlon",
      "price": 4,
      "orgPrice": 8,
      "categoryIds": ["health-beauty"],
      "imagePath": "https://cdn0.woolworths.media/content/wowproductimages/large/548420.jpg",
      "cupPrice": "$15.38 / 10g",
      "unit": "each",
      "packageSize": "2.6g",
      "barcode": ["309971879203"],
      "isAvailable": true
    },
    {
      "id": "w548418-309971879104",
      "store": "woolworths",
      "name": "Revlon Kiss Lip Balm Tropical Coconut",
      "brand": "Revlon",
      "price": 4,
      "orgPrice": 8,
      "categoryIds": ["health-beauty"],
      "imagePath": "https://cdn0.woolworths.media/content/wowproductimages/large/548418.jpg",
      "cupPrice": "$15.38 / 10g",
      "unit": "each",
      "packageSize": "2.6g",
      "barcode": ["309971879104"],
      "isAvailable": true
    },
    {
      "id": "w672023-309979824014",
      "store": "woolworths",
      "name": "Revlon Mega Multiplier Mascara Blackest Black",
      "brand": "Revlon",
      "price": 12,
      "orgPrice": 24,
      "categoryIds": ["health-beauty"],
      "imagePath": "https://cdn0.woolworths.media/content/wowproductimages/large/672023.jpg",
      "cupPrice": "$14.12 / 10ml",
      "unit": "each",
      "packageSize": "8.5ml",
      "barcode": ["309979824014"],
      "isAvailable": true
    },
    {
      "id": "w710897-9370700311067",
      "store": "woolworths",
      "name": "Revlon Mineral Powder Make Up Light/medium",
      "brand": "Revlon",
      "price": 15,
      "orgPrice": 30,
      "categoryIds": ["health-beauty"],
      "imagePath": "https://cdn0.woolworths.media/content/wowproductimages/large/710897.jpg",
      "cupPrice": "$5.30 / 10g",
      "unit": "each",
      "packageSize": "28.3g",
      "barcode": ["9370700311067"],
      "isAvailable": true
    },
    {
      "id": "w710910-9370700310862",
      "store": "woolworths",
      "name": "Revlon Mineral Powder Make Up Medium",
      "brand": "Revlon",
      "price": 15,
      "orgPrice": 30,
      "categoryIds": ["health-beauty"],
      "imagePath": "https://cdn0.woolworths.media/content/wowproductimages/large/710910.jpg",
      "cupPrice": "$5.30 / 10g",
      "unit": "each",
      "packageSize": "28.3g",
      "barcode": ["9370700310862"],
      "isAvailable": true
    },
    {
      "id": "w669236-9370700293301",
      "store": "woolworths",
      "name": "Revlon Photo Ready Makeup Primer Shadow + Sparkle Metropolitan",
      "brand": "Revlon",
      "price": 13,
      "orgPrice": 26,
      "categoryIds": ["health-beauty"],
      "imagePath": "https://cdn0.woolworths.media/content/wowproductimages/large/669236.jpg",
      "cupPrice": "$46.43 / 10g",
      "unit": "each",
      "packageSize": "2.8g",
      "barcode": ["9370700293301"],
      "isAvailable": true
    },
    {
      "id": "w15832-9370700011820",
      "store": "woolworths",
      "name": "Revlon Photoready Candid Concealer Banana",
      "brand": "Revlon",
      "price": 10,
      "orgPrice": 20,
      "categoryIds": ["health-beauty"],
      "imagePath": "https://cdn0.woolworths.media/content/wowproductimages/large/015832.jpg",
      "cupPrice": "$10.00 / 10ml",
      "unit": "each",
      "packageSize": "10ml",
      "barcode": ["9370700011820"],
      "isAvailable": true
    },
    {
      "id": "w15837-9370700011837",
      "store": "woolworths",
      "name": "Revlon Photoready Candid Concealer Creme Brule",
      "brand": "Revlon",
      "price": 10,
      "orgPrice": 20,
      "categoryIds": ["health-beauty"],
      "imagePath": "https://cdn0.woolworths.media/content/wowproductimages/large/015837.jpg",
      "cupPrice": "$10.00 / 10ml",
      "unit": "each",
      "packageSize": "10ml",
      "barcode": ["9370700011837"],
      "isAvailable": true
    },
    {
      "id": "w15818-9370700011790",
      "store": "woolworths",
      "name": "Revlon Photoready Candid Foundation Buff",
      "brand": "Revlon",
      "price": 12.5,
      "orgPrice": 25,
      "categoryIds": ["health-beauty"],
      "imagePath": "https://cdn0.woolworths.media/content/wowproductimages/large/015818.jpg",
      "cupPrice": "$5.68 / 10ml",
      "unit": "each",
      "packageSize": "22ml",
      "barcode": ["9370700011790"],
      "isAvailable": true
    },
    {
      "id": "w18180-9370700014616",
      "store": "woolworths",
      "name": "Revlon Photoready Candid Foundation Butter Scotch",
      "brand": "Revlon",
      "price": 12.5,
      "orgPrice": 25,
      "categoryIds": ["health-beauty"],
      "imagePath": "https://cdn0.woolworths.media/content/wowproductimages/large/018180.jpg",
      "cupPrice": "$5.68 / 10ml",
      "unit": "each",
      "packageSize": "22ml",
      "barcode": ["9370700014616"],
      "isAvailable": true
    },
    {
      "id": "w15825-9370700011646",
      "store": "woolworths",
      "name": "Revlon Photoready Candid Foundation Light Honey",
      "brand": "Revlon",
      "price": 12.5,
      "orgPrice": 25,
      "categoryIds": ["health-beauty"],
      "imagePath": "https://cdn0.woolworths.media/content/wowproductimages/large/015825.jpg",
      "cupPrice": "$5.68 / 10ml",
      "unit": "each",
      "packageSize": "22ml",
      "barcode": ["9370700011646"],
      "isAvailable": true
    },
    {
      "id": "w15821-9370700011806",
      "store": "woolworths",
      "name": "Revlon Photoready Candid Foundation Medium Beige",
      "brand": "Revlon",
      "price": 12.5,
      "orgPrice": 25,
      "categoryIds": ["health-beauty"],
      "imagePath": "https://cdn0.woolworths.media/content/wowproductimages/large/015821.jpg",
      "cupPrice": "$5.68 / 10ml",
      "unit": "each",
      "packageSize": "22ml",
      "barcode": ["9370700011806"],
      "isAvailable": true
    },
    {
      "id": "w15813-9370700011660",
      "store": "woolworths",
      "name": "Revlon Photoready Candid Foundation Sand Beige",
      "brand": "Revlon",
      "price": 12.5,
      "orgPrice": 25,
      "categoryIds": ["health-beauty"],
      "imagePath": "https://cdn0.woolworths.media/content/wowproductimages/large/015813.jpg",
      "cupPrice": "$5.68 / 10ml",
      "unit": "each",
      "packageSize": "22ml",
      "barcode": ["9370700011660"],
      "isAvailable": true
    },
    {
      "id": "w669272-9370700293165",
      "store": "woolworths",
      "name": "Revlon Photoready Concealer Light",
      "brand": "Revlon",
      "price": 12.5,
      "orgPrice": 25,
      "categoryIds": ["health-beauty"],
      "imagePath": "https://cdn0.woolworths.media/content/wowproductimages/large/669272.jpg",
      "cupPrice": "$39.06 / 10g",
      "unit": "each",
      "packageSize": "3.2g",
      "barcode": ["9370700293165"],
      "isAvailable": true
    },
    {
      "id": "w669274-9370700293172",
      "store": "woolworths",
      "name": "Revlon Photoready Concealer 003 Medium Deep",
      "brand": "Revlon",
      "price": 12.5,
      "orgPrice": 25,
      "categoryIds": ["health-beauty"],
      "imagePath": "https://cdn0.woolworths.media/content/wowproductimages/large/669274.jpg",
      "cupPrice": "$39.06 / 10g",
      "unit": "each",
      "packageSize": "3.2g",
      "barcode": ["9370700293172"],
      "isAvailable": true
    },
    {
      "id": "w669251-9370700293318",
      "store": "woolworths",
      "name": "Revlon Photoready Makeup Primer Shadow + Sparkle Impressionist",
      "brand": "Revlon",
      "price": 13,
      "orgPrice": 26,
      "categoryIds": ["health-beauty"],
      "imagePath": "https://cdn0.woolworths.media/content/wowproductimages/large/669251.jpg",
      "cupPrice": "$46.43 / 10g",
      "unit": "each",
      "packageSize": "2.8g",
      "barcode": ["9370700293318"],
      "isAvailable": true
    },
    {
      "id": "w669233-9370700293516",
      "store": "woolworths",
      "name": "Revlon Photoready Perfecting Makeup Primer",
      "brand": "Revlon",
      "price": 15,
      "orgPrice": 30,
      "categoryIds": ["health-beauty"],
      "imagePath": "https://cdn0.woolworths.media/content/wowproductimages/large/669233.jpg",
      "cupPrice": "$5.56 / 10ml",
      "unit": "each",
      "packageSize": "27ml",
      "barcode": ["9370700293516"],
      "isAvailable": true
    },
    {
      "id": "w669275-9370700293189",
      "store": "woolworths",
      "name": "Revlon Photoready Powder Light Medium",
      "brand": "Revlon",
      "price": 18.5,
      "orgPrice": 37,
      "categoryIds": ["health-beauty"],
      "imagePath": "https://cdn0.woolworths.media/content/wowproductimages/large/669275.jpg",
      "cupPrice": "$26.06 / 10g",
      "unit": "each",
      "packageSize": "7.1g",
      "barcode": ["9370700293189"],
      "isAvailable": true
    },
    {
      "id": "w668760-9370700293103",
      "store": "woolworths",
      "name": "Revlon Powder Blush Naughty Nude",
      "brand": "Revlon",
      "price": 13.5,
      "orgPrice": 27,
      "categoryIds": ["health-beauty"],
      "imagePath": "https://cdn0.woolworths.media/content/wowproductimages/large/668760.jpg",
      "cupPrice": "$27.00 / 10g",
      "unit": "each",
      "packageSize": "5.0g",
      "barcode": ["9370700293103"],
      "isAvailable": true
    },
    {
      "id": "w668734-9370700293110",
      "store": "woolworths",
      "name": "Revlon Powder Blush Oh Baby Pink",
      "brand": "Revlon",
      "price": 13.5,
      "orgPrice": 27,
      "categoryIds": ["health-beauty"],
      "imagePath": "https://cdn0.woolworths.media/content/wowproductimages/large/668734.jpg",
      "cupPrice": "$27.00 / 10g",
      "unit": "each",
      "packageSize": "5.0g",
      "barcode": ["9370700293110"],
      "isAvailable": true
    },
    {
      "id": "w15849-9370700011875",
      "store": "woolworths",
      "name": "Revlon Powder Bronzer Cannes Tan ",
      "brand": "Revlon",
      "price": 12.5,
      "orgPrice": 25,
      "categoryIds": ["health-beauty"],
      "imagePath": "https://cdn0.woolworths.media/content/wowproductimages/large/015849.jpg",
      "cupPrice": "$18.12 / 10g",
      "unit": "each",
      "packageSize": "6.9g",
      "barcode": ["9370700011875"],
      "isAvailable": true
    },
    {
      "id": "w75789-9370700012391",
      "store": "woolworths",
      "name": "Revlon Prime Plus Mattifying+pore Reducing",
      "brand": "Revlon",
      "price": 15,
      "orgPrice": 30,
      "categoryIds": ["health-beauty"],
      "imagePath": "https://cdn0.woolworths.media/content/wowproductimages/large/075789.jpg",
      "cupPrice": "$5.00 / 10ml",
      "unit": "each",
      "packageSize": "30ml",
      "barcode": ["9370700012391"],
      "isAvailable": true
    },
    {
      "id": "w75788-9370700012384",
      "store": "woolworths",
      "name": "Revlon Skinlights Day Break Glimmer Highlighter",
      "brand": "Revlon",
      "price": 12.5,
      "orgPrice": 25,
      "categoryIds": ["health-beauty"],
      "imagePath": "https://cdn0.woolworths.media/content/wowproductimages/large/075788.jpg",
      "cupPrice": "$15.63 / 10g",
      "unit": "each",
      "packageSize": "8g",
      "barcode": ["9370700012384"],
      "isAvailable": true
    },
    {
      "id": "w60779-309977549018",
      "store": "woolworths",
      "name": "Revlon So Fierce Mascara ",
      "brand": "Revlon",
      "price": 11,
      "orgPrice": 22,
      "categoryIds": ["health-beauty"],
      "imagePath": "https://cdn0.woolworths.media/content/wowproductimages/large/060779.jpg",
      "cupPrice": "$14.67 / 10ml",
      "unit": "each",
      "packageSize": "7.5ml",
      "barcode": ["309977549018"],
      "isAvailable": true
    },
    {
      "id": "w75790-309970034757",
      "store": "woolworths",
      "name": "Revlon So Fierce! Vinyl Eyeliner Midnight",
      "brand": "Revlon",
      "price": 12,
      "orgPrice": 24,
      "categoryIds": ["health-beauty"],
      "imagePath": "https://cdn0.woolworths.media/content/wowproductimages/large/075790.jpg",
      "cupPrice": "$50.00 / 5g",
      "unit": "each",
      "packageSize": "1.2g",
      "barcode": ["309970034757"],
      "isAvailable": true
    },
    {
      "id": "w815311-9370700003283",
      "store": "woolworths",
      "name": "Revlon Super Lustrous Lipstick Blushed",
      "brand": "Revlon",
      "price": 12.5,
      "orgPrice": 25,
      "categoryIds": ["health-beauty"],
      "imagePath": "https://cdn0.woolworths.media/content/wowproductimages/large/815311.jpg",
      "cupPrice": "$29.76 / 10g",
      "unit": "each",
      "packageSize": "each",
      "barcode": ["9370700003283"],
      "isAvailable": true
    },
    {
      "id": "w815303-9370700003641",
      "store": "woolworths",
      "name": "Revlon Super Lustrous Lipstick Rum Raisin",
      "brand": "Revlon",
      "price": 12.5,
      "orgPrice": 25,
      "categoryIds": ["health-beauty"],
      "imagePath": "https://cdn0.woolworths.media/content/wowproductimages/large/815303.jpg",
      "cupPrice": "$29.76 / 10g",
      "unit": "each",
      "packageSize": "each",
      "barcode": ["9370700003641"],
      "isAvailable": true
    },
    {
      "id": "w815310-9370700003276",
      "store": "woolworths",
      "name": "Revlon Super Lustrous Lipstick Smokey Rose",
      "brand": "Revlon",
      "price": 12.5,
      "orgPrice": 25,
      "categoryIds": ["health-beauty"],
      "imagePath": "https://cdn0.woolworths.media/content/wowproductimages/large/815310.jpg",
      "cupPrice": "$29.76 / 10g",
      "unit": "each",
      "packageSize": "each",
      "barcode": ["9370700003276"],
      "isAvailable": true
    },
    {
      "id": "w815298-9370700003269",
      "store": "woolworths",
      "name": "Revlon Super Lustrous Lipstick Soft Silver Rose",
      "brand": "Revlon",
      "price": 12.5,
      "orgPrice": 25,
      "categoryIds": ["health-beauty"],
      "imagePath": "https://cdn0.woolworths.media/content/wowproductimages/large/815298.jpg",
      "cupPrice": "$29.76 / 10g",
      "unit": "each",
      "packageSize": "each",
      "barcode": ["9370700003269"],
      "isAvailable": true
    },
    {
      "id": "w815305-9370700003290",
      "store": "woolworths",
      "name": "Revlon Super Lustrous Lipstick Teak Rose",
      "brand": "Revlon",
      "price": 12.5,
      "orgPrice": 25,
      "categoryIds": ["health-beauty"],
      "imagePath": "https://cdn0.woolworths.media/content/wowproductimages/large/815305.jpg",
      "cupPrice": "$29.76 / 10g",
      "unit": "each",
      "packageSize": "each",
      "barcode": ["9370700003290"],
      "isAvailable": true
    },
    {
      "id": "w815304-9370700003252",
      "store": "woolworths",
      "name": "Revlon Super Lustrous Lipstick Wine Everything",
      "brand": "Revlon",
      "price": 12.5,
      "orgPrice": 25,
      "categoryIds": ["health-beauty"],
      "imagePath": "https://cdn0.woolworths.media/content/wowproductimages/large/815304.jpg",
      "cupPrice": "$29.76 / 10g",
      "unit": "each",
      "packageSize": "each",
      "barcode": ["9370700003252"],
      "isAvailable": true
    },
    {
      "id": "w669166-309976386010",
      "store": "woolworths",
      "name": "Revlon Ultimate All-in-one Mascara Blackest Black",
      "brand": "Revlon",
      "price": 12,
      "orgPrice": 24,
      "categoryIds": ["health-beauty"],
      "imagePath": "https://cdn0.woolworths.media/content/wowproductimages/large/669166.jpg",
      "cupPrice": "$14.12 / 10ml",
      "unit": "each",
      "packageSize": "8.5ml",
      "barcode": ["309976386010"],
      "isAvailable": true
    },
    {
      "id": "w669184-309976389011",
      "store": "woolworths",
      "name": "Revlon Ultimate All-in-one Mascara Waterproof Blackest Black",
      "brand": "Revlon",
      "price": 12,
      "orgPrice": 24,
      "categoryIds": ["health-beauty"],
      "imagePath": "https://cdn0.woolworths.media/content/wowproductimages/large/669184.jpg",
      "cupPrice": "$14.12 / 10ml",
      "unit": "each",
      "packageSize": "8.5ml",
      "barcode": ["309976389011"],
      "isAvailable": true
    },
    {
      "id": "w15812-9370700011745",
      "store": "woolworths",
      "name": "Revlon Ultra Hd Matte Lip Mousse Dusty Rose",
      "brand": "Revlon",
      "price": 12.5,
      "orgPrice": 25,
      "categoryIds": ["health-beauty"],
      "imagePath": "https://cdn0.woolworths.media/content/wowproductimages/large/015812.jpg",
      "cupPrice": "$21.19 / 10ml",
      "unit": "each",
      "packageSize": "5.9ml",
      "barcode": ["9370700011745"],
      "isAvailable": true
    },
    {
      "id": "w15631-9370700011714",
      "store": "woolworths",
      "name": "Revlon Ultra Hd Matte Lip Mousse Spice",
      "brand": "Revlon",
      "price": 12.5,
      "orgPrice": 25,
      "categoryIds": ["health-beauty"],
      "imagePath": "https://cdn0.woolworths.media/content/wowproductimages/large/015631.jpg",
      "cupPrice": "$21.19 / 10ml",
      "unit": "each",
      "packageSize": "5.9ml",
      "barcode": ["9370700011714"],
      "isAvailable": true
    },
    {
      "id": "w669174-9370700294865",
      "store": "woolworths",
      "name": "Revlon Ultra Hd Matte Lipcolor Devotion Lipstick",
      "brand": "Revlon",
      "price": 12.5,
      "orgPrice": 25,
      "categoryIds": ["health-beauty"],
      "imagePath": "https://cdn0.woolworths.media/content/wowproductimages/large/669174.jpg",
      "cupPrice": "$21.19 / 10ml",
      "unit": "each",
      "packageSize": "5.9ml",
      "barcode": ["9370700294865"],
      "isAvailable": true
    },
    {
      "id": "w669218-9370700294797",
      "store": "woolworths",
      "name": "Revlon Ultra Hd Matte Lipcolor Embrace Lipstick",
      "brand": "Revlon",
      "price": 12.5,
      "orgPrice": 25,
      "categoryIds": ["health-beauty"],
      "imagePath": "https://cdn0.woolworths.media/content/wowproductimages/large/669218.jpg",
      "cupPrice": "$21.19 / 10ml",
      "unit": "each",
      "packageSize": "5.9ml",
      "barcode": ["9370700294797"],
      "isAvailable": true
    },
    {
      "id": "w669186-9370700294858",
      "store": "woolworths",
      "name": "Revlon Ultra Hd Matte Lipcolor Kisses Lipstick",
      "brand": "Revlon",
      "price": 12.5,
      "orgPrice": 25,
      "categoryIds": ["health-beauty"],
      "imagePath": "https://cdn0.woolworths.media/content/wowproductimages/large/669186.jpg",
      "cupPrice": "$21.19 / 10ml",
      "unit": "each",
      "packageSize": "5.9ml",
      "barcode": ["9370700294858"],
      "isAvailable": true
    },
    {
      "id": "w669211-9370700294810",
      "store": "woolworths",
      "name": "Revlon Ultra Hd Matte Lipcolor Seduction Lipstick",
      "brand": "Revlon",
      "price": 12.5,
      "orgPrice": 25,
      "categoryIds": ["health-beauty"],
      "imagePath": "https://cdn0.woolworths.media/content/wowproductimages/large/669211.jpg",
      "cupPrice": "$21.19 / 10ml",
      "unit": "each",
      "packageSize": "5.9ml",
      "barcode": ["9370700294810"],
      "isAvailable": true
    },
    {
      "id": "w815314-309976087016",
      "store": "woolworths",
      "name": "Revlon Volumazing Mascara Blackest Black",
      "brand": "Revlon",
      "price": 10,
      "orgPrice": 20,
      "categoryIds": ["health-beauty"],
      "imagePath": "https://cdn0.woolworths.media/content/wowproductimages/large/815314.jpg",
      "cupPrice": "$11.11 / 10ml",
      "unit": "each",
      "packageSize": "9ml",
      "barcode": ["309976087016"],
      "isAvailable": true
    },
    {
      "id": "w815315-309976113012",
      "store": "woolworths",
      "name": "Revlon Volumazing Mascara Blackest Black Waterprooof",
      "brand": "Revlon",
      "price": 10,
      "orgPrice": 20,
      "categoryIds": ["health-beauty"],
      "imagePath": "https://cdn0.woolworths.media/content/wowproductimages/large/815315.jpg",
      "cupPrice": "$11.11 / 10ml",
      "unit": "each",
      "packageSize": "9ml",
      "barcode": ["309976113012"],
      "isAvailable": true
    },
    {
      "id": "w669187-309978615019",
      "store": "woolworths",
      "name": "Revlon Volume + Length Blackest Black Waterproof Magnified Mascara",
      "brand": "Revlon",
      "price": 11,
      "orgPrice": 22,
      "categoryIds": ["health-beauty"],
      "imagePath": "https://cdn0.woolworths.media/content/wowproductimages/large/669187.jpg",
      "cupPrice": "$12.94 / 10ml",
      "unit": "each",
      "packageSize": "8.5ml",
      "barcode": ["309978615019"],
      "isAvailable": true
    },
    {
      "id": "w669176-309978605010",
      "store": "woolworths",
      "name": "Revlon Volume + Length Magnified Mascara Blackest Black",
      "brand": "Revlon",
      "price": 11,
      "orgPrice": 22,
      "categoryIds": ["health-beauty"],
      "imagePath": "https://cdn0.woolworths.media/content/wowproductimages/large/669176.jpg",
      "cupPrice": "$12.94 / 10ml",
      "unit": "each",
      "packageSize": "8.5ml",
      "barcode": ["309978605010"],
      "isAvailable": true
    },
    {
      "id": "w365870-9317408006550",
      "store": "woolworths",
      "name": "Rimmel 100% Waterproof Mascara Black",
      "brand": "Rimmel",
      "price": 6.5,
      "orgPrice": 13,
      "categoryIds": ["health-beauty"],
      "imagePath": "https://cdn0.woolworths.media/content/wowproductimages/large/365870.jpg",
      "cupPrice": "$8.13 / 10ml",
      "unit": "each",
      "packageSize": "8ml",
      "barcode": ["9317408006550"],
      "isAvailable": true
    },
    {
      "id": "w740163-3607347460640",
      "store": "woolworths",
      "name": "Rimmel Bb Cream 002 Medium",
      "brand": "Rimmel",
      "price": 7,
      "orgPrice": 14,
      "categoryIds": ["health-beauty"],
      "imagePath": "https://cdn0.woolworths.media/content/wowproductimages/large/740163.jpg",
      "cupPrice": "$2.33 / 10ml",
      "unit": "each",
      "packageSize": "30ml",
      "barcode": ["3607347460640"],
      "isAvailable": true
    },
    {
      "id": "w815317-3614225387661",
      "store": "woolworths",
      "name": "Rimmel Brow This Way 2in1 Eye Brow Blonde",
      "brand": "Rimmel",
      "price": 8,
      "orgPrice": 16,
      "categoryIds": ["health-beauty"],
      "imagePath": "https://cdn0.woolworths.media/content/wowproductimages/large/815317.jpg",
      "cupPrice": "$200.00 / 10g",
      "unit": "each",
      "packageSize": "0.4g",
      "barcode": ["3614225387661"],
      "isAvailable": true
    },
    {
      "id": "w62553-3616300772317",
      "store": "woolworths",
      "name": "Rimmel Brow This Way 2in1 Eye Brow Pencil Medium Brown",
      "brand": "Rimmel",
      "price": 8,
      "orgPrice": 16,
      "categoryIds": ["health-beauty"],
      "imagePath": "https://cdn0.woolworths.media/content/wowproductimages/large/062553.jpg",
      "cupPrice": "$200.00 / 10g",
      "unit": "each",
      "packageSize": "0.4g",
      "barcode": ["3616300772317"],
      "isAvailable": true
    },
    {
      "id": "w815330-3614225387692",
      "store": "woolworths",
      "name": "Rimmel Brow This Way 2in2 Eye Brow Dark Brown",
      "brand": "Rimmel",
      "price": 8,
      "orgPrice": 16,
      "categoryIds": ["health-beauty"],
      "imagePath": "https://cdn0.woolworths.media/content/wowproductimages/large/815330.jpg",
      "cupPrice": "$200.00 / 10g",
      "unit": "each",
      "packageSize": "0.4g",
      "barcode": ["3614225387692"],
      "isAvailable": true
    },
    {
      "id": "w899187-3614221388501",
      "store": "woolworths",
      "name": "Rimmel Brow This Way Eyebrow Powder Kit #002 Mid Brown",
      "brand": "Rimmel",
      "price": 6.5,
      "orgPrice": 13,
      "categoryIds": ["health-beauty"],
      "imagePath": "https://cdn0.woolworths.media/content/wowproductimages/large/899187.jpg",
      "cupPrice": "$27.08 / 10g",
      "unit": "each",
      "packageSize": "2.4g",
      "barcode": ["3614221388501"],
      "isAvailable": true
    },
    {
      "id": "w477507-3614221933961",
      "store": "woolworths",
      "name": "Rimmel Contouring Palette Kate",
      "brand": "Rimmel",
      "price": 8.5,
      "orgPrice": 17,
      "categoryIds": ["health-beauty"],
      "imagePath": "https://cdn0.woolworths.media/content/wowproductimages/large/477507.jpg",
      "cupPrice": "$4.59 / 10g",
      "unit": "each",
      "packageSize": "18.5g",
      "barcode": ["3614221933961"],
      "isAvailable": true
    },
    {
      "id": "w14263-3607344549164",
      "store": "woolworths",
      "name": "Rimmel Exaggerate Auto Eyeliner Sable",
      "brand": "Rimmel",
      "price": 6.5,
      "orgPrice": 13,
      "categoryIds": ["health-beauty"],
      "imagePath": "https://cdn0.woolworths.media/content/wowproductimages/large/014263.jpg",
      "cupPrice": null,
      "unit": "each",
      "packageSize": "each",
      "barcode": ["3607344549164"],
      "isAvailable": true
    },
    {
      "id": "w14260-3607344534641",
      "store": "woolworths",
      "name": "Rimmel Exaggerate Auto Waterproof Eye Definer Noir",
      "brand": "Rimmel",
      "price": 6.5,
      "orgPrice": 13,
      "categoryIds": ["health-beauty"],
      "imagePath": "https://cdn0.woolworths.media/content/wowproductimages/large/014260.jpg",
      "cupPrice": null,
      "unit": "each",
      "packageSize": "each",
      "barcode": ["3607344534641"],
      "isAvailable": true
    },
    {
      "id": "w673305-3607344522563",
      "store": "woolworths",
      "name": "Rimmel Exaggerate Lip Liner Addiction 0.25g",
      "brand": "Rimmel",
      "price": 6.5,
      "orgPrice": 13,
      "categoryIds": ["health-beauty"],
      "imagePath": "https://cdn0.woolworths.media/content/wowproductimages/large/673305.jpg",
      "cupPrice": "$260.00 / 10g",
      "unit": "each",
      "packageSize": "each",
      "barcode": ["3607344522563"],
      "isAvailable": true
    },
    {
      "id": "w14196-3607344522518",
      "store": "woolworths",
      "name": "Rimmel Exaggerate Lip Liner Red Diva ",
      "brand": "Rimmel",
      "price": 6.5,
      "orgPrice": 13,
      "categoryIds": ["health-beauty"],
      "imagePath": "https://cdn0.woolworths.media/content/wowproductimages/large/014196.jpg",
      "cupPrice": "$260.00 / 10g",
      "unit": "each",
      "packageSize": "0.25g",
      "barcode": ["3607344522518"],
      "isAvailable": true
    },
    {
      "id": "w365873-9317408006512",
      "store": "woolworths",
      "name": "Rimmel Extra Super Lash Mascara Black",
      "brand": "Rimmel",
      "price": 6.75,
      "orgPrice": 13.5,
      "categoryIds": ["health-beauty"],
      "imagePath": "https://cdn0.woolworths.media/content/wowproductimages/large/365873.jpg",
      "cupPrice": "$8.44 / 10ml",
      "unit": "each",
      "packageSize": "8ml",
      "barcode": ["9317408006512"],
      "isAvailable": true
    },
    {
      "id": "w550039-3614222857969",
      "store": "woolworths",
      "name": "Rimmel Extra Super Long Lash Mascara Black",
      "brand": "Rimmel",
      "price": 6.5,
      "orgPrice": 13,
      "categoryIds": ["health-beauty"],
      "imagePath": "https://cdn0.woolworths.media/content/wowproductimages/large/550039.jpg",
      "cupPrice": "$8.13 / 10ml",
      "unit": "each",
      "packageSize": "8ml",
      "barcode": ["3614222857969"],
      "isAvailable": true
    },
    {
      "id": "w422457-3614221687611",
      "store": "woolworths",
      "name": "Rimmel Fix & Perfect Primer ",
      "brand": "Rimmel",
      "price": 7,
      "orgPrice": 14,
      "categoryIds": ["health-beauty"],
      "imagePath": "https://cdn0.woolworths.media/content/wowproductimages/large/422457.jpg",
      "cupPrice": "$2.33 / 10ml",
      "unit": "each",
      "packageSize": "30ml",
      "barcode": ["3614221687611"],
      "isAvailable": true
    },
    {
      "id": "w365944-9317408007441",
      "store": "woolworths",
      "name": "Rimmel Hide The Blemish Concealer 001 Ivory",
      "brand": "Rimmel",
      "price": 5.25,
      "orgPrice": 10.5,
      "categoryIds": ["health-beauty"],
      "imagePath": "https://cdn0.woolworths.media/content/wowproductimages/large/365944.jpg",
      "cupPrice": "$11.67 / 10g",
      "unit": "each",
      "packageSize": "4.5g",
      "barcode": ["9317408007441"],
      "isAvailable": true
    },
    {
      "id": "w365946-9317408007458",
      "store": "woolworths",
      "name": "Rimmel Hide The Blemish Concealer 004 Natural Beige",
      "brand": "Rimmel",
      "price": 5.25,
      "orgPrice": 10.5,
      "categoryIds": ["health-beauty"],
      "imagePath": "https://cdn0.woolworths.media/content/wowproductimages/large/365946.jpg",
      "cupPrice": "$11.67 / 10g",
      "unit": "each",
      "packageSize": "4.5g",
      "barcode": ["9317408007458"],
      "isAvailable": true
    },
    {
      "id": "w610125-3614223189496",
      "store": "woolworths",
      "name": "Rimmel Insta Fix & Go Primer & Setting Spray",
      "brand": "Rimmel",
      "price": 7,
      "orgPrice": 14,
      "categoryIds": ["health-beauty"],
      "imagePath": "https://cdn0.woolworths.media/content/wowproductimages/large/610125.jpg",
      "cupPrice": "$7.00 / 100ml",
      "unit": "each",
      "packageSize": "100ml",
      "barcode": ["3614223189496"],
      "isAvailable": true
    },
    {
      "id": "w672516-3614225143076",
      "store": "woolworths",
      "name": "Rimmel Kate Sculpting Contour Palette 18.5g",
      "brand": "Rimmel",
      "price": 8.5,
      "orgPrice": 17,
      "categoryIds": ["health-beauty"],
      "imagePath": "https://cdn0.woolworths.media/content/wowproductimages/large/672516.jpg",
      "cupPrice": "$4.59 / 10g",
      "unit": "each",
      "packageSize": "each",
      "barcode": ["3614225143076"],
      "isAvailable": true
    },
    {
      "id": "w814455-3614227138162",
      "store": "woolworths",
      "name": "Rimmel Lash Accelerator Serum",
      "brand": "Rimmel",
      "price": 11.5,
      "orgPrice": 23,
      "categoryIds": ["health-beauty"],
      "imagePath": "https://cdn0.woolworths.media/content/wowproductimages/large/814455.jpg",
      "cupPrice": "$10.45 / 10ml",
      "unit": "each",
      "packageSize": "11ml",
      "barcode": ["3614227138162"],
      "isAvailable": true
    },
    {
      "id": "w62470-3614220233802",
      "store": "woolworths",
      "name": "Rimmel Lasting Finish 25h Foundation 300 Sand",
      "brand": "Rimmel",
      "price": 9.5,
      "orgPrice": 19,
      "categoryIds": ["health-beauty"],
      "imagePath": "https://cdn0.woolworths.media/content/wowproductimages/large/062470.jpg",
      "cupPrice": "$3.17 / 10ml",
      "unit": "each",
      "packageSize": "30ml",
      "barcode": ["3614220233802"],
      "isAvailable": true
    },
    {
      "id": "w423310-3614221936443",
      "store": "woolworths",
      "name": "Rimmel Lasting Finish 25hr Foundation True Beige",
      "brand": "Rimmel",
      "price": 9.5,
      "orgPrice": 19,
      "categoryIds": ["health-beauty"],
      "imagePath": "https://cdn0.woolworths.media/content/wowproductimages/large/423310.jpg",
      "cupPrice": "$3.17 / 10ml",
      "unit": "each",
      "packageSize": "30ml",
      "barcode": ["3614221936443"],
      "isAvailable": true
    },
    {
      "id": "w380945-3614220233703",
      "store": "woolworths",
      "name": "Rimmel Lasting Finish Full Coverage Foundation 103 True Ivory",
      "brand": "Rimmel",
      "price": 9.5,
      "orgPrice": 19,
      "categoryIds": ["health-beauty"],
      "imagePath": "https://cdn0.woolworths.media/content/wowproductimages/large/380945.jpg",
      "cupPrice": "$3.17 / 10ml",
      "unit": "each",
      "packageSize": "30ml",
      "barcode": ["3614220233703"],
      "isAvailable": true
    },
    {
      "id": "w365951-3614220233758",
      "store": "woolworths",
      "name": "Rimmel Lasting Finish Full Coverage Foundation 400 Natural Beige",
      "brand": "Rimmel",
      "price": 9.5,
      "orgPrice": 19,
      "categoryIds": ["health-beauty"],
      "imagePath": "https://cdn0.woolworths.media/content/wowproductimages/large/365951.jpg",
      "cupPrice": "$3.17 / 10ml",
      "unit": "each",
      "packageSize": "30ml",
      "barcode": ["3614220233758"],
      "isAvailable": true
    },
    {
      "id": "w365954-3614220233659",
      "store": "woolworths",
      "name": "Rimmel Lasting Finish Full Coverage Foundation 200 Soft Beige",
      "brand": "Rimmel",
      "price": 9.5,
      "orgPrice": 19,
      "categoryIds": ["health-beauty"],
      "imagePath": "https://cdn0.woolworths.media/content/wowproductimages/large/365954.jpg",
      "cupPrice": "$3.17 / 10ml",
      "unit": "each",
      "packageSize": "30ml",
      "barcode": ["3614220233659"],
      "isAvailable": true
    },
    {
      "id": "w15844-3614227366541",
      "store": "woolworths",
      "name": "Rimmel Lasting Finish Radiance Foundation #200",
      "brand": "Rimmel",
      "price": 11.5,
      "orgPrice": 23,
      "categoryIds": ["health-beauty"],
      "imagePath": "https://cdn0.woolworths.media/content/wowproductimages/large/015844.jpg",
      "cupPrice": "$3.83 / 10ml",
      "unit": "each",
      "packageSize": "30ml",
      "barcode": ["3614227366541"],
      "isAvailable": true
    },
    {
      "id": "w62543-3614228344357",
      "store": "woolworths",
      "name": "Rimmel Lasting Matte Foundation 305 Buff",
      "brand": "Rimmel",
      "price": 9,
      "orgPrice": 18,
      "categoryIds": ["health-beauty"],
      "imagePath": "https://cdn0.woolworths.media/content/wowproductimages/large/062543.jpg",
      "cupPrice": "$3.00 / 10ml",
      "unit": "each",
      "packageSize": "30ml",
      "barcode": ["3614228344357"],
      "isAvailable": true
    },
    {
      "id": "w817335-3614229300857",
      "store": "woolworths",
      "name": "Rimmel Lasting Matte Foundation Fair Beige",
      "brand": "Rimmel",
      "price": 9,
      "orgPrice": 18,
      "categoryIds": ["health-beauty"],
      "imagePath": "https://cdn0.woolworths.media/content/wowproductimages/large/817335.jpg",
      "cupPrice": "$3.00 / 10ml",
      "unit": "each",
      "packageSize": "30ml",
      "barcode": ["3614229300857"],
      "isAvailable": true
    },
    {
      "id": "w817336-3614228342452",
      "store": "woolworths",
      "name": "Rimmel Lasting Matte Foundation True Beige",
      "brand": "Rimmel",
      "price": 9,
      "orgPrice": 18,
      "categoryIds": ["health-beauty"],
      "imagePath": "https://cdn0.woolworths.media/content/wowproductimages/large/817336.jpg",
      "cupPrice": "$3.00 / 10ml",
      "unit": "each",
      "packageSize": "30ml",
      "barcode": ["3614228342452"],
      "isAvailable": true
    },
    {
      "id": "w817337-3614227139671",
      "store": "woolworths",
      "name": "Rimmel Lasting Matte Foundation True Ivory",
      "brand": "Rimmel",
      "price": 9,
      "orgPrice": 18,
      "categoryIds": ["health-beauty"],
      "imagePath": "https://cdn0.woolworths.media/content/wowproductimages/large/817337.jpg",
      "cupPrice": "$3.00 / 10ml",
      "unit": "each",
      "packageSize": "30ml",
      "barcode": ["3614227139671"],
      "isAvailable": true
    },
    {
      "id": "w817334-3614228158077",
      "store": "woolworths",
      "name": "Rimmel Lasting Matte Foundation Warm Porcelaine",
      "brand": "Rimmel",
      "price": 9,
      "orgPrice": 18,
      "categoryIds": ["health-beauty"],
      "imagePath": "https://cdn0.woolworths.media/content/wowproductimages/large/817334.jpg",
      "cupPrice": "$3.00 / 10ml",
      "unit": "each",
      "packageSize": "30ml",
      "barcode": ["3614228158077"],
      "isAvailable": true
    },
    {
      "id": "w62555-3614227829671",
      "store": "woolworths",
      "name": "Rimmel Lasting Radiance Conceal 040 Soft Beige",
      "brand": "Rimmel",
      "price": 9,
      "orgPrice": 18,
      "categoryIds": ["health-beauty"],
      "imagePath": "https://cdn0.woolworths.media/content/wowproductimages/large/062555.jpg",
      "cupPrice": "$12.86 / 10ml",
      "unit": "each",
      "packageSize": "7ml",
      "barcode": ["3614227829671"],
      "isAvailable": true
    },
    {
      "id": "w15882-3614227575707",
      "store": "woolworths",
      "name": "Rimmel Lasting Radiance Concealer 010 ",
      "brand": "Rimmel",
      "price": 9,
      "orgPrice": 18,
      "categoryIds": ["health-beauty"],
      "imagePath": "https://cdn0.woolworths.media/content/wowproductimages/large/015882.jpg",
      "cupPrice": "$12.86 / 10ml",
      "unit": "each",
      "packageSize": "7ml",
      "barcode": ["3614227575707"],
      "isAvailable": true
    },
    {
      "id": "w15833-3614227829640",
      "store": "woolworths",
      "name": "Rimmel Lasting Radiance Concealer 030 ",
      "brand": "Rimmel",
      "price": 9,
      "orgPrice": 18,
      "categoryIds": ["health-beauty"],
      "imagePath": "https://cdn0.woolworths.media/content/wowproductimages/large/015833.jpg",
      "cupPrice": "$12.86 / 10ml",
      "unit": "each",
      "packageSize": "7ml",
      "barcode": ["3614227829640"],
      "isAvailable": true
    },
    {
      "id": "w62544-3616300751947",
      "store": "woolworths",
      "name": "Rimmel Lasting Radiance Foundation 100 Ivory",
      "brand": "Rimmel",
      "price": 11.5,
      "orgPrice": 23,
      "categoryIds": ["health-beauty"],
      "imagePath": "https://cdn0.woolworths.media/content/wowproductimages/large/062544.jpg",
      "cupPrice": "$3.83 / 10ml",
      "unit": "each",
      "packageSize": "30ml",
      "barcode": ["3616300751947"],
      "isAvailable": true
    },
    {
      "id": "w16910-3614227881235",
      "store": "woolworths",
      "name": "Rimmel Lasting Radiance Foundation 103",
      "brand": "Rimmel",
      "price": 11.5,
      "orgPrice": 23,
      "categoryIds": ["health-beauty"],
      "imagePath": "https://cdn0.woolworths.media/content/wowproductimages/large/016910.jpg",
      "cupPrice": "$3.83 / 10ml",
      "unit": "each",
      "packageSize": "30ml",
      "barcode": ["3614227881235"],
      "isAvailable": true
    },
    {
      "id": "w15851-3614227783553",
      "store": "woolworths",
      "name": "Rimmel Lasting Radiance Foundation 303",
      "brand": "Rimmel",
      "price": 11.5,
      "orgPrice": 23,
      "categoryIds": ["health-beauty"],
      "imagePath": "https://cdn0.woolworths.media/content/wowproductimages/large/015851.jpg",
      "cupPrice": "$3.83 / 10ml",
      "unit": "each",
      "packageSize": "30ml",
      "barcode": ["3614227783553"],
      "isAvailable": true
    },
    {
      "id": "w62554-3616300776186",
      "store": "woolworths",
      "name": "Rimmel Lasting Radiance Foundation Porcelain",
      "brand": "Rimmel",
      "price": 11.5,
      "orgPrice": 23,
      "categoryIds": ["health-beauty"],
      "imagePath": "https://cdn0.woolworths.media/content/wowproductimages/large/062554.jpg",
      "cupPrice": "$3.83 / 10ml",
      "unit": "each",
      "packageSize": "30ml",
      "barcode": ["3616300776186"],
      "isAvailable": true
    },
    {
      "id": "w365958-3614220233901",
      "store": "woolworths",
      "name": "Rimmel Lastingfinish Fdn Ivory",
      "brand": "Rimmel",
      "price": 9.5,
      "orgPrice": 19,
      "categoryIds": ["health-beauty"],
      "imagePath": "https://cdn0.woolworths.media/content/wowproductimages/large/365958.jpg",
      "cupPrice": "$3.17 / 10ml",
      "unit": "each",
      "packageSize": "30ml",
      "barcode": ["3614220233901"],
      "isAvailable": true
    },
    {
      "id": "w825624-3607344593600",
      "store": "woolworths",
      "name": "Rimmel Lip Colour Kiss Me You Fool",
      "brand": "Rimmel",
      "price": 9.5,
      "orgPrice": 19,
      "categoryIds": ["health-beauty"],
      "imagePath": "https://cdn0.woolworths.media/content/wowproductimages/large/825624.jpg",
      "cupPrice": "$13.57 / 10ml",
      "unit": "each",
      "packageSize": "7ml",
      "barcode": ["3607344593600"],
      "isAvailable": true
    },
    {
      "id": "w788640-3614220248585",
      "store": "woolworths",
      "name": "Rimmel Lip Liner Snob",
      "brand": "Rimmel",
      "price": 6.5,
      "orgPrice": 13,
      "categoryIds": ["health-beauty"],
      "imagePath": "https://cdn0.woolworths.media/content/wowproductimages/large/788640.jpg",
      "cupPrice": "$260.00 / 10g",
      "unit": "each",
      "packageSize": "each",
      "barcode": ["3614220248585"],
      "isAvailable": true
    },
    {
      "id": "w515761-3614222980520",
      "store": "woolworths",
      "name": "Rimmel London Scandal Eyes Reloaded ",
      "brand": "Rimmel",
      "price": 9,
      "orgPrice": 18,
      "categoryIds": ["health-beauty"],
      "imagePath": "https://cdn0.woolworths.media/content/wowproductimages/large/515761.jpg",
      "cupPrice": "$7.50 / 10ml",
      "unit": "each",
      "packageSize": "12ml",
      "barcode": ["3614222980520"],
      "isAvailable": true
    },
    {
      "id": "w815327-3614228936569",
      "store": "woolworths",
      "name": "Rimmel Magnifeyes Eye Shadow Nude Palette",
      "brand": "Rimmel",
      "price": 11,
      "orgPrice": 22,
      "categoryIds": ["health-beauty"],
      "imagePath": "https://cdn0.woolworths.media/content/wowproductimages/large/815327.jpg",
      "cupPrice": "$7.75 / 10g",
      "unit": "each",
      "packageSize": "14.2g",
      "barcode": ["3614228936569"],
      "isAvailable": true
    },
    {
      "id": "w62846-3616300769744",
      "store": "woolworths",
      "name": "Rimmel Magnifeyes Shadow Palette Spice Edition",
      "brand": "Rimmel",
      "price": 12,
      "orgPrice": 24,
      "categoryIds": ["health-beauty"],
      "imagePath": "https://cdn0.woolworths.media/content/wowproductimages/large/062846.jpg",
      "cupPrice": "$8.57 / 10g",
      "unit": "each",
      "packageSize": "14.2g",
      "barcode": ["3616300769744"],
      "isAvailable": true
    },
    {
      "id": "w762184-3607347571896",
      "store": "woolworths",
      "name": "Rimmel Mascara Lash Accelerator Endless Black",
      "brand": "Rimmel",
      "price": 9,
      "orgPrice": 18,
      "categoryIds": ["health-beauty"],
      "imagePath": "https://cdn0.woolworths.media/content/wowproductimages/large/762184.jpg",
      "cupPrice": "$9.00 / 10ml",
      "unit": "each",
      "packageSize": "each",
      "barcode": ["3607347571896"],
      "isAvailable": true
    },
    {
      "id": "w825580-3614220229348",
      "store": "woolworths",
      "name": "Rimmel Mascara Wonder'full Extreme Black",
      "brand": "Rimmel",
      "price": 9.5,
      "orgPrice": 19,
      "categoryIds": ["health-beauty"],
      "imagePath": "https://cdn0.woolworths.media/content/wowproductimages/large/825580.jpg",
      "cupPrice": "$8.64 / 10ml",
      "unit": "each",
      "packageSize": "each",
      "barcode": ["3614220229348"],
      "isAvailable": true
    },
    {
      "id": "w485878-3607344523065",
      "store": "woolworths",
      "name": "Rimmel Match Perfection Foundation 010 Light Porcelaine",
      "brand": "Rimmel",
      "price": 9.5,
      "orgPrice": 19,
      "categoryIds": ["health-beauty"],
      "imagePath": "https://cdn0.woolworths.media/content/wowproductimages/large/485878.jpg",
      "cupPrice": "$3.17 / 10ml",
      "unit": "each",
      "packageSize": "30ml",
      "barcode": ["3607344523065"],
      "isAvailable": true
    },
    {
      "id": "w749341-3607348783168",
      "store": "woolworths",
      "name": "Rimmel Match Perfection Foundation 100 Ivory",
      "brand": "Rimmel",
      "price": 9.5,
      "orgPrice": 19,
      "categoryIds": ["health-beauty"],
      "imagePath": "https://cdn0.woolworths.media/content/wowproductimages/large/749341.jpg",
      "cupPrice": "$3.17 / 10ml",
      "unit": "each",
      "packageSize": "30ml",
      "barcode": ["3607348783168"],
      "isAvailable": true
    },
    {
      "id": "w778723-3607348783113",
      "store": "woolworths",
      "name": "Rimmel Match Perfection Foundation 102 Light Nude",
      "brand": "Rimmel",
      "price": 9.5,
      "orgPrice": 19,
      "categoryIds": ["health-beauty"],
      "imagePath": "https://cdn0.woolworths.media/content/wowproductimages/large/778723.jpg",
      "cupPrice": "$3.17 / 10ml",
      "unit": "each",
      "packageSize": "30ml",
      "barcode": ["3607348783113"],
      "isAvailable": true
    },
    {
      "id": "w749278-3607348783069",
      "store": "woolworths",
      "name": "Rimmel Match Perfection Foundation 200 Soft Beige",
      "brand": "Rimmel",
      "price": 9.5,
      "orgPrice": 19,
      "categoryIds": ["health-beauty"],
      "imagePath": "https://cdn0.woolworths.media/content/wowproductimages/large/749278.jpg",
      "cupPrice": "$3.17 / 10ml",
      "unit": "each",
      "packageSize": "30ml",
      "barcode": ["3607348783069"],
      "isAvailable": true
    },
    {
      "id": "w77868-3616300754580",
      "store": "woolworths",
      "name": "Rimmel Matte Primer ",
      "brand": "Rimmel",
      "price": 7.5,
      "orgPrice": 15,
      "categoryIds": ["health-beauty"],
      "imagePath": "https://cdn0.woolworths.media/content/wowproductimages/large/077868.jpg",
      "cupPrice": "$2.50 / 10ml",
      "unit": "each",
      "packageSize": "30ml",
      "barcode": ["3616300754580"],
      "isAvailable": true
    },
    {
      "id": "w816021-3614228794824",
      "store": "woolworths",
      "name": "Rimmel Maxi Blush Powder Shade 006",
      "brand": "Rimmel",
      "price": 8,
      "orgPrice": 16,
      "categoryIds": ["health-beauty"],
      "imagePath": "https://cdn0.woolworths.media/content/wowproductimages/large/816021.jpg",
      "cupPrice": "$8.89 / 10g",
      "unit": "each",
      "packageSize": "9g",
      "barcode": ["3614228794824"],
      "isAvailable": true
    },
    {
      "id": "w62471-3614228438520",
      "store": "woolworths",
      "name": "Rimmel Micro Definition Brow Pencil Dark Brown",
      "brand": "Rimmel",
      "price": 8.5,
      "orgPrice": 17,
      "categoryIds": ["health-beauty"],
      "imagePath": "https://cdn0.woolworths.media/content/wowproductimages/large/062471.jpg",
      "cupPrice": "$212.50 / 10g",
      "unit": "each",
      "packageSize": "0.4g",
      "barcode": ["3614228438520"],
      "isAvailable": true
    },
    {
      "id": "w62556-3614228438537",
      "store": "woolworths",
      "name": "Rimmel Micro Definition Brow Pencil Soft Brown",
      "brand": "Rimmel",
      "price": 8.5,
      "orgPrice": 17,
      "categoryIds": ["health-beauty"],
      "imagePath": "https://cdn0.woolworths.media/content/wowproductimages/large/062556.jpg",
      "cupPrice": "$212.50 / 10g",
      "unit": "each",
      "packageSize": "0.4g",
      "barcode": ["3614228438537"],
      "isAvailable": true
    },
    {
      "id": "w365966-9317408007892",
      "store": "woolworths",
      "name": "Rimmel Natural Bronzer Sun Bronze",
      "brand": "Rimmel",
      "price": 8,
      "orgPrice": 16,
      "categoryIds": ["health-beauty"],
      "imagePath": "https://cdn0.woolworths.media/content/wowproductimages/large/365966.jpg",
      "cupPrice": "$5.71 / 10g",
      "unit": "each",
      "packageSize": "14g",
      "barcode": ["9317408007892"],
      "isAvailable": true
    },
    {
      "id": "w79953-3616301255635",
      "store": "woolworths",
      "name": "Rimmel Natural Bronzer Sunlight ",
      "brand": "Rimmel",
      "price": 8,
      "orgPrice": 16,
      "categoryIds": ["health-beauty"],
      "imagePath": "https://cdn0.woolworths.media/content/wowproductimages/large/079953.jpg",
      "cupPrice": "$5.71 / 10g",
      "unit": "each",
      "packageSize": "14g",
      "barcode": ["3616301255635"],
      "isAvailable": true
    },
    {
      "id": "w878798-3614220576794",
      "store": "woolworths",
      "name": "Rimmel Oh My Gloss Crystal Clear",
      "brand": "Rimmel",
      "price": 7,
      "orgPrice": 14,
      "categoryIds": ["health-beauty"],
      "imagePath": "https://cdn0.woolworths.media/content/wowproductimages/large/878798.jpg",
      "cupPrice": "$10.77 / 10ml",
      "unit": "each",
      "packageSize": "6.5ml",
      "barcode": ["3614220576794"],
      "isAvailable": true
    },
    {
      "id": "w878740-3614220576848",
      "store": "woolworths",
      "name": "Rimmel Oh My Gloss Love Bug",
      "brand": "Rimmel",
      "price": 7,
      "orgPrice": 14,
      "categoryIds": ["health-beauty"],
      "imagePath": "https://cdn0.woolworths.media/content/wowproductimages/large/878740.jpg",
      "cupPrice": "$10.77 / 10ml",
      "unit": "each",
      "packageSize": "6.5ml",
      "barcode": ["3614220576848"],
      "isAvailable": true
    },
    {
      "id": "w878745-3614220576893",
      "store": "woolworths",
      "name": "Rimmel Oh My Gloss Snog",
      "brand": "Rimmel",
      "price": 7,
      "orgPrice": 14,
      "categoryIds": ["health-beauty"],
      "imagePath": "https://cdn0.woolworths.media/content/wowproductimages/large/878745.jpg",
      "cupPrice": "$10.77 / 10ml",
      "unit": "each",
      "packageSize": "6.5ml",
      "barcode": ["3614220576893"],
      "isAvailable": true
    },
    {
      "id": "w62469-3614222771890",
      "store": "woolworths",
      "name": "Rimmel Oh My Gloss Glossaholic ",
      "brand": "Rimmel",
      "price": 7,
      "orgPrice": 14,
      "categoryIds": ["health-beauty"],
      "imagePath": "https://cdn0.woolworths.media/content/wowproductimages/large/062469.jpg",
      "cupPrice": "$10.77 / 10ml",
      "unit": "each",
      "packageSize": "6.5ml",
      "barcode": ["3614222771890"],
      "isAvailable": true
    },
    {
      "id": "w365977-9317408007526",
      "store": "woolworths",
      "name": "Rimmel Powder Pressed Peach Glow",
      "brand": "Rimmel",
      "price": 6,
      "orgPrice": 12,
      "categoryIds": ["health-beauty"],
      "imagePath": "https://cdn0.woolworths.media/content/wowproductimages/large/365977.jpg",
      "cupPrice": "$4.29 / 10g",
      "unit": "each",
      "packageSize": "14g",
      "barcode": ["9317408007526"],
      "isAvailable": true
    },
    {
      "id": "w365976-9317408007519",
      "store": "woolworths",
      "name": "Rimmel Powder Pressed Transparent",
      "brand": "Rimmel",
      "price": 6,
      "orgPrice": 12,
      "categoryIds": ["health-beauty"],
      "imagePath": "https://cdn0.woolworths.media/content/wowproductimages/large/365976.jpg",
      "cupPrice": "$4.29 / 10g",
      "unit": "each",
      "packageSize": "14g",
      "barcode": ["9317408007519"],
      "isAvailable": true
    },
    {
      "id": "w825625-3614220248639",
      "store": "woolworths",
      "name": "Rimmel Primer Lasting Finish",
      "brand": "Rimmel",
      "price": 7,
      "orgPrice": 14,
      "categoryIds": ["health-beauty"],
      "imagePath": "https://cdn0.woolworths.media/content/wowproductimages/large/825625.jpg",
      "cupPrice": "$2.33 / 10ml",
      "unit": "each",
      "packageSize": "30ml",
      "barcode": ["3614220248639"],
      "isAvailable": true
    },
    {
      "id": "w365918-9317408006765",
      "store": "woolworths",
      "name": "Rimmel Professional Eyebrow Pencil 002 Hazel",
      "brand": "Rimmel",
      "price": 4.5,
      "orgPrice": 9,
      "categoryIds": ["health-beauty"],
      "imagePath": "https://cdn0.woolworths.media/content/wowproductimages/large/365918.jpg",
      "cupPrice": "$32.14 / 10g",
      "unit": "each",
      "packageSize": "1.4g",
      "barcode": ["9317408006765"],
      "isAvailable": true
    },
    {
      "id": "w365916-9317408006772",
      "store": "woolworths",
      "name": "Rimmel Professional Eyebrow Pencil Dark Brown",
      "brand": "Rimmel",
      "price": 4.5,
      "orgPrice": 9,
      "categoryIds": ["health-beauty"],
      "imagePath": "https://cdn0.woolworths.media/content/wowproductimages/large/365916.jpg",
      "cupPrice": "$32.14 / 10g",
      "unit": "each",
      "packageSize": "1.4g",
      "barcode": ["9317408006772"],
      "isAvailable": true
    },
    {
      "id": "w365919-9317408006789",
      "store": "woolworths",
      "name": "Rimmel Proffesional Eyebrow Eye Pencil 004 Black",
      "brand": "Rimmel",
      "price": 4.5,
      "orgPrice": 9,
      "categoryIds": ["health-beauty"],
      "imagePath": "https://cdn0.woolworths.media/content/wowproductimages/large/365919.jpg",
      "cupPrice": "$32.14 / 10g",
      "unit": "each",
      "packageSize": "1.4g",
      "barcode": ["9317408006789"],
      "isAvailable": true
    },
    {
      "id": "w817340-3614225705120",
      "store": "woolworths",
      "name": "Rimmel Provocalips 210 Flirty Fling",
      "brand": "Rimmel",
      "price": 9.5,
      "orgPrice": 19,
      "categoryIds": ["health-beauty"],
      "imagePath": "https://cdn0.woolworths.media/content/wowproductimages/large/817340.jpg",
      "cupPrice": "$13.57 / 10ml",
      "unit": "each",
      "packageSize": "7ml",
      "barcode": ["3614225705120"],
      "isAvailable": true
    },
    {
      "id": "w817350-3614228345637",
      "store": "woolworths",
      "name": "Rimmel Provocalips 215 Summer Lovin",
      "brand": "Rimmel",
      "price": 9.5,
      "orgPrice": 19,
      "categoryIds": ["health-beauty"],
      "imagePath": "https://cdn0.woolworths.media/content/wowproductimages/large/817350.jpg",
      "cupPrice": "$13.57 / 10ml",
      "unit": "each",
      "packageSize": "7ml",
      "barcode": ["3614228345637"],
      "isAvailable": true
    },
    {
      "id": "w560532-3614222771135",
      "store": "woolworths",
      "name": "Rimmel Provocalips Make Your Move ",
      "brand": "Rimmel",
      "price": 9.5,
      "orgPrice": 19,
      "categoryIds": ["health-beauty"],
      "imagePath": "https://cdn0.woolworths.media/content/wowproductimages/large/560532.jpg",
      "cupPrice": "$13.57 / 10ml",
      "unit": "each",
      "packageSize": "7ml",
      "barcode": ["3614222771135"],
      "isAvailable": true
    },
    {
      "id": "w808733-3614227204560",
      "store": "woolworths",
      "name": "Rimmel Scandaleyes Wow Wings Black Mascara",
      "brand": "Rimmel",
      "price": 9,
      "orgPrice": 18,
      "categoryIds": ["health-beauty"],
      "imagePath": "https://cdn0.woolworths.media/content/wowproductimages/large/808733.jpg",
      "cupPrice": "$7.50 / 10ml",
      "unit": "each",
      "packageSize": "12ml",
      "barcode": ["3614227204560"],
      "isAvailable": true
    },
    {
      "id": "w365915-9317408006567",
      "store": "woolworths",
      "name": "Rimmel Soft Kohl Kajal Eye Pencil 061 Jet Black",
      "brand": "Rimmel",
      "price": 4.5,
      "orgPrice": 9,
      "categoryIds": ["health-beauty"],
      "imagePath": "https://cdn0.woolworths.media/content/wowproductimages/large/365915.jpg",
      "cupPrice": "$37.50 / 10g",
      "unit": "each",
      "packageSize": "1.2g",
      "barcode": ["9317408006567"],
      "isAvailable": true
    },
    {
      "id": "w672551-3614225113628",
      "store": "woolworths",
      "name": "Rimmel Stay Matte Liquid Lip Colour #210 Rose & Shine 5.5ml",
      "brand": "Rimmel",
      "price": 7.5,
      "orgPrice": 15,
      "categoryIds": ["health-beauty"],
      "imagePath": "https://cdn0.woolworths.media/content/wowproductimages/large/672551.jpg",
      "cupPrice": "$13.64 / 10ml",
      "unit": "each",
      "packageSize": "each",
      "barcode": ["3614225113628"],
      "isAvailable": true
    },
    {
      "id": "w672552-3614224543792",
      "store": "woolworths",
      "name": "Rimmel Stay Matte Liquid Lip Colour #700 Be My Baby 5.5ml",
      "brand": "Rimmel",
      "price": 7.5,
      "orgPrice": 15,
      "categoryIds": ["health-beauty"],
      "imagePath": "https://cdn0.woolworths.media/content/wowproductimages/large/672552.jpg",
      "cupPrice": "$13.64 / 10ml",
      "unit": "each",
      "packageSize": "each",
      "barcode": ["3614224543792"],
      "isAvailable": true
    },
    {
      "id": "w818393-3614224543785",
      "store": "woolworths",
      "name": "Rimmel Stay Matte Liquid Lipstick Fire Starter",
      "brand": "Rimmel",
      "price": 7.5,
      "orgPrice": 15,
      "categoryIds": ["health-beauty"],
      "imagePath": "https://cdn0.woolworths.media/content/wowproductimages/large/818393.jpg",
      "cupPrice": "$13.64 / 10ml",
      "unit": "each",
      "packageSize": "5.5ml",
      "barcode": ["3614224543785"],
      "isAvailable": true
    },
    {
      "id": "w365978-9317408007502",
      "store": "woolworths",
      "name": "Rimmel Stay Matte Powder Pressed Silk Beige",
      "brand": "Rimmel",
      "price": 6,
      "orgPrice": 12,
      "categoryIds": ["health-beauty"],
      "imagePath": "https://cdn0.woolworths.media/content/wowproductimages/large/365978.jpg",
      "cupPrice": "$4.29 / 10g",
      "unit": "each",
      "packageSize": "14g",
      "barcode": ["9317408007502"],
      "isAvailable": true
    },
    {
      "id": "w62552-3614229334739",
      "store": "woolworths",
      "name": "Rimmel Ultimate Boost Volume Primer Mascara",
      "brand": "Rimmel",
      "price": 8.5,
      "orgPrice": 17,
      "categoryIds": ["health-beauty"],
      "imagePath": "https://cdn0.woolworths.media/content/wowproductimages/large/062552.jpg",
      "cupPrice": "$7.08 / 10ml",
      "unit": "each",
      "packageSize": "12ml",
      "barcode": ["3614229334739"],
      "isAvailable": true
    },
    {
      "id": "w78183-3616300772294",
      "store": "woolworths",
      "name": "Rimmel Volume On Demand Mascara Black",
      "brand": "Rimmel",
      "price": 9.5,
      "orgPrice": 19,
      "categoryIds": ["health-beauty"],
      "imagePath": "https://cdn0.woolworths.media/content/wowproductimages/large/078183.jpg",
      "cupPrice": "$7.92 / 10ml",
      "unit": "each",
      "packageSize": "each",
      "barcode": ["3616300772294"],
      "isAvailable": true
    },
    {
      "id": "w78586-3616300772324",
      "store": "woolworths",
      "name": "Rimmel Volume On Demand Mascara Brown",
      "brand": "Rimmel",
      "price": 9.5,
      "orgPrice": 19,
      "categoryIds": ["health-beauty"],
      "imagePath": "https://cdn0.woolworths.media/content/wowproductimages/large/078586.jpg",
      "cupPrice": "$7.92 / 10ml",
      "unit": "each",
      "packageSize": "each",
      "barcode": ["3616300772324"],
      "isAvailable": true
    },
    {
      "id": "w78100-3616300772300",
      "store": "woolworths",
      "name": "Rimmel Wonder Ink Eyeliner/traceur Black",
      "brand": "Rimmel",
      "price": 8.5,
      "orgPrice": 17,
      "categoryIds": ["health-beauty"],
      "imagePath": "https://cdn0.woolworths.media/content/wowproductimages/large/078100.jpg",
      "cupPrice": "$53.13 / 10g",
      "unit": "each",
      "packageSize": "1.6g",
      "barcode": ["3616300772300"],
      "isAvailable": true
    },
    {
      "id": "w15875-3614229334722",
      "store": "woolworths",
      "name": "Rimmel Wonder Luxe Mascara ",
      "brand": "Rimmel",
      "price": 10.5,
      "orgPrice": 21,
      "categoryIds": ["health-beauty"],
      "imagePath": "https://cdn0.woolworths.media/content/wowproductimages/large/015875.jpg",
      "cupPrice": "$9.55 / 10ml",
      "unit": "each",
      "packageSize": "11ml",
      "barcode": ["3614229334722"],
      "isAvailable": true
    },
    {
      "id": "w858432-3614227142831",
      "store": "woolworths",
      "name": "Rimmel Wonder Luxe Mascara Black Carded",
      "brand": "Rimmel",
      "price": 10.5,
      "orgPrice": 21,
      "categoryIds": ["health-beauty"],
      "imagePath": "https://cdn0.woolworths.media/content/wowproductimages/large/858432.jpg",
      "cupPrice": "$9.55 / 10ml",
      "unit": "each",
      "packageSize": "11ml",
      "barcode": ["3614227142831"],
      "isAvailable": true
    },
    {
      "id": "w788636-3607344534894",
      "store": "woolworths",
      "name": "Rimmel Wonder'full Mascara ",
      "brand": "Rimmel",
      "price": 9.5,
      "orgPrice": 19,
      "categoryIds": ["health-beauty"],
      "imagePath": "https://cdn0.woolworths.media/content/wowproductimages/large/788636.jpg",
      "cupPrice": "$8.64 / 10ml",
      "unit": "each",
      "packageSize": "11ml",
      "barcode": ["3607344534894"],
      "isAvailable": true
    },
    {
      "id": "w457841-3614221679937",
      "store": "woolworths",
      "name": "Rimmel Wonderful Mascara Volume Colourist",
      "brand": "Rimmel",
      "price": 9.5,
      "orgPrice": 19,
      "categoryIds": ["health-beauty"],
      "imagePath": "https://cdn0.woolworths.media/content/wowproductimages/large/457841.jpg",
      "cupPrice": "$8.64 / 10ml",
      "unit": "each",
      "packageSize": "11ml",
      "barcode": ["3614221679937"],
      "isAvailable": true
    },
    {
      "id": "w653232-3614225560293",
      "store": "woolworths",
      "name": "Rimmel Wonderfully Real Mascara Black",
      "brand": "Rimmel",
      "price": 9.5,
      "orgPrice": 19,
      "categoryIds": ["health-beauty"],
      "imagePath": "https://cdn0.woolworths.media/content/wowproductimages/large/653232.jpg",
      "cupPrice": "$8.64 / 10ml",
      "unit": "each",
      "packageSize": "11ml",
      "barcode": ["3614225560293"],
      "isAvailable": true
    },
    {
      "id": "w740162-3607347460596",
      "store": "woolworths",
      "name": "Rimmel Bb Cream 001 Light",
      "brand": "Rimmel",
      "price": 7,
      "orgPrice": 14,
      "categoryIds": ["health-beauty"],
      "imagePath": "https://cdn0.woolworths.media/content/wowproductimages/large/740162.jpg",
      "cupPrice": "$2.33 / 10ml",
      "unit": "each",
      "packageSize": "30ml",
      "barcode": ["3607347460596"],
      "isAvailable": true
    },
    {
      "id": "w825590-3614220229546",
      "store": "woolworths",
      "name": "Rimmel Mascara Wonder'full Water Proof",
      "brand": "Rimmel",
      "price": 9.5,
      "orgPrice": 19,
      "categoryIds": ["health-beauty"],
      "imagePath": "https://cdn0.woolworths.media/content/wowproductimages/large/825590.jpg",
      "cupPrice": "$8.64 / 10ml",
      "unit": "each",
      "packageSize": "each",
      "barcode": ["3614220229546"],
      "isAvailable": true
    },
    {
      "id": "w763009-3607347621478",
      "store": "woolworths",
      "name": "Rimmel Powder Match Perfection",
      "brand": "Rimmel",
      "price": 8,
      "orgPrice": 16,
      "categoryIds": ["health-beauty"],
      "imagePath": "https://cdn0.woolworths.media/content/wowproductimages/large/763009.jpg",
      "cupPrice": "$8.00 / 10g",
      "unit": "each",
      "packageSize": "each",
      "barcode": ["3607347621478"],
      "isAvailable": true
    },
    {
      "id": "w740384-5999100008359",
      "store": "woolworths",
      "name": "Scitec Nutrition 100% Whey Protein Chocolate ",
      "brand": "Scitec Nutrition",
      "price": 1.25,
      "orgPrice": 2.5,
      "categoryIds": ["health-beauty"],
      "imagePath": "https://cdn0.woolworths.media/content/wowproductimages/large/740384.jpg",
      "cupPrice": "$4.17 / 100g",
      "unit": "each",
      "packageSize": "30g",
      "barcode": ["5999100008359"],
      "isAvailable": true
    },
    {
      "id": "w740528-5999100008342",
      "store": "woolworths",
      "name": "Scitec Nutrition 100% Whey Protein Vanilla ",
      "brand": "Scitec Nutrition",
      "price": 1.25,
      "orgPrice": 2.5,
      "categoryIds": ["health-beauty"],
      "imagePath": "https://cdn0.woolworths.media/content/wowproductimages/large/740528.jpg",
      "cupPrice": "$4.17 / 100g",
      "unit": "each",
      "packageSize": "30g",
      "barcode": ["5999100008342"],
      "isAvailable": true
    },
    {
      "id": "w814716-9351594000992",
      "store": "woolworths",
      "name": "Sup Fit Supplements",
      "brand": "Sup",
      "price": 11.5,
      "orgPrice": 23,
      "categoryIds": ["health-beauty"],
      "imagePath": "https://cdn0.woolworths.media/content/wowproductimages/large/814716.jpg",
      "cupPrice": "$38.33 / 100ea",
      "unit": "each",
      "packageSize": "30 pack",
      "barcode": ["9351594000992"],
      "isAvailable": true
    },
    {
      "id": "w814992-9351594001005",
      "store": "woolworths",
      "name": "Sup Focus Mental Performance Supplements",
      "brand": "Sup",
      "price": 12.5,
      "orgPrice": 25,
      "categoryIds": ["health-beauty"],
      "imagePath": "https://cdn0.woolworths.media/content/wowproductimages/large/814992.jpg",
      "cupPrice": "$50.00 / 100ea",
      "unit": "each",
      "packageSize": "25 pack",
      "barcode": ["9351594001005"],
      "isAvailable": true
    },
    {
      "id": "w814711-9351594000961",
      "store": "woolworths",
      "name": "Sup Men's Essentials Supplements",
      "brand": "Sup",
      "price": 11.5,
      "orgPrice": 23,
      "categoryIds": ["health-beauty"],
      "imagePath": "https://cdn0.woolworths.media/content/wowproductimages/large/814711.jpg",
      "cupPrice": "$38.33 / 100ea",
      "unit": "each",
      "packageSize": "30 pack",
      "barcode": ["9351594000961"],
      "isAvailable": true
    },
    {
      "id": "w58983-9351594001388",
      "store": "woolworths",
      "name": "Sup Shot Daily Essentials ",
      "brand": "Sup",
      "price": 12.5,
      "orgPrice": 25,
      "categoryIds": ["health-beauty"],
      "imagePath": "https://cdn0.woolworths.media/content/wowproductimages/large/058983.jpg",
      "cupPrice": "$3.13 / 100ml",
      "unit": "each",
      "packageSize": "8x50ml",
      "barcode": ["9351594001388"],
      "isAvailable": true
    },
    {
      "id": "w58979-9351594001401",
      "store": "woolworths",
      "name": "Sup Shots Fit Energy ",
      "brand": "Sup",
      "price": 12.5,
      "orgPrice": 25,
      "categoryIds": ["health-beauty"],
      "imagePath": "https://cdn0.woolworths.media/content/wowproductimages/large/058979.jpg",
      "cupPrice": "$3.13 / 100ml",
      "unit": "each",
      "packageSize": "8x50ml",
      "barcode": ["9351594001401"],
      "isAvailable": true
    },
    {
      "id": "w58966-9351594001371",
      "store": "woolworths",
      "name": "Sup Shots Focus ",
      "brand": "Sup",
      "price": 12.5,
      "orgPrice": 25,
      "categoryIds": ["health-beauty"],
      "imagePath": "https://cdn0.woolworths.media/content/wowproductimages/large/058966.jpg",
      "cupPrice": "$3.13 / 100ml",
      "unit": "each",
      "packageSize": "8x50ml",
      "barcode": ["9351594001371"],
      "isAvailable": true
    },
    {
      "id": "w58964-9351594001395",
      "store": "woolworths",
      "name": "Sup Shots Gut Love ",
      "brand": "Sup",
      "price": 12.5,
      "orgPrice": 25,
      "categoryIds": ["health-beauty"],
      "imagePath": "https://cdn0.woolworths.media/content/wowproductimages/large/058964.jpg",
      "cupPrice": "$3.13 / 100ml",
      "unit": "each",
      "packageSize": "8x50ml",
      "barcode": ["9351594001395"],
      "isAvailable": true
    },
    {
      "id": "w59005-9351594001432",
      "store": "woolworths",
      "name": "Sup Shots Zzz Sleep ",
      "brand": "Sup",
      "price": 12.5,
      "orgPrice": 25,
      "categoryIds": ["health-beauty"],
      "imagePath": "https://cdn0.woolworths.media/content/wowproductimages/large/059005.jpg",
      "cupPrice": "$3.13 / 100ml",
      "unit": "each",
      "packageSize": "8x50ml",
      "barcode": ["9351594001432"],
      "isAvailable": true
    },
    {
      "id": "w59022-9351594001487",
      "store": "woolworths",
      "name": "Sup Stress Less Tablets",
      "brand": "Sup",
      "price": 12.5,
      "orgPrice": 25,
      "categoryIds": ["health-beauty"],
      "imagePath": "https://cdn0.woolworths.media/content/wowproductimages/large/059022.jpg",
      "cupPrice": "$41.67 / 100ea",
      "unit": "each",
      "packageSize": "30 pack",
      "barcode": ["9351594001487"],
      "isAvailable": true
    },
    {
      "id": "w814714-9351594000985",
      "store": "woolworths",
      "name": "Sup Womens Essentials Supplements",
      "brand": "Sup",
      "price": 11.5,
      "orgPrice": 23,
      "categoryIds": ["health-beauty"],
      "imagePath": "https://cdn0.woolworths.media/content/wowproductimages/large/814714.jpg",
      "cupPrice": "$38.33 / 100ea",
      "unit": "each",
      "packageSize": "30 pack",
      "barcode": ["9351594000985"],
      "isAvailable": true
    },
    {
      "id": "w59012-9351594001463",
      "store": "woolworths",
      "name": "Sup Zzz Sleep Tablets Tablets",
      "brand": "Sup",
      "price": 12.5,
      "orgPrice": 25,
      "categoryIds": ["health-beauty"],
      "imagePath": "https://cdn0.woolworths.media/content/wowproductimages/large/059012.jpg",
      "cupPrice": "$50.00 / 100ea",
      "unit": "each",
      "packageSize": "25 pack",
      "barcode": ["9351594001463"],
      "isAvailable": true
    },
    {
      "id": "w771350-9311770589970",
      "store": "woolworths",
      "name": "Swisse Children's Ultivite Multivitamin Tablets",
      "brand": "Swisse",
      "price": 11,
      "orgPrice": 22,
      "categoryIds": ["health-beauty"],
      "imagePath": "https://cdn0.woolworths.media/content/wowproductimages/large/771350.jpg",
      "cupPrice": "$9.17 / 100ea",
      "unit": "each",
      "packageSize": "120pk",
      "barcode": ["9311770589970"],
      "isAvailable": true
    },
    {
      "id": "w60481-9311770603232",
      "store": "woolworths",
      "name": "Swisse Kids Rest & Restore Tablets ",
      "brand": "Swisse",
      "price": 12.5,
      "orgPrice": 25,
      "categoryIds": ["health-beauty"],
      "imagePath": "https://cdn0.woolworths.media/content/wowproductimages/large/060481.jpg",
      "cupPrice": "$20.83 / 100ea",
      "unit": "each",
      "packageSize": "60 pack",
      "barcode": ["9311770603232"],
      "isAvailable": true
    },
    {
      "id": "w307049-9311770587266",
      "store": "woolworths",
      "name": "Swisse Men's Ultivite 50+ Tablets",
      "brand": "Swisse",
      "price": 18,
      "orgPrice": 36,
      "categoryIds": ["health-beauty"],
      "imagePath": "https://cdn0.woolworths.media/content/wowproductimages/large/307049.jpg",
      "cupPrice": "$30.00 / 100ea",
      "unit": "each",
      "packageSize": "60pk",
      "barcode": ["9311770587266"],
      "isAvailable": true
    },
    {
      "id": "w805287-93553865",
      "store": "woolworths",
      "name": "Swisse Men's Ultivite ",
      "brand": "Swisse",
      "price": 10,
      "orgPrice": 20,
      "categoryIds": ["health-beauty"],
      "imagePath": "https://cdn0.woolworths.media/content/wowproductimages/large/805287.jpg",
      "cupPrice": "$33.33 / 100ea",
      "unit": "each",
      "packageSize": "30 tablets",
      "barcode": ["93553865"],
      "isAvailable": true
    },
    {
      "id": "w324905-9311770588041",
      "store": "woolworths",
      "name": "Swisse Ultiboost Hair Skin Nail Tabs",
      "brand": "Swisse",
      "price": 11.5,
      "orgPrice": 23,
      "categoryIds": ["health-beauty"],
      "imagePath": "https://cdn0.woolworths.media/content/wowproductimages/large/324905.jpg",
      "cupPrice": "$19.17 / 100ea",
      "unit": "each",
      "packageSize": "60 pack",
      "barcode": ["9311770588041"],
      "isAvailable": true
    },
    {
      "id": "w733527-9311770591690",
      "store": "woolworths",
      "name": "Swisse Ultiboost High Strength Cranberry Capsules",
      "brand": "Swisse",
      "price": 11.5,
      "orgPrice": 23,
      "categoryIds": ["health-beauty"],
      "imagePath": "https://cdn0.woolworths.media/content/wowproductimages/large/733527.jpg",
      "cupPrice": "$38.33 / 100ea",
      "unit": "each",
      "packageSize": "30 pack",
      "barcode": ["9311770591690"],
      "isAvailable": true
    },
    {
      "id": "w307048-9311770587259",
      "store": "woolworths",
      "name": "Swisse Ultivite Women's 50+",
      "brand": "Swisse",
      "price": 18,
      "orgPrice": 36,
      "categoryIds": ["health-beauty"],
      "imagePath": "https://cdn0.woolworths.media/content/wowproductimages/large/307048.jpg",
      "cupPrice": "$30.00 / 100ea",
      "unit": "each",
      "packageSize": "60 pack",
      "barcode": ["9311770587259"],
      "isAvailable": true
    },
    {
      "id": "w805290-93553858",
      "store": "woolworths",
      "name": "Swisse Women's Ultivite ",
      "brand": "Swisse",
      "price": 10,
      "orgPrice": 20,
      "categoryIds": ["health-beauty"],
      "imagePath": "https://cdn0.woolworths.media/content/wowproductimages/large/805290.jpg",
      "cupPrice": "$33.33 / 100ea",
      "unit": "each",
      "packageSize": "30 tablets",
      "barcode": ["93553858"],
      "isAvailable": true
    },
    {
      "id": "w91095-9332373246145",
      "store": "woolworths",
      "name": "Tradie Date Night Body Spray ",
      "brand": "Tradie",
      "price": 3,
      "orgPrice": 6,
      "categoryIds": ["health-beauty"],
      "imagePath": "https://cdn0.woolworths.media/content/wowproductimages/large/091095.jpg",
      "cupPrice": "$1.88 / 100ml",
      "unit": "each",
      "packageSize": "160ml",
      "barcode": ["9332373246145"],
      "isAvailable": true
    },
    {
      "id": "w91117-9332373246114",
      "store": "woolworths",
      "name": "Tradie Twenty Four 7 Body Spray ",
      "brand": "Tradie",
      "price": 3,
      "orgPrice": 6,
      "categoryIds": ["health-beauty"],
      "imagePath": "https://cdn0.woolworths.media/content/wowproductimages/large/091117.jpg",
      "cupPrice": "$1.88 / 100ml",
      "unit": "each",
      "packageSize": "160ml",
      "barcode": ["9332373246114"],
      "isAvailable": true
    },
    {
      "id": "w91802-9332373246138",
      "store": "woolworths",
      "name": "Tradie Weekender Body Spray ",
      "brand": "Tradie",
      "price": 3,
      "orgPrice": 6,
      "categoryIds": ["health-beauty"],
      "imagePath": "https://cdn0.woolworths.media/content/wowproductimages/large/091802.jpg",
      "cupPrice": "$1.88 / 100ml",
      "unit": "each",
      "packageSize": "160ml",
      "barcode": ["9332373246138"],
      "isAvailable": true
    },
    {
      "id": "w90854-9332373246121",
      "store": "woolworths",
      "name": "Tradie Workout Body Spray ",
      "brand": "Tradie",
      "price": 3,
      "orgPrice": 6,
      "categoryIds": ["health-beauty"],
      "imagePath": "https://cdn0.woolworths.media/content/wowproductimages/large/090854.jpg",
      "cupPrice": "$1.88 / 100ml",
      "unit": "each",
      "packageSize": "160ml",
      "barcode": ["9332373246121"],
      "isAvailable": true
    },
    {
      "id": "w508149-9320547004905",
      "store": "woolworths",
      "name": "Vital Strength Lean Whey High Protein Powder Chocolate",
      "brand": "Vital Strength",
      "price": 17.5,
      "orgPrice": 35,
      "categoryIds": ["health-beauty"],
      "imagePath": "https://cdn0.woolworths.media/content/wowproductimages/large/508149.jpg",
      "cupPrice": "$2.43 / 100g",
      "unit": "each",
      "packageSize": "720g",
      "barcode": ["9320547004905"],
      "isAvailable": true
    },
    {
      "id": "w508160-9320547004912",
      "store": "woolworths",
      "name": "Vital Strength Lean Whey High Protein Powder Vanilla",
      "brand": "Vital Strength",
      "price": 17.5,
      "orgPrice": 35,
      "categoryIds": ["health-beauty"],
      "imagePath": "https://cdn0.woolworths.media/content/wowproductimages/large/508160.jpg",
      "cupPrice": "$2.43 / 100g",
      "unit": "each",
      "packageSize": "720g",
      "barcode": ["9320547004912"],
      "isAvailable": true
    },
    {
      "id": "w508144-9320547004943",
      "store": "woolworths",
      "name": "Vital Strength Muscle Plus Protein Powder Chocolate",
      "brand": "Vital Strength",
      "price": 17.5,
      "orgPrice": 35,
      "categoryIds": ["health-beauty"],
      "imagePath": "https://cdn0.woolworths.media/content/wowproductimages/large/508144.jpg",
      "cupPrice": "$2.43 / 100g",
      "unit": "each",
      "packageSize": "720g",
      "barcode": ["9320547004943"],
      "isAvailable": true
    },
    {
      "id": "w508146-9320547004950",
      "store": "woolworths",
      "name": "Vital Strength Muscle Plus Protein Powder Vanilla",
      "brand": "Vital Strength",
      "price": 17.5,
      "orgPrice": 35,
      "categoryIds": ["health-beauty"],
      "imagePath": "https://cdn0.woolworths.media/content/wowproductimages/large/508146.jpg",
      "cupPrice": "$2.43 / 100g",
      "unit": "each",
      "packageSize": "720g",
      "barcode": ["9320547004950"],
      "isAvailable": true
    },
    {
      "id": "w508134-9320547004929",
      "store": "woolworths",
      "name": "Vital Strength Ripped Protein Powder Chocolate",
      "brand": "Vital Strength",
      "price": 17.5,
      "orgPrice": 35,
      "categoryIds": ["health-beauty"],
      "imagePath": "https://cdn0.woolworths.media/content/wowproductimages/large/508134.jpg",
      "cupPrice": "$2.92 / 100g",
      "unit": "each",
      "packageSize": "600g",
      "barcode": ["9320547004929"],
      "isAvailable": true
    },
    {
      "id": "w508138-9320547004936",
      "store": "woolworths",
      "name": "Vital Strength Ripped Protein Powder Vanilla",
      "brand": "Vital Strength",
      "price": 17.5,
      "orgPrice": 35,
      "categoryIds": ["health-beauty"],
      "imagePath": "https://cdn0.woolworths.media/content/wowproductimages/large/508138.jpg",
      "cupPrice": "$2.92 / 100g",
      "unit": "each",
      "packageSize": "600g",
      "barcode": ["9320547004936"],
      "isAvailable": true
    },
    {
      "id": "w677919-9319871001032",
      "store": "woolworths",
      "name": "White Glo Activated Whitening Powder",
      "brand": "White Glo",
      "price": 5,
      "orgPrice": 10,
      "categoryIds": ["health-beauty"],
      "imagePath": "https://cdn0.woolworths.media/content/wowproductimages/large/677919.jpg",
      "cupPrice": "$16.67 / 100g",
      "unit": "each",
      "packageSize": "30g",
      "barcode": ["9319871001032"],
      "isAvailable": true
    },
    {
      "id": "w647836-9319871000943",
      "store": "woolworths",
      "name": "White Glo Charcoal Toothpaste Deep Stain Remover",
      "brand": "White Glo",
      "price": 3,
      "orgPrice": 6,
      "categoryIds": ["health-beauty"],
      "imagePath": "https://cdn0.woolworths.media/content/wowproductimages/large/647836.jpg",
      "cupPrice": "$2.00 / 100g",
      "unit": "each",
      "packageSize": "150g",
      "barcode": ["9319871000943"],
      "isAvailable": true
    },
    {
      "id": "w79918-9319871001407",
      "store": "woolworths",
      "name": "White Glo Instant White Toothpaste ",
      "brand": "White Glo",
      "price": 3,
      "orgPrice": 6,
      "categoryIds": ["health-beauty"],
      "imagePath": "https://cdn0.woolworths.media/content/wowproductimages/large/079918.jpg",
      "cupPrice": "$2.00 / 100g",
      "unit": "each",
      "packageSize": "150g",
      "barcode": ["9319871001407"],
      "isAvailable": true
    },
    {
      "id": "w81771-9319871001506",
      "store": "woolworths",
      "name": "White Glo Probiotic Whitening Toothpaste",
      "brand": "White Glo",
      "price": 3,
      "orgPrice": 6,
      "categoryIds": ["health-beauty"],
      "imagePath": "https://cdn0.woolworths.media/content/wowproductimages/large/081771.jpg",
      "cupPrice": "$2.00 / 100g",
      "unit": "each",
      "packageSize": "150g",
      "barcode": ["9319871001506"],
      "isAvailable": true
    },
    {
      "id": "w88169-9319871000042",
      "store": "woolworths",
      "name": "White Glo Toothpaste Professional + Toothbrush",
      "brand": "White Glo",
      "price": 2.6,
      "orgPrice": 5.3,
      "categoryIds": ["health-beauty"],
      "imagePath": "https://cdn0.woolworths.media/content/wowproductimages/large/088169.jpg",
      "cupPrice": "$1.73 / 100g",
      "unit": "each",
      "packageSize": "150g",
      "barcode": ["9319871000042"],
      "isAvailable": true
    },
    {
      "id": "w647738-9319871001001",
      "store": "woolworths",
      "name": "White Glo White Accel Blue Light Kit",
      "brand": "White Glo",
      "price": 17.5,
      "orgPrice": 35,
      "categoryIds": ["health-beauty"],
      "imagePath": "https://cdn0.woolworths.media/content/wowproductimages/large/647738.jpg",
      "cupPrice": "$17.50 / 1ea",
      "unit": "each",
      "packageSize": "each",
      "barcode": ["9319871001001"],
      "isAvailable": true
    },
    {
      "id": "w378452-9333833007788",
      "store": "woolworths",
      "name": "Winners Sports Nutrition Energy Bar Apple Berry Crumble",
      "brand": "Winners Sports Nutrition",
      "price": 1.25,
      "orgPrice": 2.5,
      "categoryIds": ["health-beauty"],
      "imagePath": "https://cdn0.woolworths.media/content/wowproductimages/large/378452.jpg",
      "cupPrice": "$2.27 / 100g",
      "unit": "each",
      "packageSize": "55g",
      "barcode": ["9333833007788"],
      "isAvailable": true
    },
    {
      "id": "w321717-9333833007801",
      "store": "woolworths",
      "name": "Winners Sports Nutrition Energy Bar Cadel's Mountain Mix",
      "brand": "Winners Sports Nutrition",
      "price": 1.25,
      "orgPrice": 2.5,
      "categoryIds": ["health-beauty"],
      "imagePath": "https://cdn0.woolworths.media/content/wowproductimages/large/321717.jpg",
      "cupPrice": "$2.27 / 100g",
      "unit": "each",
      "packageSize": "55g",
      "barcode": ["9333833007801"],
      "isAvailable": true
    },
    {
      "id": "w324912-9333833000154",
      "store": "woolworths",
      "name": "Winners Sports Nutrition Energy Gel Berry Burst 4pk",
      "brand": "Winners Sports Nutrition",
      "price": 4.25,
      "orgPrice": 8.5,
      "categoryIds": ["health-beauty"],
      "imagePath": "https://cdn0.woolworths.media/content/wowproductimages/large/324912.jpg",
      "cupPrice": "$2.66 / 100g",
      "unit": "each",
      "packageSize": "40g",
      "barcode": ["9333833000154"],
      "isAvailable": true
    },
    {
      "id": "w324911-9333833000147",
      "store": "woolworths",
      "name": "Winners Sports Nutrition Energy Gel Lemon & Lime",
      "brand": "Winners Sports Nutrition",
      "price": 4.25,
      "orgPrice": 8.5,
      "categoryIds": ["health-beauty"],
      "imagePath": "https://cdn0.woolworths.media/content/wowproductimages/large/324911.jpg",
      "cupPrice": "$2.66 / 100g",
      "unit": "each",
      "packageSize": "160g",
      "barcode": ["9333833000147"],
      "isAvailable": true
    },
    {
      "id": "w817003-9300701799328",
      "store": "woolworths",
      "name": "Air Wick Freshmatic Essential Oil Vanilla Primary",
      "brand": "Air Wick",
      "price": 7.5,
      "orgPrice": 15,
      "categoryIds": ["household"],
      "imagePath": "https://cdn0.woolworths.media/content/wowproductimages/large/817003.jpg",
      "cupPrice": "$4.31 / 100g",
      "unit": "each",
      "packageSize": "174g",
      "barcode": ["9300701799328"],
      "isAvailable": true
    },
    {
      "id": "w789902-9325005002882",
      "store": "woolworths",
      "name": "Ansell Gloves Sensitive Touch Small",
      "brand": "Ansell",
      "price": 1.25,
      "orgPrice": 2.5,
      "categoryIds": ["household"],
      "imagePath": "https://cdn0.woolworths.media/content/wowproductimages/large/789902.jpg",
      "cupPrice": "$1.25 / 1ea",
      "unit": "each",
      "packageSize": "each",
      "barcode": ["9325005002882"],
      "isAvailable": true
    },
    {
      "id": "w595410-4710363961127",
      "store": "woolworths",
      "name": "Biozet Attack Laundry Powder With Softener",
      "brand": "Biozet",
      "price": 11,
      "orgPrice": 22,
      "categoryIds": ["household"],
      "imagePath": "https://cdn0.woolworths.media/content/wowproductimages/large/595410.jpg",
      "cupPrice": "$5.50 / 1kg",
      "unit": "each",
      "packageSize": "2kg",
      "barcode": ["4710363961127"],
      "isAvailable": true
    },
    {
      "id": "w682037-4710363527972",
      "store": "woolworths",
      "name": "Biozet Attack Liquid With Softner ",
      "brand": "Biozet",
      "price": 11,
      "orgPrice": 22,
      "categoryIds": ["household"],
      "imagePath": "https://cdn0.woolworths.media/content/wowproductimages/large/682037.jpg",
      "cupPrice": "$5.50 / 1l",
      "unit": "each",
      "packageSize": "2l",
      "barcode": ["4710363527972"],
      "isAvailable": true
    },
    {
      "id": "w867313-4710363975575",
      "store": "woolworths",
      "name": "Biozet Laundry Liquid Attack Plus Quick Wash",
      "brand": "Biozet",
      "price": 11,
      "orgPrice": 22,
      "categoryIds": ["household"],
      "imagePath": "https://cdn0.woolworths.media/content/wowproductimages/large/867313.jpg",
      "cupPrice": "$5.50 / 1l",
      "unit": "each",
      "packageSize": "2l",
      "barcode": ["4710363975575"],
      "isAvailable": true
    },
    {
      "id": "w802923-4710363557009",
      "store": "woolworths",
      "name": "Biozet Attack Plus Eliminator ",
      "brand": "Biozet",
      "price": 11,
      "orgPrice": 22,
      "categoryIds": ["household"],
      "imagePath": "https://cdn0.woolworths.media/content/wowproductimages/large/802923.jpg",
      "cupPrice": "$5.50 / 1kg",
      "unit": "each",
      "packageSize": "2kg",
      "barcode": ["4710363557009"],
      "isAvailable": true
    },
    {
      "id": "w803466-4710363556996",
      "store": "woolworths",
      "name": "Biozet Attack Plus Eliminator ",
      "brand": "Biozet",
      "price": 11,
      "orgPrice": 22,
      "categoryIds": ["household"],
      "imagePath": "https://cdn0.woolworths.media/content/wowproductimages/large/803466.jpg",
      "cupPrice": "$5.50 / 1l",
      "unit": "each",
      "packageSize": "2l",
      "barcode": ["4710363556996"],
      "isAvailable": true
    },
    {
      "id": "w510002-9311985963213",
      "store": "woolworths",
      "name": "Bonds Action Brief Extra Large",
      "brand": "Bonds",
      "price": 11,
      "orgPrice": 22,
      "categoryIds": ["household"],
      "imagePath": "https://cdn0.woolworths.media/content/wowproductimages/large/510002.jpg",
      "cupPrice": null,
      "unit": "each",
      "packageSize": "4 pack",
      "barcode": ["9311985963213"],
      "isAvailable": true
    },
    {
      "id": "w510030-9350461205201",
      "store": "woolworths",
      "name": "Bonds Action Brief Medium",
      "brand": "Bonds",
      "price": 11,
      "orgPrice": 22,
      "categoryIds": ["household"],
      "imagePath": "https://cdn0.woolworths.media/content/wowproductimages/large/510030.jpg",
      "cupPrice": null,
      "unit": "each",
      "packageSize": "4 pack",
      "barcode": ["9350461205201"],
      "isAvailable": true
    },
    {
      "id": "w17876-9351257048392",
      "store": "woolworths",
      "name": "Bonds Boys Briefs 12-16 ",
      "brand": "Bonds",
      "price": 7,
      "orgPrice": 14,
      "categoryIds": ["household"],
      "imagePath": "https://cdn0.woolworths.media/content/wowproductimages/large/017876.jpg",
      "cupPrice": null,
      "unit": "each",
      "packageSize": "4 pack",
      "barcode": ["9351257048392"],
      "isAvailable": true
    },
    {
      "id": "w58683-9354779516967",
      "store": "woolworths",
      "name": "Bonds Boys Briefs 4 To 8 ",
      "brand": "Bonds",
      "price": 7,
      "orgPrice": 14,
      "categoryIds": ["household"],
      "imagePath": "https://cdn0.woolworths.media/content/wowproductimages/large/058683.jpg",
      "cupPrice": "$1.75 / 1ea",
      "unit": "each",
      "packageSize": "4 pack",
      "barcode": ["9354779516967"],
      "isAvailable": true
    },
    {
      "id": "w17858-9351257048408",
      "store": "woolworths",
      "name": "Bonds Boys Briefs 8-12 ",
      "brand": "Bonds",
      "price": 7,
      "orgPrice": 14,
      "categoryIds": ["household"],
      "imagePath": "https://cdn0.woolworths.media/content/wowproductimages/large/017858.jpg",
      "cupPrice": null,
      "unit": "each",
      "packageSize": "4 pack",
      "barcode": ["9351257048408"],
      "isAvailable": true
    },
    {
      "id": "w659826-9351950026512",
      "store": "woolworths",
      "name": "Bonds Boys Trunk Size 4 To 6 & 6 To 8",
      "brand": "Bonds",
      "price": 7.5,
      "orgPrice": 15,
      "categoryIds": ["household"],
      "imagePath": "https://cdn0.woolworths.media/content/wowproductimages/large/659826.jpg",
      "cupPrice": null,
      "unit": "each",
      "packageSize": "3 pack",
      "barcode": ["9351950026512"],
      "isAvailable": true
    },
    {
      "id": "w756216-9311497974431",
      "store": "woolworths",
      "name": "Bonds Boys Underwear Cotton Trunk (8-10 & 10-12)",
      "brand": "Bonds",
      "price": 7.5,
      "orgPrice": 15,
      "categoryIds": ["household"],
      "imagePath": "https://cdn0.woolworths.media/content/wowproductimages/large/756216.jpg",
      "cupPrice": "$2.50 / 1ea",
      "unit": "each",
      "packageSize": "3 pack",
      "barcode": ["9311497974431"],
      "isAvailable": true
    },
    {
      "id": "w756261-9311497974448",
      "store": "woolworths",
      "name": "Bonds Boys Underwear Cotton Trunk 12-14 & 14-16",
      "brand": "Bonds",
      "price": 7.5,
      "orgPrice": 15,
      "categoryIds": ["household"],
      "imagePath": "https://cdn0.woolworths.media/content/wowproductimages/large/756261.jpg",
      "cupPrice": "$2.50 / 1ea",
      "unit": "each",
      "packageSize": "3 pack",
      "barcode": ["9311497974448"],
      "isAvailable": true
    },
    {
      "id": "w829050-9313022792817",
      "store": "woolworths",
      "name": "Bonds Comfy Tops Fleecy Leggings Black Tl-xl",
      "brand": "Bonds",
      "price": 10,
      "orgPrice": 20,
      "categoryIds": ["household"],
      "imagePath": "https://cdn0.woolworths.media/content/wowproductimages/large/829050.jpg",
      "cupPrice": null,
      "unit": "each",
      "packageSize": "each",
      "barcode": ["9313022792817"],
      "isAvailable": true
    },
    {
      "id": "w829048-9313022628086",
      "store": "woolworths",
      "name": "Bonds Comfy Tops Fleecy Tights Black Av-tl",
      "brand": "Bonds",
      "price": 10,
      "orgPrice": 20,
      "categoryIds": ["household"],
      "imagePath": "https://cdn0.woolworths.media/content/wowproductimages/large/829048.jpg",
      "cupPrice": null,
      "unit": "each",
      "packageSize": "each",
      "barcode": ["9313022628086"],
      "isAvailable": true
    },
    {
      "id": "w829049-9313022628093",
      "store": "woolworths",
      "name": "Bonds Comfy Tops Fleecy Tights Black Tl-xt",
      "brand": "Bonds",
      "price": 10,
      "orgPrice": 20,
      "categoryIds": ["household"],
      "imagePath": "https://cdn0.woolworths.media/content/wowproductimages/large/829049.jpg",
      "cupPrice": null,
      "unit": "each",
      "packageSize": "each",
      "barcode": ["9313022628093"],
      "isAvailable": true
    },
    {
      "id": "w751571-9326489951161",
      "store": "woolworths",
      "name": "Bonds Comfy Tops Opaque Leggings Black Med-lge",
      "brand": "Bonds",
      "price": 6,
      "orgPrice": 12,
      "categoryIds": ["household"],
      "imagePath": "https://cdn0.woolworths.media/content/wowproductimages/large/751571.jpg",
      "cupPrice": null,
      "unit": "each",
      "packageSize": "each",
      "barcode": ["9326489951161"],
      "isAvailable": true
    },
    {
      "id": "w753330-9326489951178",
      "store": "woolworths",
      "name": "Bonds Comfy Tops Opaque Leggings Black Sml-med",
      "brand": "Bonds",
      "price": 6,
      "orgPrice": 12,
      "categoryIds": ["household"],
      "imagePath": "https://cdn0.woolworths.media/content/wowproductimages/large/753330.jpg",
      "cupPrice": null,
      "unit": "each",
      "packageSize": "each",
      "barcode": ["9326489951178"],
      "isAvailable": true
    },
    {
      "id": "w751437-9326489946556",
      "store": "woolworths",
      "name": "Bonds Comfy Tops Opaque Tights Black Med-lge",
      "brand": "Bonds",
      "price": 6,
      "orgPrice": 12,
      "categoryIds": ["household"],
      "imagePath": "https://cdn0.woolworths.media/content/wowproductimages/large/751437.jpg",
      "cupPrice": null,
      "unit": "each",
      "packageSize": "each",
      "barcode": ["9326489946556"],
      "isAvailable": true
    },
    {
      "id": "w751436-9326489946563",
      "store": "woolworths",
      "name": "Bonds Comfy Tops Opaque Tights Black Sml-med",
      "brand": "Bonds",
      "price": 6,
      "orgPrice": 12,
      "categoryIds": ["household"],
      "imagePath": "https://cdn0.woolworths.media/content/wowproductimages/large/751436.jpg",
      "cupPrice": null,
      "unit": "each",
      "packageSize": "each",
      "barcode": ["9326489946563"],
      "isAvailable": true
    },
    {
      "id": "w828610-9326489952007",
      "store": "woolworths",
      "name": "Bonds Comfy Tops Semi Opaque Knee High Black 1 Size",
      "brand": "Bonds",
      "price": 2.5,
      "orgPrice": 5,
      "categoryIds": ["household"],
      "imagePath": "https://cdn0.woolworths.media/content/wowproductimages/large/828610.jpg",
      "cupPrice": null,
      "unit": "each",
      "packageSize": "each",
      "barcode": ["9326489952007"],
      "isAvailable": true
    },
    {
      "id": "w828655-9326489951994",
      "store": "woolworths",
      "name": "Bonds Comfy Tops Semi Opaque Knee High Nude 1 Size",
      "brand": "Bonds",
      "price": 2.5,
      "orgPrice": 5,
      "categoryIds": ["household"],
      "imagePath": "https://cdn0.woolworths.media/content/wowproductimages/large/828655.jpg",
      "cupPrice": null,
      "unit": "each",
      "packageSize": "each",
      "barcode": ["9326489951994"],
      "isAvailable": true
    },
    {
      "id": "w828671-9326489959808",
      "store": "woolworths",
      "name": "Bonds Comfy Tops Semi Opaque Tights Black Med-lge",
      "brand": "Bonds",
      "price": 4,
      "orgPrice": 8,
      "categoryIds": ["household"],
      "imagePath": "https://cdn0.woolworths.media/content/wowproductimages/large/828671.jpg",
      "cupPrice": null,
      "unit": "each",
      "packageSize": "each",
      "barcode": ["9326489959808"],
      "isAvailable": true
    },
    {
      "id": "w828673-9326489959815",
      "store": "woolworths",
      "name": "Bonds Comfy Tops Semi Opaque Tights Black Sml-med",
      "brand": "Bonds",
      "price": 4,
      "orgPrice": 8,
      "categoryIds": ["household"],
      "imagePath": "https://cdn0.woolworths.media/content/wowproductimages/large/828673.jpg",
      "cupPrice": null,
      "unit": "each",
      "packageSize": "each",
      "barcode": ["9326489959815"],
      "isAvailable": true
    },
    {
      "id": "w828732-9326489958313",
      "store": "woolworths",
      "name": "Bonds Comfy Tops Sheer Tights Black Lge",
      "brand": "Bonds",
      "price": 4,
      "orgPrice": 8,
      "categoryIds": ["household"],
      "imagePath": "https://cdn0.woolworths.media/content/wowproductimages/large/828732.jpg",
      "cupPrice": null,
      "unit": "each",
      "packageSize": "each",
      "barcode": ["9326489958313"],
      "isAvailable": true
    },
    {
      "id": "w828723-9326489958320",
      "store": "woolworths",
      "name": "Bonds Comfy Tops Sheer Tights Black Med",
      "brand": "Bonds",
      "price": 4,
      "orgPrice": 8,
      "categoryIds": ["household"],
      "imagePath": "https://cdn0.woolworths.media/content/wowproductimages/large/828723.jpg",
      "cupPrice": null,
      "unit": "each",
      "packageSize": "each",
      "barcode": ["9326489958320"],
      "isAvailable": true
    },
    {
      "id": "w828720-9326489965199",
      "store": "woolworths",
      "name": "Bonds Comfy Tops Slimming Sheer Tights Black Lge",
      "brand": "Bonds",
      "price": 4,
      "orgPrice": 8,
      "categoryIds": ["household"],
      "imagePath": "https://cdn0.woolworths.media/content/wowproductimages/large/828720.jpg",
      "cupPrice": null,
      "unit": "each",
      "packageSize": "each",
      "barcode": ["9326489965199"],
      "isAvailable": true
    },
    {
      "id": "w828724-9326489965205",
      "store": "woolworths",
      "name": "Bonds Comfy Tops Slimming Sheer Tights Black Med",
      "brand": "Bonds",
      "price": 4,
      "orgPrice": 8,
      "categoryIds": ["household"],
      "imagePath": "https://cdn0.woolworths.media/content/wowproductimages/large/828724.jpg",
      "cupPrice": null,
      "unit": "each",
      "packageSize": "each",
      "barcode": ["9326489965205"],
      "isAvailable": true
    },
    {
      "id": "w828726-9326489965212",
      "store": "woolworths",
      "name": "Bonds Comfy Tops Slimming Sheer Tights Black Sml",
      "brand": "Bonds",
      "price": 4,
      "orgPrice": 8,
      "categoryIds": ["household"],
      "imagePath": "https://cdn0.woolworths.media/content/wowproductimages/large/828726.jpg",
      "cupPrice": null,
      "unit": "each",
      "packageSize": "each",
      "barcode": ["9326489965212"],
      "isAvailable": true
    },
    {
      "id": "w828725-9326489965168",
      "store": "woolworths",
      "name": "Bonds Comfy Tops Slimming Sheer Tights Nude Lge",
      "brand": "Bonds",
      "price": 4,
      "orgPrice": 8,
      "categoryIds": ["household"],
      "imagePath": "https://cdn0.woolworths.media/content/wowproductimages/large/828725.jpg",
      "cupPrice": null,
      "unit": "each",
      "packageSize": "each",
      "barcode": ["9326489965168"],
      "isAvailable": true
    },
    {
      "id": "w828727-9326489965175",
      "store": "woolworths",
      "name": "Bonds Comfy Tops Slimming Sheer Tights Nude Med",
      "brand": "Bonds",
      "price": 4,
      "orgPrice": 8,
      "categoryIds": ["household"],
      "imagePath": "https://cdn0.woolworths.media/content/wowproductimages/large/828727.jpg",
      "cupPrice": null,
      "unit": "each",
      "packageSize": "each",
      "barcode": ["9326489965175"],
      "isAvailable": true
    },
    {
      "id": "w828683-9326489958375",
      "store": "woolworths",
      "name": "Bonds Comfy Tops Very Opaque Tights Black Med-lge",
      "brand": "Bonds",
      "price": 6,
      "orgPrice": 12,
      "categoryIds": ["household"],
      "imagePath": "https://cdn0.woolworths.media/content/wowproductimages/large/828683.jpg",
      "cupPrice": null,
      "unit": "each",
      "packageSize": "each",
      "barcode": ["9326489958375"],
      "isAvailable": true
    },
    {
      "id": "w828686-9326489958382",
      "store": "woolworths",
      "name": "Bonds Comfy Tops Very Opaque Tights Black Sml-med",
      "brand": "Bonds",
      "price": 6,
      "orgPrice": 12,
      "categoryIds": ["household"],
      "imagePath": "https://cdn0.woolworths.media/content/wowproductimages/large/828686.jpg",
      "cupPrice": null,
      "unit": "each",
      "packageSize": "each",
      "barcode": ["9326489958382"],
      "isAvailable": true
    },
    {
      "id": "w660248-9351950030885",
      "store": "woolworths",
      "name": "Bonds Comfytails Seamfree Gee Size 14",
      "brand": "Bonds",
      "price": 11,
      "orgPrice": 22,
      "categoryIds": ["household"],
      "imagePath": "https://cdn0.woolworths.media/content/wowproductimages/large/660248.jpg",
      "cupPrice": null,
      "unit": "each",
      "packageSize": "2 pack",
      "barcode": ["9351950030885"],
      "isAvailable": true
    },
    {
      "id": "w660254-9351950030571",
      "store": "woolworths",
      "name": "Bonds Comfytails Seamfree Midi Size 14",
      "brand": "Bonds",
      "price": 11,
      "orgPrice": 22,
      "categoryIds": ["household"],
      "imagePath": "https://cdn0.woolworths.media/content/wowproductimages/large/660254.jpg",
      "cupPrice": null,
      "unit": "each",
      "packageSize": "2 pack",
      "barcode": ["9351950030571"],
      "isAvailable": true
    },
    {
      "id": "w660186-9351950030557",
      "store": "woolworths",
      "name": "Bonds Comfytails Seamfree Midi Size10",
      "brand": "Bonds",
      "price": 11,
      "orgPrice": 22,
      "categoryIds": ["household"],
      "imagePath": "https://cdn0.woolworths.media/content/wowproductimages/large/660186.jpg",
      "cupPrice": null,
      "unit": "each",
      "packageSize": "2 pack",
      "barcode": ["9351950030557"],
      "isAvailable": true
    },
    {
      "id": "w358119-9310115249593",
      "store": "woolworths",
      "name": "Bonds Explorer Socks Mens Black Size 11-14",
      "brand": "Bonds",
      "price": 7,
      "orgPrice": 14,
      "categoryIds": ["household"],
      "imagePath": "https://cdn0.woolworths.media/content/wowproductimages/large/358119.jpg",
      "cupPrice": null,
      "unit": "each",
      "packageSize": "1pk",
      "barcode": ["9310115249593"],
      "isAvailable": true
    },
    {
      "id": "w56134-9310115004406",
      "store": "woolworths",
      "name": "Bonds Explorer Socks Mens Black Size 6-10",
      "brand": "Bonds",
      "price": 7,
      "orgPrice": 14,
      "categoryIds": ["household"],
      "imagePath": "https://cdn0.woolworths.media/content/wowproductimages/large/056134.jpg",
      "cupPrice": null,
      "unit": "each",
      "packageSize": "each",
      "barcode": ["9310115004406"],
      "isAvailable": true
    },
    {
      "id": "w357765-9310115249722",
      "store": "woolworths",
      "name": "Bonds Explorer Socks Mens Navy Size 11-14",
      "brand": "Bonds",
      "price": 7,
      "orgPrice": 14,
      "categoryIds": ["household"],
      "imagePath": "https://cdn0.woolworths.media/content/wowproductimages/large/357765.jpg",
      "cupPrice": null,
      "unit": "each",
      "packageSize": "each",
      "barcode": ["9310115249722"],
      "isAvailable": true
    },
    {
      "id": "w356187-9310115004413",
      "store": "woolworths",
      "name": "Bonds Explorer Socks Mens Navy Size 6-10",
      "brand": "Bonds",
      "price": 7,
      "orgPrice": 14,
      "categoryIds": ["household"],
      "imagePath": "https://cdn0.woolworths.media/content/wowproductimages/large/356187.jpg",
      "cupPrice": "$7.00 / 1ea",
      "unit": "each",
      "packageSize": "each",
      "barcode": ["9310115004413"],
      "isAvailable": true
    },
    {
      "id": "w660239-9312997160607",
      "store": "woolworths",
      "name": "Bonds Full Brief Comfytails Side Seam Free Size 12",
      "brand": "Bonds",
      "price": 11,
      "orgPrice": 22,
      "categoryIds": ["household"],
      "imagePath": "https://cdn0.woolworths.media/content/wowproductimages/large/660239.jpg",
      "cupPrice": null,
      "unit": "each",
      "packageSize": "2 pack",
      "barcode": ["9312997160607"],
      "isAvailable": true
    },
    {
      "id": "w660182-9312997160614",
      "store": "woolworths",
      "name": "Bonds Full Brief Comfytails Side Seam Free Size 14",
      "brand": "Bonds",
      "price": 11,
      "orgPrice": 22,
      "categoryIds": ["household"],
      "imagePath": "https://cdn0.woolworths.media/content/wowproductimages/large/660182.jpg",
      "cupPrice": null,
      "unit": "each",
      "packageSize": "2 pack",
      "barcode": ["9312997160614"],
      "isAvailable": true
    },
    {
      "id": "w660185-9312997160621",
      "store": "woolworths",
      "name": "Bonds Full Brief Comfytails Side Seam Free Size 16",
      "brand": "Bonds",
      "price": 11,
      "orgPrice": 22,
      "categoryIds": ["household"],
      "imagePath": "https://cdn0.woolworths.media/content/wowproductimages/large/660185.jpg",
      "cupPrice": null,
      "unit": "each",
      "packageSize": "2 pack",
      "barcode": ["9312997160621"],
      "isAvailable": true
    },
    {
      "id": "w660229-9351950030861",
      "store": "woolworths",
      "name": "Bonds Gee Comfytails Side Seam Free Size 10",
      "brand": "Bonds",
      "price": 11,
      "orgPrice": 22,
      "categoryIds": ["household"],
      "imagePath": "https://cdn0.woolworths.media/content/wowproductimages/large/660229.jpg",
      "cupPrice": null,
      "unit": "each",
      "packageSize": "2 pack",
      "barcode": ["9351950030861"],
      "isAvailable": true
    },
    {
      "id": "w660246-9351950030878",
      "store": "woolworths",
      "name": "Bonds Gee Comfytails Side Seam Free Size 12",
      "brand": "Bonds",
      "price": 11,
      "orgPrice": 22,
      "categoryIds": ["household"],
      "imagePath": "https://cdn0.woolworths.media/content/wowproductimages/large/660246.jpg",
      "cupPrice": null,
      "unit": "each",
      "packageSize": "2 pack",
      "barcode": ["9351950030878"],
      "isAvailable": true
    },
    {
      "id": "w660263-9351950026437",
      "store": "woolworths",
      "name": "Bonds Girls Brief Size 4 To 6 & 6 To 8",
      "brand": "Bonds",
      "price": 7,
      "orgPrice": 14,
      "categoryIds": ["household"],
      "imagePath": "https://cdn0.woolworths.media/content/wowproductimages/large/660263.jpg",
      "cupPrice": null,
      "unit": "each",
      "packageSize": "4 pack",
      "barcode": ["9351950026437"],
      "isAvailable": true
    },
    {
      "id": "w756234-9312997074256",
      "store": "woolworths",
      "name": "Bonds Girls Underwear Cotton Brief (8-10 & 10-12)",
      "brand": "Bonds",
      "price": 7,
      "orgPrice": 14,
      "categoryIds": ["household"],
      "imagePath": "https://cdn0.woolworths.media/content/wowproductimages/large/756234.jpg",
      "cupPrice": "$1.75 / 1ea",
      "unit": "each",
      "packageSize": "4 pack",
      "barcode": ["9312997074256"],
      "isAvailable": true
    },
    {
      "id": "w756215-9312997209214",
      "store": "woolworths",
      "name": "Bonds Girls Underwear Cotton Brief 12-14 & 14-16",
      "brand": "Bonds",
      "price": 7,
      "orgPrice": 14,
      "categoryIds": ["household"],
      "imagePath": "https://cdn0.woolworths.media/content/wowproductimages/large/756215.jpg",
      "cupPrice": "$1.75 / 1ea",
      "unit": "each",
      "packageSize": "4 pack",
      "barcode": ["9312997209214"],
      "isAvailable": true
    },
    {
      "id": "w431221-9312688849811",
      "store": "woolworths",
      "name": "Bonds Instatan Sheer Stockings Slim Tight Light Brown Large",
      "brand": "Bonds",
      "price": 4,
      "orgPrice": 8,
      "categoryIds": ["household"],
      "imagePath": "https://cdn0.woolworths.media/content/wowproductimages/large/431221.jpg",
      "cupPrice": null,
      "unit": "each",
      "packageSize": "each",
      "barcode": ["9312688849811"],
      "isAvailable": true
    },
    {
      "id": "w431197-9312688849828",
      "store": "woolworths",
      "name": "Bonds Instatan Sheer Stockings Slim Tight Light Brown Medium",
      "brand": "Bonds",
      "price": 4,
      "orgPrice": 8,
      "categoryIds": ["household"],
      "imagePath": "https://cdn0.woolworths.media/content/wowproductimages/large/431197.jpg",
      "cupPrice": null,
      "unit": "each",
      "packageSize": "each",
      "barcode": ["9312688849828"],
      "isAvailable": true
    },
    {
      "id": "w431186-9312688849835",
      "store": "woolworths",
      "name": "Bonds Instatan Sheer Stockings Slim Tight Light Brown Small",
      "brand": "Bonds",
      "price": 4,
      "orgPrice": 8,
      "categoryIds": ["household"],
      "imagePath": "https://cdn0.woolworths.media/content/wowproductimages/large/431186.jpg",
      "cupPrice": null,
      "unit": "each",
      "packageSize": "each",
      "barcode": ["9312688849835"],
      "isAvailable": true
    },
    {
      "id": "w431228-9312688849781",
      "store": "woolworths",
      "name": "Bonds Instatan Sheer Stockings Slim Tight Medium Brown Large",
      "brand": "Bonds",
      "price": 4,
      "orgPrice": 8,
      "categoryIds": ["household"],
      "imagePath": "https://cdn0.woolworths.media/content/wowproductimages/large/431228.jpg",
      "cupPrice": null,
      "unit": "each",
      "packageSize": "each",
      "barcode": ["9312688849781"],
      "isAvailable": true
    },
    {
      "id": "w431232-9312688849798",
      "store": "woolworths",
      "name": "Bonds Instatan Sheer Stockings Slim Tight Medium Brown Medium",
      "brand": "Bonds",
      "price": 4,
      "orgPrice": 8,
      "categoryIds": ["household"],
      "imagePath": "https://cdn0.woolworths.media/content/wowproductimages/large/431232.jpg",
      "cupPrice": null,
      "unit": "each",
      "packageSize": "each",
      "barcode": ["9312688849798"],
      "isAvailable": true
    },
    {
      "id": "w431224-9312688849804",
      "store": "woolworths",
      "name": "Bonds Instatan Sheer Stockings Slim Tight Medium Brown Small",
      "brand": "Bonds",
      "price": 4,
      "orgPrice": 8,
      "categoryIds": ["household"],
      "imagePath": "https://cdn0.woolworths.media/content/wowproductimages/large/431224.jpg",
      "cupPrice": null,
      "unit": "each",
      "packageSize": "each",
      "barcode": ["9312688849804"],
      "isAvailable": true
    },
    {
      "id": "w282581-9312997866363",
      "store": "woolworths",
      "name": "Bonds Kids Socks Logo Sport 1/4 Size 13-3",
      "brand": "Bonds",
      "price": 6,
      "orgPrice": 12,
      "categoryIds": ["household"],
      "imagePath": "https://cdn0.woolworths.media/content/wowproductimages/large/282581.jpg",
      "cupPrice": "$2.80 / 1ea",
      "unit": "each",
      "packageSize": "3 pack",
      "barcode": ["9312997866363"],
      "isAvailable": true
    },
    {
      "id": "w384681-9312997521231",
      "store": "woolworths",
      "name": "Bonds Kids Socks Logo Sport 1/4 Size 2-8",
      "brand": "Bonds",
      "price": 6,
      "orgPrice": 12,
      "categoryIds": ["household"],
      "imagePath": "https://cdn0.woolworths.media/content/wowproductimages/large/384681.jpg",
      "cupPrice": "$2.80 / 1ea",
      "unit": "each",
      "packageSize": "3 pack",
      "barcode": ["9312997521231"],
      "isAvailable": true
    },
    {
      "id": "w282583-9312997866356",
      "store": "woolworths",
      "name": "Bonds Kids Socks Logo Sport 1/4 Size 9-12",
      "brand": "Bonds",
      "price": 6,
      "orgPrice": 12,
      "categoryIds": ["household"],
      "imagePath": "https://cdn0.woolworths.media/content/wowproductimages/large/282583.jpg",
      "cupPrice": "$2.80 / 1ea",
      "unit": "each",
      "packageSize": "3 pack",
      "barcode": ["9312997866356"],
      "isAvailable": true
    },
    {
      "id": "w253625-9310308929561",
      "store": "woolworths",
      "name": "Bonds Kids Socks Lowcut Logo 13 - 3",
      "brand": "Bonds",
      "price": 6,
      "orgPrice": 12,
      "categoryIds": ["household"],
      "imagePath": "https://cdn0.woolworths.media/content/wowproductimages/large/253625.jpg",
      "cupPrice": "$2.00 / 1ea",
      "unit": "each",
      "packageSize": "3 pack",
      "barcode": ["9310308929561"],
      "isAvailable": true
    },
    {
      "id": "w384682-9310308929578",
      "store": "woolworths",
      "name": "Bonds Kids Socks Lowcut Sport Size 3-8",
      "brand": "Bonds",
      "price": 6,
      "orgPrice": 12,
      "categoryIds": ["household"],
      "imagePath": "https://cdn0.woolworths.media/content/wowproductimages/large/384682.jpg",
      "cupPrice": "$2.00 / 1ea",
      "unit": "each",
      "packageSize": "3 pack",
      "barcode": ["9310308929578"],
      "isAvailable": true
    },
    {
      "id": "w17093-9354009250784",
      "store": "woolworths",
      "name": "Bonds Ladies Sport Tech Socks Size 3 To 8",
      "brand": "Bonds",
      "price": 7,
      "orgPrice": 14,
      "categoryIds": ["household"],
      "imagePath": "https://cdn0.woolworths.media/content/wowproductimages/large/017093.jpg",
      "cupPrice": null,
      "unit": "each",
      "packageSize": "2 pack",
      "barcode": ["9354009250784"],
      "isAvailable": true
    },
    {
      "id": "w17114-9354009250791",
      "store": "woolworths",
      "name": "Bonds Ladies Sport Tech Socks Size 8 To 11",
      "brand": "Bonds",
      "price": 7,
      "orgPrice": 14,
      "categoryIds": ["household"],
      "imagePath": "https://cdn0.woolworths.media/content/wowproductimages/large/017114.jpg",
      "cupPrice": null,
      "unit": "each",
      "packageSize": "2 pack",
      "barcode": ["9354009250791"],
      "isAvailable": true
    },
    {
      "id": "w759164-9351950133326",
      "store": "woolworths",
      "name": "Bonds Ladies Underwear Hipster Bikini Fashion Size 10",
      "brand": "Bonds",
      "price": 9,
      "orgPrice": 18,
      "categoryIds": ["household"],
      "imagePath": "https://cdn0.woolworths.media/content/wowproductimages/large/759164.jpg",
      "cupPrice": null,
      "unit": "each",
      "packageSize": "2 pack",
      "barcode": ["9351950133326"],
      "isAvailable": true
    },
    {
      "id": "w759171-9351950133333",
      "store": "woolworths",
      "name": "Bonds Ladies Underwear Hipster Bikini Fashion Size 12",
      "brand": "Bonds",
      "price": 9,
      "orgPrice": 18,
      "categoryIds": ["household"],
      "imagePath": "https://cdn0.woolworths.media/content/wowproductimages/large/759171.jpg",
      "cupPrice": null,
      "unit": "each",
      "packageSize": "2 pack",
      "barcode": ["9351950133333"],
      "isAvailable": true
    },
    {
      "id": "w759150-9351950133340",
      "store": "woolworths",
      "name": "Bonds Ladies Underwear Hipster Bikini Fashion Size 14",
      "brand": "Bonds",
      "price": 9,
      "orgPrice": 18,
      "categoryIds": ["household"],
      "imagePath": "https://cdn0.woolworths.media/content/wowproductimages/large/759150.jpg",
      "cupPrice": null,
      "unit": "each",
      "packageSize": "2 pack",
      "barcode": ["9351950133340"],
      "isAvailable": true
    },
    {
      "id": "w759182-9310308331951",
      "store": "woolworths",
      "name": "Bonds Ladies Underwear Hipster Bikini Fashion Size 16",
      "brand": "Bonds",
      "price": 9,
      "orgPrice": 18,
      "categoryIds": ["household"],
      "imagePath": "https://cdn0.woolworths.media/content/wowproductimages/large/759182.jpg",
      "cupPrice": null,
      "unit": "each",
      "packageSize": "2 pack",
      "barcode": ["9310308331951"],
      "isAvailable": true
    },
    {
      "id": "w759129-9310308333924",
      "store": "woolworths",
      "name": "Bonds Ladies Underwear Hipster Boyleg Fashion Size 10",
      "brand": "Bonds",
      "price": 9,
      "orgPrice": 18,
      "categoryIds": ["household"],
      "imagePath": "https://cdn0.woolworths.media/content/wowproductimages/large/759129.jpg",
      "cupPrice": null,
      "unit": "each",
      "packageSize": "2 pack",
      "barcode": ["9310308333924"],
      "isAvailable": true
    },
    {
      "id": "w759184-9310308333931",
      "store": "woolworths",
      "name": "Bonds Ladies Underwear Hipster Boyleg Fashion Size 12",
      "brand": "Bonds",
      "price": 9,
      "orgPrice": 18,
      "categoryIds": ["household"],
      "imagePath": "https://cdn0.woolworths.media/content/wowproductimages/large/759184.jpg",
      "cupPrice": null,
      "unit": "each",
      "packageSize": "2 pack",
      "barcode": ["9310308333931"],
      "isAvailable": true
    },
    {
      "id": "w759156-9310308333948",
      "store": "woolworths",
      "name": "Bonds Ladies Underwear Hipster Boyleg Fashion Size 14",
      "brand": "Bonds",
      "price": 9,
      "orgPrice": 18,
      "categoryIds": ["household"],
      "imagePath": "https://cdn0.woolworths.media/content/wowproductimages/large/759156.jpg",
      "cupPrice": null,
      "unit": "each",
      "packageSize": "2 pack",
      "barcode": ["9310308333948"],
      "isAvailable": true
    },
    {
      "id": "w759191-9310308333955",
      "store": "woolworths",
      "name": "Bonds Ladies Underwear Hipster Boyleg Fashion Size 16",
      "brand": "Bonds",
      "price": 9,
      "orgPrice": 18,
      "categoryIds": ["household"],
      "imagePath": "https://cdn0.woolworths.media/content/wowproductimages/large/759191.jpg",
      "cupPrice": null,
      "unit": "each",
      "packageSize": "2 pack",
      "barcode": ["9310308333955"],
      "isAvailable": true
    },
    {
      "id": "w828731-9310259533503",
      "store": "woolworths",
      "name": "Bonds Low Cut Heel Grip Footlets Black",
      "brand": "Bonds",
      "price": 3,
      "orgPrice": 6,
      "categoryIds": ["household"],
      "imagePath": "https://cdn0.woolworths.media/content/wowproductimages/large/828731.jpg",
      "cupPrice": null,
      "unit": "each",
      "packageSize": "each",
      "barcode": ["9310259533503"],
      "isAvailable": true
    },
    {
      "id": "w828722-9310259427420",
      "store": "woolworths",
      "name": "Bonds Low Cut Heel Grip Footlets Nude",
      "brand": "Bonds",
      "price": 3,
      "orgPrice": 6,
      "categoryIds": ["household"],
      "imagePath": "https://cdn0.woolworths.media/content/wowproductimages/large/828722.jpg",
      "cupPrice": null,
      "unit": "each",
      "packageSize": "each",
      "barcode": ["9310259427420"],
      "isAvailable": true
    },
    {
      "id": "w56048-9351950501835",
      "store": "woolworths",
      "name": "Bonds Maternity Crop Legging Skinny Medium-large",
      "brand": "Bonds",
      "price": 11,
      "orgPrice": 22,
      "categoryIds": ["household"],
      "imagePath": "https://cdn0.woolworths.media/content/wowproductimages/large/056048.jpg",
      "cupPrice": null,
      "unit": "each",
      "packageSize": "each",
      "barcode": ["9351950501835"],
      "isAvailable": true
    },
    {
      "id": "w659889-9354779901251",
      "store": "woolworths",
      "name": "Bonds Mens Fashion Guy Front Trunk Size Large",
      "brand": "Bonds",
      "price": 12,
      "orgPrice": 24,
      "categoryIds": ["household"],
      "imagePath": "https://cdn0.woolworths.media/content/wowproductimages/large/659889.jpg",
      "cupPrice": null,
      "unit": "each",
      "packageSize": "each",
      "barcode": ["9354779901251"],
      "isAvailable": true
    },
    {
      "id": "w659888-9312997413291",
      "store": "woolworths",
      "name": "Bonds Mens Fashion Guy Front Trunk Size Medium",
      "brand": "Bonds",
      "price": 12,
      "orgPrice": 24,
      "categoryIds": ["household"],
      "imagePath": "https://cdn0.woolworths.media/content/wowproductimages/large/659888.jpg",
      "cupPrice": null,
      "unit": "each",
      "packageSize": "each",
      "barcode": ["9312997413291"],
      "isAvailable": true
    },
    {
      "id": "w659829-9312997413314",
      "store": "woolworths",
      "name": "Bonds Mens Fashion Guy Front Trunk Size X-large",
      "brand": "Bonds",
      "price": 12,
      "orgPrice": 24,
      "categoryIds": ["household"],
      "imagePath": "https://cdn0.woolworths.media/content/wowproductimages/large/659829.jpg",
      "cupPrice": null,
      "unit": "each",
      "packageSize": "each",
      "barcode": ["9312997413314"],
      "isAvailable": true
    },
    {
      "id": "w533568-9310259949229",
      "store": "woolworths",
      "name": "Bonds Mens Fit Trunk Small",
      "brand": "Bonds",
      "price": 11,
      "orgPrice": 22,
      "categoryIds": ["household"],
      "imagePath": "https://cdn0.woolworths.media/content/wowproductimages/large/533568.jpg",
      "cupPrice": "$11.00 / 1ea",
      "unit": "each",
      "packageSize": "each",
      "barcode": ["9310259949229"],
      "isAvailable": true
    },
    {
      "id": "w533575-9350461653378",
      "store": "woolworths",
      "name": "Bonds Mens Guy Front Trunk Size S",
      "brand": "Bonds",
      "price": 11,
      "orgPrice": 22,
      "categoryIds": ["household"],
      "imagePath": "https://cdn0.woolworths.media/content/wowproductimages/large/533575.jpg",
      "cupPrice": "$11.00 / 1ea",
      "unit": "each",
      "packageSize": "each",
      "barcode": ["9350461653378"],
      "isAvailable": true
    },
    {
      "id": "w659881-9351257997942",
      "store": "woolworths",
      "name": "Bonds Mens Logo Light No Show Size 11-14",
      "brand": "Bonds",
      "price": 7,
      "orgPrice": 14,
      "categoryIds": ["household"],
      "imagePath": "https://cdn0.woolworths.media/content/wowproductimages/large/659881.jpg",
      "cupPrice": null,
      "unit": "each",
      "packageSize": "4 pack",
      "barcode": ["9351257997942"],
      "isAvailable": true
    },
    {
      "id": "w511498-9354009255741",
      "store": "woolworths",
      "name": "Bonds Mens Logo Socks Light Trainer Sz 6 Plus",
      "brand": "Bonds",
      "price": 7,
      "orgPrice": 14,
      "categoryIds": ["household"],
      "imagePath": "https://cdn0.woolworths.media/content/wowproductimages/large/511498.jpg",
      "cupPrice": null,
      "unit": "each",
      "packageSize": "4 pack",
      "barcode": ["9354009255741"],
      "isAvailable": true
    },
    {
      "id": "w511506-9350461578541",
      "store": "woolworths",
      "name": "Bonds Mens Logo Socks Light Trainers Sz 11 Plus",
      "brand": "Bonds",
      "price": 7,
      "orgPrice": 14,
      "categoryIds": ["household"],
      "imagePath": "https://cdn0.woolworths.media/content/wowproductimages/large/511506.jpg",
      "cupPrice": null,
      "unit": "each",
      "packageSize": "4 pack",
      "barcode": ["9350461578541"],
      "isAvailable": true
    },
    {
      "id": "w282533-9312997486875",
      "store": "woolworths",
      "name": "Bonds Mens Socks 1/4 Crew Sports Size 6-10",
      "brand": "Bonds",
      "price": 7,
      "orgPrice": 14,
      "categoryIds": ["household"],
      "imagePath": "https://cdn0.woolworths.media/content/wowproductimages/large/282533.jpg",
      "cupPrice": "$2.33 / 1ea",
      "unit": "each",
      "packageSize": "3 pack",
      "barcode": ["9312997486875"],
      "isAvailable": true
    },
    {
      "id": "w768828-9310308922418",
      "store": "woolworths",
      "name": "Bonds Mens Socks Very Comfy 6-10",
      "brand": "Bonds",
      "price": 3.5,
      "orgPrice": 7,
      "categoryIds": ["household"],
      "imagePath": "https://cdn0.woolworths.media/content/wowproductimages/large/768828.jpg",
      "cupPrice": "$3.50 / 1ea",
      "unit": "each",
      "packageSize": "each",
      "barcode": ["9310308922418"],
      "isAvailable": true
    },
    {
      "id": "w361096-9312997486868",
      "store": "woolworths",
      "name": "Bonds Mens Socks Logo 1/4 Crew Sports Size 11-14",
      "brand": "Bonds",
      "price": 7,
      "orgPrice": 14,
      "categoryIds": ["household"],
      "imagePath": "https://cdn0.woolworths.media/content/wowproductimages/large/361096.jpg",
      "cupPrice": "$2.33 / 1ea",
      "unit": "each",
      "packageSize": "3 pack",
      "barcode": ["9312997486868"],
      "isAvailable": true
    },
    {
      "id": "w17034-9354009258476",
      "store": "woolworths",
      "name": "Bonds Mens Sport Tech Socks Size 11 To 14",
      "brand": "Bonds",
      "price": 7,
      "orgPrice": 14,
      "categoryIds": ["household"],
      "imagePath": "https://cdn0.woolworths.media/content/wowproductimages/large/017034.jpg",
      "cupPrice": null,
      "unit": "each",
      "packageSize": "2 pack",
      "barcode": ["9354009258476"],
      "isAvailable": true
    },
    {
      "id": "w16921-9354009258483",
      "store": "woolworths",
      "name": "Bonds Mens Sport Tech Socks Size 6 To 10",
      "brand": "Bonds",
      "price": 7,
      "orgPrice": 14,
      "categoryIds": ["household"],
      "imagePath": "https://cdn0.woolworths.media/content/wowproductimages/large/016921.jpg",
      "cupPrice": null,
      "unit": "each",
      "packageSize": "2 pack",
      "barcode": ["9354009258483"],
      "isAvailable": true
    },
    {
      "id": "w319416-9341036390767",
      "store": "woolworths",
      "name": "Bonds Mens Underwear Fit Trunk Medium",
      "brand": "Bonds",
      "price": 11,
      "orgPrice": 22,
      "categoryIds": ["household"],
      "imagePath": "https://cdn0.woolworths.media/content/wowproductimages/large/319416.jpg",
      "cupPrice": null,
      "unit": "each",
      "packageSize": "each",
      "barcode": ["9341036390767"],
      "isAvailable": true
    },
    {
      "id": "w319419-9341036390781",
      "store": "woolworths",
      "name": "Bonds Mens Underwear Fit Trunk X Large",
      "brand": "Bonds",
      "price": 11,
      "orgPrice": 22,
      "categoryIds": ["household"],
      "imagePath": "https://cdn0.woolworths.media/content/wowproductimages/large/319419.jpg",
      "cupPrice": null,
      "unit": "each",
      "packageSize": "each",
      "barcode": ["9341036390781"],
      "isAvailable": true
    },
    {
      "id": "w758864-9311497943185",
      "store": "woolworths",
      "name": "Bonds Mens Underwear Guy Front Brief Large",
      "brand": "Bonds",
      "price": 7.5,
      "orgPrice": 15,
      "categoryIds": ["household"],
      "imagePath": "https://cdn0.woolworths.media/content/wowproductimages/large/758864.jpg",
      "cupPrice": "$7.50 / 1ea",
      "unit": "each",
      "packageSize": "each",
      "barcode": ["9311497943185"],
      "isAvailable": true
    },
    {
      "id": "w758929-9311497943192",
      "store": "woolworths",
      "name": "Bonds Mens Underwear Guy Front Brief Medium",
      "brand": "Bonds",
      "price": 7.5,
      "orgPrice": 15,
      "categoryIds": ["household"],
      "imagePath": "https://cdn0.woolworths.media/content/wowproductimages/large/758929.jpg",
      "cupPrice": "$7.50 / 1ea",
      "unit": "each",
      "packageSize": "each",
      "barcode": ["9311497943192"],
      "isAvailable": true
    },
    {
      "id": "w758891-9311497943215",
      "store": "woolworths",
      "name": "Bonds Mens Underwear Guy Front Brief Xl",
      "brand": "Bonds",
      "price": 7.5,
      "orgPrice": 15,
      "categoryIds": ["household"],
      "imagePath": "https://cdn0.woolworths.media/content/wowproductimages/large/758891.jpg",
      "cupPrice": "$7.50 / 1ea",
      "unit": "each",
      "packageSize": "each",
      "barcode": ["9311497943215"],
      "isAvailable": true
    },
    {
      "id": "w205585-9331291735069",
      "store": "woolworths",
      "name": "Bonds Mens Underwear Guy Front Trunk Size Large",
      "brand": "Bonds",
      "price": 11,
      "orgPrice": 22,
      "categoryIds": ["household"],
      "imagePath": "https://cdn0.woolworths.media/content/wowproductimages/large/205585.jpg",
      "cupPrice": null,
      "unit": "each",
      "packageSize": "each",
      "barcode": ["9331291735069"],
      "isAvailable": true
    },
    {
      "id": "w257600-9312997211453",
      "store": "woolworths",
      "name": "Bonds Mens Underwear Hipster Brief Large",
      "brand": "Bonds",
      "price": 13.5,
      "orgPrice": 27,
      "categoryIds": ["household"],
      "imagePath": "https://cdn0.woolworths.media/content/wowproductimages/large/257600.jpg",
      "cupPrice": "$2.70 / 1ea",
      "unit": "each",
      "packageSize": "5 pack",
      "barcode": ["9312997211453"],
      "isAvailable": true
    },
    {
      "id": "w257599-9312997211460",
      "store": "woolworths",
      "name": "Bonds Mens Underwear Hipster Brief Medium",
      "brand": "Bonds",
      "price": 13.5,
      "orgPrice": 27,
      "categoryIds": ["household"],
      "imagePath": "https://cdn0.woolworths.media/content/wowproductimages/large/257599.jpg",
      "cupPrice": "$2.70 / 1ea",
      "unit": "each",
      "packageSize": "5 pack",
      "barcode": ["9312997211460"],
      "isAvailable": true
    },
    {
      "id": "w257601-9312997211484",
      "store": "woolworths",
      "name": "Bonds Mens Underwear Hipster Brief X Large",
      "brand": "Bonds",
      "price": 13.5,
      "orgPrice": 27,
      "categoryIds": ["household"],
      "imagePath": "https://cdn0.woolworths.media/content/wowproductimages/large/257601.jpg",
      "cupPrice": "$2.70 / 1ea",
      "unit": "each",
      "packageSize": "5 pack",
      "barcode": ["9312997211484"],
      "isAvailable": true
    },
    {
      "id": "w257602-9312997211491",
      "store": "woolworths",
      "name": "Bonds Mens Underwear Hipster Brief Xx Large",
      "brand": "Bonds",
      "price": 13.5,
      "orgPrice": 27,
      "categoryIds": ["household"],
      "imagePath": "https://cdn0.woolworths.media/content/wowproductimages/large/257602.jpg",
      "cupPrice": "$2.70 / 1ea",
      "unit": "each",
      "packageSize": "5 pack",
      "barcode": ["9312997211491"],
      "isAvailable": true
    },
    {
      "id": "w881608-9310259968909",
      "store": "woolworths",
      "name": "Bonds Mens Work Crew Socks Size 11+",
      "brand": "Bonds",
      "price": 8,
      "orgPrice": 16,
      "categoryIds": ["household"],
      "imagePath": "https://cdn0.woolworths.media/content/wowproductimages/large/881608.jpg",
      "cupPrice": null,
      "unit": "each",
      "packageSize": "3 pack",
      "barcode": ["9310259968909"],
      "isAvailable": true
    },
    {
      "id": "w881352-9310259968916",
      "store": "woolworths",
      "name": "Bonds Mens Work Crew Socks Size 6+",
      "brand": "Bonds",
      "price": 8,
      "orgPrice": 16,
      "categoryIds": ["household"],
      "imagePath": "https://cdn0.woolworths.media/content/wowproductimages/large/881352.jpg",
      "cupPrice": null,
      "unit": "each",
      "packageSize": "3 pack",
      "barcode": ["9310259968916"],
      "isAvailable": true
    },
    {
      "id": "w660251-9351950030564",
      "store": "woolworths",
      "name": "Bonds Midi Comfytails Size 12",
      "brand": "Bonds",
      "price": 11,
      "orgPrice": 22,
      "categoryIds": ["household"],
      "imagePath": "https://cdn0.woolworths.media/content/wowproductimages/large/660251.jpg",
      "cupPrice": null,
      "unit": "each",
      "packageSize": "2pk",
      "barcode": ["9351950030564"],
      "isAvailable": true
    },
    {
      "id": "w370990-9310259896424",
      "store": "woolworths",
      "name": "Bonds No Show Footlets Black (3-8 & 8-11)",
      "brand": "Bonds",
      "price": 2,
      "orgPrice": 4,
      "categoryIds": ["household"],
      "imagePath": "https://cdn0.woolworths.media/content/wowproductimages/large/370990.jpg",
      "cupPrice": null,
      "unit": "each",
      "packageSize": "each",
      "barcode": ["9310259896424"],
      "isAvailable": true
    },
    {
      "id": "w130581-9312997692467",
      "store": "woolworths",
      "name": "Bonds No Show Footlets Nude (3-8 & 8-11)",
      "brand": "Bonds",
      "price": 2,
      "orgPrice": 4,
      "categoryIds": ["household"],
      "imagePath": "https://cdn0.woolworths.media/content/wowproductimages/large/130581.jpg",
      "cupPrice": null,
      "unit": "each",
      "packageSize": "each",
      "barcode": ["9312997692467"],
      "isAvailable": true
    },
    {
      "id": "w38205-9337367071468",
      "store": "woolworths",
      "name": "Bonds Singlet Mens Chesty Coloured Size 16",
      "brand": "Bonds",
      "price": 6.5,
      "orgPrice": 13,
      "categoryIds": ["household"],
      "imagePath": "https://cdn0.woolworths.media/content/wowproductimages/large/038205.jpg",
      "cupPrice": null,
      "unit": "each",
      "packageSize": "1pk",
      "barcode": ["9337367071468"],
      "isAvailable": true
    },
    {
      "id": "w38215-9337367071475",
      "store": "woolworths",
      "name": "Bonds Singlet Mens Chesty Coloured Size 18",
      "brand": "Bonds",
      "price": 6.5,
      "orgPrice": 13,
      "categoryIds": ["household"],
      "imagePath": "https://cdn0.woolworths.media/content/wowproductimages/large/038215.jpg",
      "cupPrice": null,
      "unit": "each",
      "packageSize": "1pk",
      "barcode": ["9337367071475"],
      "isAvailable": true
    },
    {
      "id": "w38351-9337367071482",
      "store": "woolworths",
      "name": "Bonds Singlet Mens Chesty Coloured Size 20",
      "brand": "Bonds",
      "price": 6.5,
      "orgPrice": 13,
      "categoryIds": ["household"],
      "imagePath": "https://cdn0.woolworths.media/content/wowproductimages/large/038351.jpg",
      "cupPrice": null,
      "unit": "each",
      "packageSize": "1pk",
      "barcode": ["9337367071482"],
      "isAvailable": true
    },
    {
      "id": "w38403-9354779170664",
      "store": "woolworths",
      "name": "Bonds Singlet Mens Chesty White Size 16",
      "brand": "Bonds",
      "price": 6.5,
      "orgPrice": 13,
      "categoryIds": ["household"],
      "imagePath": "https://cdn0.woolworths.media/content/wowproductimages/large/038403.jpg",
      "cupPrice": null,
      "unit": "each",
      "packageSize": "1pk",
      "barcode": ["9354779170664"],
      "isAvailable": true
    },
    {
      "id": "w38404-9354779170671",
      "store": "woolworths",
      "name": "Bonds Singlet Mens Chesty White Size 18",
      "brand": "Bonds",
      "price": 6.5,
      "orgPrice": 13,
      "categoryIds": ["household"],
      "imagePath": "https://cdn0.woolworths.media/content/wowproductimages/large/038404.jpg",
      "cupPrice": null,
      "unit": "each",
      "packageSize": "1pk",
      "barcode": ["9354779170671"],
      "isAvailable": true
    },
    {
      "id": "w38423-9354779170688",
      "store": "woolworths",
      "name": "Bonds Singlet Mens Chesty White Size 20",
      "brand": "Bonds",
      "price": 6.5,
      "orgPrice": 13,
      "categoryIds": ["household"],
      "imagePath": "https://cdn0.woolworths.media/content/wowproductimages/large/038423.jpg",
      "cupPrice": null,
      "unit": "each",
      "packageSize": "1pk",
      "barcode": ["9354779170688"],
      "isAvailable": true
    },
    {
      "id": "w361088-9342830355136",
      "store": "woolworths",
      "name": "Bonds Socks Mens Business Black Size 11-14",
      "brand": "Bonds",
      "price": 7,
      "orgPrice": 14,
      "categoryIds": ["household"],
      "imagePath": "https://cdn0.woolworths.media/content/wowproductimages/large/361088.jpg",
      "cupPrice": "$2.33 / 1ea",
      "unit": "each",
      "packageSize": "3 pack",
      "barcode": ["9342830355136"],
      "isAvailable": true
    },
    {
      "id": "w246145-9312997810540",
      "store": "woolworths",
      "name": "Bonds Socks Mens Business Logo Size 6-10",
      "brand": "Bonds",
      "price": 7,
      "orgPrice": 14,
      "categoryIds": ["household"],
      "imagePath": "https://cdn0.woolworths.media/content/wowproductimages/large/246145.jpg",
      "cupPrice": "$2.33 / 1ea",
      "unit": "each",
      "packageSize": "3 pack",
      "barcode": ["9312997810540"],
      "isAvailable": true
    },
    {
      "id": "w7394-9312997434616",
      "store": "woolworths",
      "name": "Bonds Socks Mens Business Plain Size 6-10",
      "brand": "Bonds",
      "price": 7,
      "orgPrice": 14,
      "categoryIds": ["household"],
      "imagePath": "https://cdn0.woolworths.media/content/wowproductimages/large/007394.jpg",
      "cupPrice": "$2.33 / 1ea",
      "unit": "each",
      "packageSize": "3pk",
      "barcode": ["9312997434616"],
      "isAvailable": true
    },
    {
      "id": "w283176-9312997098320",
      "store": "woolworths",
      "name": "Bonds Socks Mens Logo Lowcut Size 11-14",
      "brand": "Bonds",
      "price": 7,
      "orgPrice": 14,
      "categoryIds": ["household"],
      "imagePath": "https://cdn0.woolworths.media/content/wowproductimages/large/283176.jpg",
      "cupPrice": "$2.33 / 1ea",
      "unit": "each",
      "packageSize": "3 pack",
      "barcode": ["9312997098320"],
      "isAvailable": true
    },
    {
      "id": "w253619-9312997486851",
      "store": "woolworths",
      "name": "Bonds Socks Mens Logo Lowcut Size 6-10",
      "brand": "Bonds",
      "price": 7,
      "orgPrice": 14,
      "categoryIds": ["household"],
      "imagePath": "https://cdn0.woolworths.media/content/wowproductimages/large/253619.jpg",
      "cupPrice": "$2.33 / 1ea",
      "unit": "each",
      "packageSize": "3pk",
      "barcode": ["9312997486851"],
      "isAvailable": true
    },
    {
      "id": "w361095-9342830355112",
      "store": "woolworths",
      "name": "Bonds Socks Mens No Show Trainers 11-14",
      "brand": "Bonds",
      "price": 7,
      "orgPrice": 14,
      "categoryIds": ["household"],
      "imagePath": "https://cdn0.woolworths.media/content/wowproductimages/large/361095.jpg",
      "cupPrice": "$2.33 / 1ea",
      "unit": "each",
      "packageSize": "3 pack",
      "barcode": ["9342830355112"],
      "isAvailable": true
    },
    {
      "id": "w768834-9310308922401",
      "store": "woolworths",
      "name": "Bonds Socks Mens Very Comfy Size 11-14",
      "brand": "Bonds",
      "price": 3.5,
      "orgPrice": 7,
      "categoryIds": ["household"],
      "imagePath": "https://cdn0.woolworths.media/content/wowproductimages/large/768834.jpg",
      "cupPrice": "$3.50 / 1ea",
      "unit": "each",
      "packageSize": "each",
      "barcode": ["9310308922401"],
      "isAvailable": true
    },
    {
      "id": "w17889-9351950927451",
      "store": "woolworths",
      "name": "Bonds Super Low Cut Sock Black Black One Size",
      "brand": "Bonds",
      "price": 7.5,
      "orgPrice": 15,
      "categoryIds": ["household"],
      "imagePath": "https://cdn0.woolworths.media/content/wowproductimages/large/017889.jpg",
      "cupPrice": null,
      "unit": "each",
      "packageSize": "2 pack",
      "barcode": ["9351950927451"],
      "isAvailable": true
    },
    {
      "id": "w17923-9351950927468",
      "store": "woolworths",
      "name": "Bonds Super Low Cut Sock Natural Natural One Size",
      "brand": "Bonds",
      "price": 7.5,
      "orgPrice": 15,
      "categoryIds": ["household"],
      "imagePath": "https://cdn0.woolworths.media/content/wowproductimages/large/017923.jpg",
      "cupPrice": null,
      "unit": "each",
      "packageSize": "2 pack",
      "barcode": ["9351950927468"],
      "isAvailable": true
    },
    {
      "id": "w510031-9350461205195",
      "store": "woolworths",
      "name": "Bonds Underwear Mens Action Trunk Large",
      "brand": "Bonds",
      "price": 11,
      "orgPrice": 22,
      "categoryIds": ["household"],
      "imagePath": "https://cdn0.woolworths.media/content/wowproductimages/large/510031.jpg",
      "cupPrice": null,
      "unit": "each",
      "packageSize": "each",
      "barcode": ["9350461205195"],
      "isAvailable": true
    },
    {
      "id": "w568895-9351257065757",
      "store": "woolworths",
      "name": "Bonds Wash Bag 1 Size",
      "brand": "Bonds",
      "price": 4,
      "orgPrice": 8,
      "categoryIds": ["household"],
      "imagePath": "https://cdn0.woolworths.media/content/wowproductimages/large/568895.jpg",
      "cupPrice": null,
      "unit": "each",
      "packageSize": "each",
      "barcode": ["9351257065757"],
      "isAvailable": true
    },
    {
      "id": "w511541-9350461682095",
      "store": "woolworths",
      "name": "Bonds Women's Cottontails Full Free Size 16",
      "brand": "Bonds",
      "price": 8,
      "orgPrice": 16,
      "categoryIds": ["household"],
      "imagePath": "https://cdn0.woolworths.media/content/wowproductimages/large/511541.jpg",
      "cupPrice": null,
      "unit": "each",
      "packageSize": "each",
      "barcode": ["9350461682095"],
      "isAvailable": true
    },
    {
      "id": "w24456-9311985004206",
      "store": "woolworths",
      "name": "Bonds Women's Underwear Cottontails Size 12",
      "brand": "Bonds",
      "price": 6.5,
      "orgPrice": 14,
      "categoryIds": ["household"],
      "imagePath": "https://cdn0.woolworths.media/content/wowproductimages/large/024456.jpg",
      "cupPrice": null,
      "unit": "each",
      "packageSize": "2 pack",
      "barcode": ["9311985004206"],
      "isAvailable": true
    },
    {
      "id": "w17504-9354779099972",
      "store": "woolworths",
      "name": "Bonds Womens Comfy Crop Size S",
      "brand": "Bonds",
      "price": 7.5,
      "orgPrice": 15,
      "categoryIds": ["household"],
      "imagePath": "https://cdn0.woolworths.media/content/wowproductimages/large/017504.jpg",
      "cupPrice": null,
      "unit": "each",
      "packageSize": "each",
      "barcode": ["9354779099972"],
      "isAvailable": true
    },
    {
      "id": "w17480-9354779099989",
      "store": "woolworths",
      "name": "Bonds Womens Comfy Crop Size Xl",
      "brand": "Bonds",
      "price": 7.5,
      "orgPrice": 15,
      "categoryIds": ["household"],
      "imagePath": "https://cdn0.woolworths.media/content/wowproductimages/large/017480.jpg",
      "cupPrice": null,
      "unit": "each",
      "packageSize": "each",
      "barcode": ["9354779099989"],
      "isAvailable": true
    },
    {
      "id": "w17481-9354779099965",
      "store": "woolworths",
      "name": "Bonds Womens Comfy Crop M Size M",
      "brand": "Bonds",
      "price": 7.5,
      "orgPrice": 15,
      "categoryIds": ["household"],
      "imagePath": "https://cdn0.woolworths.media/content/wowproductimages/large/017481.jpg",
      "cupPrice": null,
      "unit": "each",
      "packageSize": "each",
      "barcode": ["9354779099965"],
      "isAvailable": true
    },
    {
      "id": "w511530-9312997098429",
      "store": "woolworths",
      "name": "Bonds Womens Logo Socks Light No Show Sz 3 Plus",
      "brand": "Bonds",
      "price": 7,
      "orgPrice": 14,
      "categoryIds": ["household"],
      "imagePath": "https://cdn0.woolworths.media/content/wowproductimages/large/511530.jpg",
      "cupPrice": null,
      "unit": "each",
      "packageSize": "4 pack",
      "barcode": ["9312997098429"],
      "isAvailable": true
    },
    {
      "id": "w511499-9312997098436",
      "store": "woolworths",
      "name": "Bonds Womens Logo Socks Light No Show Sz 8 Plus",
      "brand": "Bonds",
      "price": 7,
      "orgPrice": 14,
      "categoryIds": ["household"],
      "imagePath": "https://cdn0.woolworths.media/content/wowproductimages/large/511499.jpg",
      "cupPrice": null,
      "unit": "each",
      "packageSize": "4 pack",
      "barcode": ["9312997098436"],
      "isAvailable": true
    },
    {
      "id": "w282756-9312997493293",
      "store": "woolworths",
      "name": "Bonds Womens Socks Logo 1/4 Sports Size 3-8",
      "brand": "Bonds",
      "price": 7,
      "orgPrice": 14,
      "categoryIds": ["household"],
      "imagePath": "https://cdn0.woolworths.media/content/wowproductimages/large/282756.jpg",
      "cupPrice": "$2.33 / 1ea",
      "unit": "each",
      "packageSize": "3 pack",
      "barcode": ["9312997493293"],
      "isAvailable": true
    },
    {
      "id": "w253620-9312997486592",
      "store": "woolworths",
      "name": "Bonds Womens Socks Logo Low Cut Logo Size 3-8",
      "brand": "Bonds",
      "price": 7,
      "orgPrice": 14,
      "categoryIds": ["household"],
      "imagePath": "https://cdn0.woolworths.media/content/wowproductimages/large/253620.jpg",
      "cupPrice": "$2.33 / 1ea",
      "unit": "each",
      "packageSize": "3 pack",
      "barcode": ["9312997486592"],
      "isAvailable": true
    },
    {
      "id": "w283174-9312997486608",
      "store": "woolworths",
      "name": "Bonds Womens Socks Logo Low Cut Size 8-11",
      "brand": "Bonds",
      "price": 7,
      "orgPrice": 14,
      "categoryIds": ["household"],
      "imagePath": "https://cdn0.woolworths.media/content/wowproductimages/large/283174.jpg",
      "cupPrice": "$2.33 / 1ea",
      "unit": "each",
      "packageSize": "3 pack",
      "barcode": ["9312997486608"],
      "isAvailable": true
    },
    {
      "id": "w361121-9312997493309",
      "store": "woolworths",
      "name": "Bonds Womens Socks Logo Sports 1/4 Size 8-11",
      "brand": "Bonds",
      "price": 7,
      "orgPrice": 14,
      "categoryIds": ["household"],
      "imagePath": "https://cdn0.woolworths.media/content/wowproductimages/large/361121.jpg",
      "cupPrice": "$2.33 / 1ea",
      "unit": "each",
      "packageSize": "3 pack",
      "barcode": ["9312997493309"],
      "isAvailable": true
    },
    {
      "id": "w768789-9310308926485",
      "store": "woolworths",
      "name": "Bonds Womens Socks Very Comfy 8+",
      "brand": "Bonds",
      "price": 3.5,
      "orgPrice": 7,
      "categoryIds": ["household"],
      "imagePath": "https://cdn0.woolworths.media/content/wowproductimages/large/768789.jpg",
      "cupPrice": "$3.50 / 1ea",
      "unit": "each",
      "packageSize": "each",
      "barcode": ["9310308926485"],
      "isAvailable": true
    },
    {
      "id": "w768836-9310308926478",
      "store": "woolworths",
      "name": "Bonds Womens Socks Very Comfy Size 3-8",
      "brand": "Bonds",
      "price": 3.5,
      "orgPrice": 7,
      "categoryIds": ["household"],
      "imagePath": "https://cdn0.woolworths.media/content/wowproductimages/large/768836.jpg",
      "cupPrice": "$3.50 / 1ea",
      "unit": "each",
      "packageSize": "each",
      "barcode": ["9310308926478"],
      "isAvailable": true
    },
    {
      "id": "w246913-9312997545190",
      "store": "woolworths",
      "name": "Bonds Womens Underwear Bikini Hipster Size 10",
      "brand": "Bonds",
      "price": 9,
      "orgPrice": 18,
      "categoryIds": ["household"],
      "imagePath": "https://cdn0.woolworths.media/content/wowproductimages/large/246913.jpg",
      "cupPrice": null,
      "unit": "each",
      "packageSize": "2 pack",
      "barcode": ["9312997545190"],
      "isAvailable": true
    },
    {
      "id": "w246914-9312997545206",
      "store": "woolworths",
      "name": "Bonds Womens Underwear Bikini Hipster Size 12",
      "brand": "Bonds",
      "price": 9,
      "orgPrice": 18,
      "categoryIds": ["household"],
      "imagePath": "https://cdn0.woolworths.media/content/wowproductimages/large/246914.jpg",
      "cupPrice": null,
      "unit": "each",
      "packageSize": "2 pack",
      "barcode": ["9312997545206"],
      "isAvailable": true
    },
    {
      "id": "w246915-9312997545213",
      "store": "woolworths",
      "name": "Bonds Womens Underwear Bikini Hipster Size 14",
      "brand": "Bonds",
      "price": 9,
      "orgPrice": 18,
      "categoryIds": ["household"],
      "imagePath": "https://cdn0.woolworths.media/content/wowproductimages/large/246915.jpg",
      "cupPrice": null,
      "unit": "each",
      "packageSize": "2 pack",
      "barcode": ["9312997545213"],
      "isAvailable": true
    },
    {
      "id": "w246916-9312997545220",
      "store": "woolworths",
      "name": "Bonds Womens Underwear Bikini Hipster Size 16",
      "brand": "Bonds",
      "price": 9,
      "orgPrice": 18,
      "categoryIds": ["household"],
      "imagePath": "https://cdn0.woolworths.media/content/wowproductimages/large/246916.jpg",
      "cupPrice": null,
      "unit": "each",
      "packageSize": "2 pack",
      "barcode": ["9312997545220"],
      "isAvailable": true
    },
    {
      "id": "w24458-9311985004213",
      "store": "woolworths",
      "name": "Bonds Womens Underwear Cottontails Size 14",
      "brand": "Bonds",
      "price": 6.5,
      "orgPrice": 14,
      "categoryIds": ["household"],
      "imagePath": "https://cdn0.woolworths.media/content/wowproductimages/large/024458.jpg",
      "cupPrice": null,
      "unit": "each",
      "packageSize": "2 pack",
      "barcode": ["9311985004213"],
      "isAvailable": true
    },
    {
      "id": "w24463-9311985004244",
      "store": "woolworths",
      "name": "Bonds Womens Underwear Cottontails Size 20",
      "brand": "Bonds",
      "price": 6.5,
      "orgPrice": 14,
      "categoryIds": ["household"],
      "imagePath": "https://cdn0.woolworths.media/content/wowproductimages/large/024463.jpg",
      "cupPrice": null,
      "unit": "each",
      "packageSize": "2 pack",
      "barcode": ["9311985004244"],
      "isAvailable": true
    },
    {
      "id": "w24465-9311985004251",
      "store": "woolworths",
      "name": "Bonds Womens Underwear Cottontails Size 22",
      "brand": "Bonds",
      "price": 6.5,
      "orgPrice": 14,
      "categoryIds": ["household"],
      "imagePath": "https://cdn0.woolworths.media/content/wowproductimages/large/024465.jpg",
      "cupPrice": null,
      "unit": "each",
      "packageSize": "2 pack",
      "barcode": ["9311985004251"],
      "isAvailable": true
    },
    {
      "id": "w283364-9339631619369",
      "store": "woolworths",
      "name": "Bonds Womens Underwear Hipster Bikini Size 8",
      "brand": "Bonds",
      "price": 9,
      "orgPrice": 18,
      "categoryIds": ["household"],
      "imagePath": "https://cdn0.woolworths.media/content/wowproductimages/large/283364.jpg",
      "cupPrice": null,
      "unit": "each",
      "packageSize": "2 pack",
      "barcode": ["9339631619369"],
      "isAvailable": true
    },
    {
      "id": "w246917-9311497463713",
      "store": "woolworths",
      "name": "Bonds Womens Underwear Hipster Boyleg Size 10",
      "brand": "Bonds",
      "price": 9,
      "orgPrice": 18,
      "categoryIds": ["household"],
      "imagePath": "https://cdn0.woolworths.media/content/wowproductimages/large/246917.jpg",
      "cupPrice": null,
      "unit": "each",
      "packageSize": "2 pack",
      "barcode": ["9311497463713"],
      "isAvailable": true
    },
    {
      "id": "w246918-9312997521279",
      "store": "woolworths",
      "name": "Bonds Womens Underwear Hipster Boyleg Size 12",
      "brand": "Bonds",
      "price": 9,
      "orgPrice": 18,
      "categoryIds": ["household"],
      "imagePath": "https://cdn0.woolworths.media/content/wowproductimages/large/246918.jpg",
      "cupPrice": null,
      "unit": "each",
      "packageSize": "2 pack",
      "barcode": ["9312997521279"],
      "isAvailable": true
    },
    {
      "id": "w246920-9312997521286",
      "store": "woolworths",
      "name": "Bonds Womens Underwear Hipster Boyleg Size 14",
      "brand": "Bonds",
      "price": 9,
      "orgPrice": 18,
      "categoryIds": ["household"],
      "imagePath": "https://cdn0.woolworths.media/content/wowproductimages/large/246920.jpg",
      "cupPrice": null,
      "unit": "each",
      "packageSize": "2 pack",
      "barcode": ["9312997521286"],
      "isAvailable": true
    },
    {
      "id": "w246921-9312997521293",
      "store": "woolworths",
      "name": "Bonds Womens Underwear Hipster Boyleg Size 16",
      "brand": "Bonds",
      "price": 9,
      "orgPrice": 18,
      "categoryIds": ["household"],
      "imagePath": "https://cdn0.woolworths.media/content/wowproductimages/large/246921.jpg",
      "cupPrice": null,
      "unit": "each",
      "packageSize": "2 pack",
      "barcode": ["9312997521293"],
      "isAvailable": true
    },
    {
      "id": "w660316-9351257997867",
      "store": "woolworths",
      "name": "Bonds Womens Logo Light Weight Size 3-8",
      "brand": "Bonds",
      "price": 7,
      "orgPrice": 14,
      "categoryIds": ["household"],
      "imagePath": "https://cdn0.woolworths.media/content/wowproductimages/large/660316.jpg",
      "cupPrice": null,
      "unit": "each",
      "packageSize": "4 pack",
      "barcode": ["9351257997867"],
      "isAvailable": true
    },
    {
      "id": "w610720-4712937058431",
      "store": "woolworths",
      "name": "Bzyoo Food Flask ",
      "brand": "Bzyoo",
      "price": 10,
      "orgPrice": 20,
      "categoryIds": ["household"],
      "imagePath": "https://cdn0.woolworths.media/content/wowproductimages/large/610720.jpg",
      "cupPrice": null,
      "unit": "each",
      "packageSize": "400ml",
      "barcode": ["4712937058431"],
      "isAvailable": true
    },
    {
      "id": "w681395-4712937051715",
      "store": "woolworths",
      "name": "Bzyoo Swill Bottle ",
      "brand": "Bzyoo",
      "price": 6,
      "orgPrice": 12,
      "categoryIds": ["household"],
      "imagePath": "https://cdn0.woolworths.media/content/wowproductimages/large/681395.jpg",
      "cupPrice": null,
      "unit": "each",
      "packageSize": "400ml",
      "barcode": ["4712937051715"],
      "isAvailable": true
    },
    {
      "id": "w88311-9350376004548",
      "store": "woolworths",
      "name": "Cold Power 2 In 1 Advanced Clean Fabric Softener",
      "brand": "Cold Power",
      "price": 5.5,
      "orgPrice": 11,
      "categoryIds": ["household"],
      "imagePath": "https://cdn0.woolworths.media/content/wowproductimages/large/088311.jpg",
      "cupPrice": "$6.11 / 1kg",
      "unit": "each",
      "packageSize": "900g",
      "barcode": ["9350376004548"],
      "isAvailable": true
    },
    {
      "id": "w88675-9350376003831",
      "store": "woolworths",
      "name": "Cold Power Advanced Clean ",
      "brand": "Cold Power",
      "price": 5.5,
      "orgPrice": 11,
      "categoryIds": ["household"],
      "imagePath": "https://cdn0.woolworths.media/content/wowproductimages/large/088675.jpg",
      "cupPrice": "$5.50 / 1l",
      "unit": "each",
      "packageSize": "1l",
      "barcode": ["9350376003831"],
      "isAvailable": true
    },
    {
      "id": "w700593-8999999012281",
      "store": "woolworths",
      "name": "Comfort Fabric Conditioner Rosy Blush",
      "brand": "Comfort",
      "price": 3.49,
      "orgPrice": 6.99,
      "categoryIds": ["household"],
      "imagePath": "https://cdn0.woolworths.media/content/wowproductimages/large/700593.jpg",
      "cupPrice": "$4.36 / 1l",
      "unit": "each",
      "packageSize": "800ml",
      "barcode": ["8999999012281"],
      "isAvailable": true
    },
    {
      "id": "w700594-8999999012465",
      "store": "woolworths",
      "name": "Comfort Fabric Conditioner Sunshiny Days",
      "brand": "Comfort",
      "price": 3.49,
      "orgPrice": 6.99,
      "categoryIds": ["household"],
      "imagePath": "https://cdn0.woolworths.media/content/wowproductimages/large/700594.jpg",
      "cupPrice": "$4.36 / 1l",
      "unit": "each",
      "packageSize": "800ml",
      "barcode": ["8999999012465"],
      "isAvailable": true
    },
    {
      "id": "w727184-8999999028503",
      "store": "woolworths",
      "name": "Comfort Fabric Softener Conditioner Pure White Sensitive",
      "brand": "Comfort",
      "price": 3.49,
      "orgPrice": 6.99,
      "categoryIds": ["household"],
      "imagePath": "https://cdn0.woolworths.media/content/wowproductimages/large/727184.jpg",
      "cupPrice": "$4.36 / 1l",
      "unit": "each",
      "packageSize": "800ml",
      "barcode": ["8999999028503"],
      "isAvailable": true
    },
    {
      "id": "w700534-8999999012694",
      "store": "woolworths",
      "name": "Comfort Fabric Softener Conditioner Sky Blue",
      "brand": "Comfort",
      "price": 3.49,
      "orgPrice": 6.99,
      "categoryIds": ["household"],
      "imagePath": "https://cdn0.woolworths.media/content/wowproductimages/large/700534.jpg",
      "cupPrice": "$4.36 / 1l",
      "unit": "each",
      "packageSize": "800ml",
      "barcode": ["8999999012694"],
      "isAvailable": true
    },
    {
      "id": "w598597-9300632088638",
      "store": "woolworths",
      "name": "Cuddly Aroma Collections Concentrate Fabric Softener Conditioner",
      "brand": "Cuddly",
      "price": 4.49,
      "orgPrice": 8.99,
      "categoryIds": ["household"],
      "imagePath": "https://cdn0.woolworths.media/content/wowproductimages/large/598597.jpg",
      "cupPrice": "$4.99 / 1l",
      "unit": "each",
      "packageSize": "900ml",
      "barcode": ["9300632088638"],
      "isAvailable": true
    },
    {
      "id": "w862899-8850006930687",
      "store": "woolworths",
      "name": "Cuddly Concentrate Fabric Softener Charcoal & Lime",
      "brand": "Cuddly",
      "price": 4.49,
      "orgPrice": 8.99,
      "categoryIds": ["household"],
      "imagePath": "https://cdn0.woolworths.media/content/wowproductimages/large/862899.jpg",
      "cupPrice": "$4.99 / 1l",
      "unit": "each",
      "packageSize": "900ml",
      "barcode": ["8850006930687"],
      "isAvailable": true
    },
    {
      "id": "w861574-9300632086078",
      "store": "woolworths",
      "name": "Cuddly Concentrate Fabric Softener Cherry Blossom",
      "brand": "Cuddly",
      "price": 4.49,
      "orgPrice": 8.99,
      "categoryIds": ["household"],
      "imagePath": "https://cdn0.woolworths.media/content/wowproductimages/large/861574.jpg",
      "cupPrice": "$4.99 / 1l",
      "unit": "each",
      "packageSize": "900ml",
      "barcode": ["9300632086078"],
      "isAvailable": true
    },
    {
      "id": "w862898-8850006931301",
      "store": "woolworths",
      "name": "Cuddly Fabric Softner Aroma Relaxing Wild Lavender",
      "brand": "Cuddly",
      "price": 4.49,
      "orgPrice": 8.99,
      "categoryIds": ["household"],
      "imagePath": "https://cdn0.woolworths.media/content/wowproductimages/large/862898.jpg",
      "cupPrice": "$4.99 / 1l",
      "unit": "each",
      "packageSize": "900ml",
      "barcode": ["8850006931301"],
      "isAvailable": true
    },
    {
      "id": "w495442-9300621025668",
      "store": "woolworths",
      "name": "Decor Double Wall Insulated Bullet Bottle",
      "brand": "Decor",
      "price": 10,
      "orgPrice": 20,
      "categoryIds": ["household"],
      "imagePath": "https://cdn0.woolworths.media/content/wowproductimages/large/495442.jpg",
      "cupPrice": null,
      "unit": "each",
      "packageSize": "500ml each",
      "barcode": ["9300621025668"],
      "isAvailable": true
    },
    {
      "id": "w512329-9300621026627",
      "store": "woolworths",
      "name": "Decor Glass Measuring Jug With Lid",
      "brand": "Decor",
      "price": 7.5,
      "orgPrice": 15,
      "categoryIds": ["household"],
      "imagePath": "https://cdn0.woolworths.media/content/wowproductimages/large/512329.jpg",
      "cupPrice": null,
      "unit": "each",
      "packageSize": "650ml",
      "barcode": ["9300621026627"],
      "isAvailable": true
    },
    {
      "id": "w636556-9300621028492",
      "store": "woolworths",
      "name": "Decor Glass Silicone Bottle 590ml Assorted",
      "brand": "Decor",
      "price": 10,
      "orgPrice": 20,
      "categoryIds": ["household"],
      "imagePath": "https://cdn0.woolworths.media/content/wowproductimages/large/636556.jpg",
      "cupPrice": null,
      "unit": "each",
      "packageSize": "each",
      "barcode": ["9300621028492"],
      "isAvailable": true
    },
    {
      "id": "w69334-9300621033946",
      "store": "woolworths",
      "name": "Decor Go Click Snack Box ",
      "brand": "Decor",
      "price": 2.75,
      "orgPrice": 5.5,
      "categoryIds": ["household"],
      "imagePath": "https://cdn0.woolworths.media/content/wowproductimages/large/069334.jpg",
      "cupPrice": null,
      "unit": "each",
      "packageSize": "each",
      "barcode": ["9300621033946"],
      "isAvailable": true
    },
    {
      "id": "w69335-9300621033953",
      "store": "woolworths",
      "name": "Decor Go Lunch Box Oblong ",
      "brand": "Decor",
      "price": 4,
      "orgPrice": 8,
      "categoryIds": ["household"],
      "imagePath": "https://cdn0.woolworths.media/content/wowproductimages/large/069335.jpg",
      "cupPrice": null,
      "unit": "each",
      "packageSize": "800ml",
      "barcode": ["9300621033953"],
      "isAvailable": true
    },
    {
      "id": "w691740-9300621031287",
      "store": "woolworths",
      "name": "Decor Go Salad Kit 1.8l Salad Kit",
      "brand": "Decor",
      "price": 8.5,
      "orgPrice": 17,
      "categoryIds": ["household"],
      "imagePath": "https://cdn0.woolworths.media/content/wowproductimages/large/691740.jpg",
      "cupPrice": null,
      "unit": "each",
      "packageSize": "each",
      "barcode": ["9300621031287"],
      "isAvailable": true
    },
    {
      "id": "w69362-9300621033977",
      "store": "woolworths",
      "name": "Decor Go Snack Tub Large Round ",
      "brand": "Decor",
      "price": 2,
      "orgPrice": 4,
      "categoryIds": ["household"],
      "imagePath": "https://cdn0.woolworths.media/content/wowproductimages/large/069362.jpg",
      "cupPrice": null,
      "unit": "each",
      "packageSize": "300ml",
      "barcode": ["9300621033977"],
      "isAvailable": true
    },
    {
      "id": "w69363-9300621033984",
      "store": "woolworths",
      "name": "Decor Go Snack Tub Medium Round ",
      "brand": "Decor",
      "price": 3,
      "orgPrice": 6,
      "categoryIds": ["household"],
      "imagePath": "https://cdn0.woolworths.media/content/wowproductimages/large/069363.jpg",
      "cupPrice": null,
      "unit": "each",
      "packageSize": "2 x 150ml",
      "barcode": ["9300621033984"],
      "isAvailable": true
    },
    {
      "id": "w69364-9300621033991",
      "store": "woolworths",
      "name": "Decor Go Snack Tub Small Round ",
      "brand": "Decor",
      "price": 3.5,
      "orgPrice": 7,
      "categoryIds": ["household"],
      "imagePath": "https://cdn0.woolworths.media/content/wowproductimages/large/069364.jpg",
      "cupPrice": null,
      "unit": "each",
      "packageSize": "4 x 50ml",
      "barcode": ["9300621033991"],
      "isAvailable": true
    },
    {
      "id": "w495543-9300621025712",
      "store": "woolworths",
      "name": "Decor Hydrate Tritan Bottle 1l",
      "brand": "Decor",
      "price": 5,
      "orgPrice": 10,
      "categoryIds": ["household"],
      "imagePath": "https://cdn0.woolworths.media/content/wowproductimages/large/495543.jpg",
      "cupPrice": null,
      "unit": "each",
      "packageSize": "each",
      "barcode": ["9300621025712"],
      "isAvailable": true
    },
    {
      "id": "w495443-9300621025569",
      "store": "woolworths",
      "name": "Decor Lunch Box Ice Pack Small Assorted",
      "brand": "Decor",
      "price": 3.5,
      "orgPrice": 7,
      "categoryIds": ["household"],
      "imagePath": "https://cdn0.woolworths.media/content/wowproductimages/large/495443.jpg",
      "cupPrice": null,
      "unit": "each",
      "packageSize": "2pk",
      "barcode": ["9300621025569"],
      "isAvailable": true
    },
    {
      "id": "w689942-9300621031393",
      "store": "woolworths",
      "name": "Decor Match Ups Clips Juice Jug 2.4l ",
      "brand": "Decor",
      "price": 8,
      "orgPrice": 16,
      "categoryIds": ["household"],
      "imagePath": "https://cdn0.woolworths.media/content/wowproductimages/large/689942.jpg",
      "cupPrice": null,
      "unit": "each",
      "packageSize": "each",
      "barcode": ["9300621031393"],
      "isAvailable": true
    },
    {
      "id": "w689926-9300621031386",
      "store": "woolworths",
      "name": "Decor Match Ups Clips Square 630ml ",
      "brand": "Decor",
      "price": 3,
      "orgPrice": 6,
      "categoryIds": ["household"],
      "imagePath": "https://cdn0.woolworths.media/content/wowproductimages/large/689926.jpg",
      "cupPrice": null,
      "unit": "each",
      "packageSize": "each",
      "barcode": ["9300621031386"],
      "isAvailable": true
    },
    {
      "id": "w689924-9300621031362",
      "store": "woolworths",
      "name": "Decor Match Ups Clips Tall Square 3l ",
      "brand": "Decor",
      "price": 5,
      "orgPrice": 10,
      "categoryIds": ["household"],
      "imagePath": "https://cdn0.woolworths.media/content/wowproductimages/large/689924.jpg",
      "cupPrice": null,
      "unit": "each",
      "packageSize": "each",
      "barcode": ["9300621031362"],
      "isAvailable": true
    },
    {
      "id": "w634831-9300621028409",
      "store": "woolworths",
      "name": "Decor Match-ups Oblong Container 1l",
      "brand": "Decor",
      "price": 3,
      "orgPrice": 6,
      "categoryIds": ["household"],
      "imagePath": "https://cdn0.woolworths.media/content/wowproductimages/large/634831.jpg",
      "cupPrice": null,
      "unit": "each",
      "packageSize": "each",
      "barcode": ["9300621028409"],
      "isAvailable": true
    },
    {
      "id": "w634744-9300621028416",
      "store": "woolworths",
      "name": "Decor Match-ups Oblong Container 2l",
      "brand": "Decor",
      "price": 4,
      "orgPrice": 8,
      "categoryIds": ["household"],
      "imagePath": "https://cdn0.woolworths.media/content/wowproductimages/large/634744.jpg",
      "cupPrice": null,
      "unit": "each",
      "packageSize": "each",
      "barcode": ["9300621028416"],
      "isAvailable": true
    },
    {
      "id": "w634745-9300621028454",
      "store": "woolworths",
      "name": "Decor Match-ups Oblong Container 4l",
      "brand": "Decor",
      "price": 6,
      "orgPrice": 12,
      "categoryIds": ["household"],
      "imagePath": "https://cdn0.woolworths.media/content/wowproductimages/large/634745.jpg",
      "cupPrice": null,
      "unit": "each",
      "packageSize": "each",
      "barcode": ["9300621028454"],
      "isAvailable": true
    },
    {
      "id": "w634747-9300621028461",
      "store": "woolworths",
      "name": "Decor Match-ups Oblong Container 7l",
      "brand": "Decor",
      "price": 7,
      "orgPrice": 14,
      "categoryIds": ["household"],
      "imagePath": "https://cdn0.woolworths.media/content/wowproductimages/large/634747.jpg",
      "cupPrice": null,
      "unit": "each",
      "packageSize": "each",
      "barcode": ["9300621028461"],
      "isAvailable": true
    },
    {
      "id": "w634834-9300621026375",
      "store": "woolworths",
      "name": "Decor Match-ups Glass Round",
      "brand": "Decor",
      "price": 7.5,
      "orgPrice": 15,
      "categoryIds": ["household"],
      "imagePath": "https://cdn0.woolworths.media/content/wowproductimages/large/634834.jpg",
      "cupPrice": null,
      "unit": "each",
      "packageSize": "1.5l",
      "barcode": ["9300621026375"],
      "isAvailable": true
    },
    {
      "id": "w634748-9300621026368",
      "store": "woolworths",
      "name": "Decor Match-ups Glass Round",
      "brand": "Decor",
      "price": 5.5,
      "orgPrice": 11,
      "categoryIds": ["household"],
      "imagePath": "https://cdn0.woolworths.media/content/wowproductimages/large/634748.jpg",
      "cupPrice": null,
      "unit": "each",
      "packageSize": "750ml",
      "barcode": ["9300621026368"],
      "isAvailable": true
    },
    {
      "id": "w742916-9300621017601",
      "store": "woolworths",
      "name": "Decor Match-ups Glass Storer Oblong",
      "brand": "Decor",
      "price": 7,
      "orgPrice": 14,
      "categoryIds": ["household"],
      "imagePath": "https://cdn0.woolworths.media/content/wowproductimages/large/742916.jpg",
      "cupPrice": null,
      "unit": "each",
      "packageSize": "1.5l",
      "barcode": ["9300621017601"],
      "isAvailable": true
    },
    {
      "id": "w742910-9300621017618",
      "store": "woolworths",
      "name": "Decor Match-ups Glass Storer Oblong",
      "brand": "Decor",
      "price": 5.5,
      "orgPrice": 11,
      "categoryIds": ["household"],
      "imagePath": "https://cdn0.woolworths.media/content/wowproductimages/large/742910.jpg",
      "cupPrice": null,
      "unit": "each",
      "packageSize": "1l",
      "barcode": ["9300621017618"],
      "isAvailable": true
    },
    {
      "id": "w744483-9300621017625",
      "store": "woolworths",
      "name": "Decor Match-ups Glass Storer Oblong",
      "brand": "Decor",
      "price": 4.5,
      "orgPrice": 9,
      "categoryIds": ["household"],
      "imagePath": "https://cdn0.woolworths.media/content/wowproductimages/large/744483.jpg",
      "cupPrice": null,
      "unit": "each",
      "packageSize": "600ml",
      "barcode": ["9300621017625"],
      "isAvailable": true
    },
    {
      "id": "w661708-9300621028478",
      "store": "woolworths",
      "name": "Decor Match-ups Real Seal Glass Round Storer",
      "brand": "Decor",
      "price": 4,
      "orgPrice": 8,
      "categoryIds": ["household"],
      "imagePath": "https://cdn0.woolworths.media/content/wowproductimages/large/661708.jpg",
      "cupPrice": null,
      "unit": "each",
      "packageSize": "500ml",
      "barcode": ["9300621028478"],
      "isAvailable": true
    },
    {
      "id": "w345104-9300621013733",
      "store": "woolworths",
      "name": "Decor Match-ups Storer Oblong",
      "brand": "Decor",
      "price": 2.5,
      "orgPrice": 5,
      "categoryIds": ["household"],
      "imagePath": "https://cdn0.woolworths.media/content/wowproductimages/large/345104.jpg",
      "cupPrice": null,
      "unit": "each",
      "packageSize": "500ml",
      "barcode": ["9300621013733"],
      "isAvailable": true
    },
    {
      "id": "w345101-9300621013719",
      "store": "woolworths",
      "name": "Decor Match-ups Storer Oblong",
      "brand": "Decor",
      "price": 4.5,
      "orgPrice": 9,
      "categoryIds": ["household"],
      "imagePath": "https://cdn0.woolworths.media/content/wowproductimages/large/345101.jpg",
      "cupPrice": null,
      "unit": "each",
      "packageSize": "2l",
      "barcode": ["9300621013719"],
      "isAvailable": true
    },
    {
      "id": "w345102-9300621013726",
      "store": "woolworths",
      "name": "Decor Match-ups Storer Oblong",
      "brand": "Decor",
      "price": 3.5,
      "orgPrice": 7,
      "categoryIds": ["household"],
      "imagePath": "https://cdn0.woolworths.media/content/wowproductimages/large/345102.jpg",
      "cupPrice": null,
      "unit": "each",
      "packageSize": "1l",
      "barcode": ["9300621013726"],
      "isAvailable": true
    },
    {
      "id": "w881208-9300621014044",
      "store": "woolworths",
      "name": "Decor Match-ups Storer Tall Oblong",
      "brand": "Decor",
      "price": 5,
      "orgPrice": 10,
      "categoryIds": ["household"],
      "imagePath": "https://cdn0.woolworths.media/content/wowproductimages/large/881208.jpg",
      "cupPrice": null,
      "unit": "each",
      "packageSize": "3l",
      "barcode": ["9300621014044"],
      "isAvailable": true
    },
    {
      "id": "w881207-9300621014068",
      "store": "woolworths",
      "name": "Decor Match-ups Storer Tall Oblong",
      "brand": "Decor",
      "price": 4,
      "orgPrice": 8,
      "categoryIds": ["household"],
      "imagePath": "https://cdn0.woolworths.media/content/wowproductimages/large/881207.jpg",
      "cupPrice": null,
      "unit": "each",
      "packageSize": "1.75l",
      "barcode": ["9300621014068"],
      "isAvailable": true
    },
    {
      "id": "w588754-9300621028027",
      "store": "woolworths",
      "name": "Decor Microsafe 5 Piece Pack",
      "brand": "Decor",
      "price": 8.5,
      "orgPrice": 17,
      "categoryIds": ["household"],
      "imagePath": "https://cdn0.woolworths.media/content/wowproductimages/large/588754.jpg",
      "cupPrice": null,
      "unit": "each",
      "packageSize": "each",
      "barcode": ["9300621028027"],
      "isAvailable": true
    },
    {
      "id": "w922933-9300621020533",
      "store": "woolworths",
      "name": "Decor Microsafe Container Noodle Bowl",
      "brand": "Decor",
      "price": 4,
      "orgPrice": 8,
      "categoryIds": ["household"],
      "imagePath": "https://cdn0.woolworths.media/content/wowproductimages/large/922933.jpg",
      "cupPrice": null,
      "unit": "each",
      "packageSize": "each",
      "barcode": ["9300621020533"],
      "isAvailable": true
    },
    {
      "id": "w224231-9300621006162",
      "store": "woolworths",
      "name": "Decor Microsafe Container Oblong",
      "brand": "Decor",
      "price": 3,
      "orgPrice": 6,
      "categoryIds": ["household"],
      "imagePath": "https://cdn0.woolworths.media/content/wowproductimages/large/224231.jpg",
      "cupPrice": null,
      "unit": "each",
      "packageSize": "900ml",
      "barcode": ["9300621006162"],
      "isAvailable": true
    },
    {
      "id": "w224230-9300621006155",
      "store": "woolworths",
      "name": "Decor Microsafe Container Oblong",
      "brand": "Decor",
      "price": 4,
      "orgPrice": 8,
      "categoryIds": ["household"],
      "imagePath": "https://cdn0.woolworths.media/content/wowproductimages/large/224230.jpg",
      "cupPrice": null,
      "unit": "each",
      "packageSize": "1.6l",
      "barcode": ["9300621006155"],
      "isAvailable": true
    },
    {
      "id": "w224213-9300621006117",
      "store": "woolworths",
      "name": "Decor Microsafe Container Round",
      "brand": "Decor",
      "price": 4,
      "orgPrice": 8,
      "categoryIds": ["household"],
      "imagePath": "https://cdn0.woolworths.media/content/wowproductimages/large/224213.jpg",
      "cupPrice": null,
      "unit": "each",
      "packageSize": "1.5l",
      "barcode": ["9300621006117"],
      "isAvailable": true
    },
    {
      "id": "w224227-9300621006124",
      "store": "woolworths",
      "name": "Decor Microsafe Container Round",
      "brand": "Decor",
      "price": 3,
      "orgPrice": 6,
      "categoryIds": ["household"],
      "imagePath": "https://cdn0.woolworths.media/content/wowproductimages/large/224227.jpg",
      "cupPrice": null,
      "unit": "each",
      "packageSize": "750ml",
      "barcode": ["9300621006124"],
      "isAvailable": true
    },
    {
      "id": "w491645-9300621025248",
      "store": "woolworths",
      "name": "Decor Microsafe Easy Steam Egg Poacher",
      "brand": "Decor",
      "price": 7.5,
      "orgPrice": 15,
      "categoryIds": ["household"],
      "imagePath": "https://cdn0.woolworths.media/content/wowproductimages/large/491645.jpg",
      "cupPrice": "$7.50 / 1ea",
      "unit": "each",
      "packageSize": "each",
      "barcode": ["9300621025248"],
      "isAvailable": true
    },
    {
      "id": "w676819-9300621028065",
      "store": "woolworths",
      "name": "Decor Microsafe Jewel Oblong",
      "brand": "Decor",
      "price": 7,
      "orgPrice": 14,
      "categoryIds": ["household"],
      "imagePath": "https://cdn0.woolworths.media/content/wowproductimages/large/676819.jpg",
      "cupPrice": null,
      "unit": "each",
      "packageSize": "3x900ml",
      "barcode": ["9300621028065"],
      "isAvailable": true
    },
    {
      "id": "w27950-9300621033694",
      "store": "woolworths",
      "name": "Decor Microsafe Jewel Value Pack",
      "brand": "Decor",
      "price": 6,
      "orgPrice": 12,
      "categoryIds": ["household"],
      "imagePath": "https://cdn0.woolworths.media/content/wowproductimages/large/027950.jpg",
      "cupPrice": null,
      "unit": "each",
      "packageSize": "3 pack",
      "barcode": ["9300621033694"],
      "isAvailable": true
    },
    {
      "id": "w28004-9300621033687",
      "store": "woolworths",
      "name": "Decor Microsafe Oblong 375ml ",
      "brand": "Decor",
      "price": 5.5,
      "orgPrice": 11,
      "categoryIds": ["household"],
      "imagePath": "https://cdn0.woolworths.media/content/wowproductimages/large/028004.jpg",
      "cupPrice": null,
      "unit": "each",
      "packageSize": "3 pack",
      "barcode": ["9300621033687"],
      "isAvailable": true
    },
    {
      "id": "w309391-9300621010459",
      "store": "woolworths",
      "name": "Decor Microsafe Rice Cooker & Veg Steamer",
      "brand": "Decor",
      "price": 5,
      "orgPrice": 10,
      "categoryIds": ["household"],
      "imagePath": "https://cdn0.woolworths.media/content/wowproductimages/large/309391.jpg",
      "cupPrice": null,
      "unit": "each",
      "packageSize": "2.75l",
      "barcode": ["9300621010459"],
      "isAvailable": true
    },
    {
      "id": "w252151-9300621008401",
      "store": "woolworths",
      "name": "Decor Microsafe Soup Mug ",
      "brand": "Decor",
      "price": 2.5,
      "orgPrice": 5,
      "categoryIds": ["household"],
      "imagePath": "https://cdn0.woolworths.media/content/wowproductimages/large/252151.jpg",
      "cupPrice": null,
      "unit": "each",
      "packageSize": "each",
      "barcode": ["9300621008401"],
      "isAvailable": true
    },
    {
      "id": "w635565-9300621028553",
      "store": "woolworths",
      "name": "Decor Power Shaker Bottle 800ml",
      "brand": "Decor",
      "price": 10,
      "orgPrice": 20,
      "categoryIds": ["household"],
      "imagePath": "https://cdn0.woolworths.media/content/wowproductimages/large/635565.jpg",
      "cupPrice": "$10.00 / 1ea",
      "unit": "each",
      "packageSize": "each",
      "barcode": ["9300621028553"],
      "isAvailable": true
    },
    {
      "id": "w495518-9300621025613",
      "store": "woolworths",
      "name": "Decor Pumped Fresh Cooler Bag ",
      "brand": "Decor",
      "price": 5.5,
      "orgPrice": 11,
      "categoryIds": ["household"],
      "imagePath": "https://cdn0.woolworths.media/content/wowproductimages/large/495518.jpg",
      "cupPrice": null,
      "unit": "each",
      "packageSize": "each",
      "barcode": ["9300621025613"],
      "isAvailable": true
    },
    {
      "id": "w789490-9300621020489",
      "store": "woolworths",
      "name": "Decor Pumped Soft Touch Sports Bottle 750ml",
      "brand": "Decor",
      "price": 6.5,
      "orgPrice": 13,
      "categoryIds": ["household"],
      "imagePath": "https://cdn0.woolworths.media/content/wowproductimages/large/789490.jpg",
      "cupPrice": null,
      "unit": "each",
      "packageSize": "each",
      "barcode": ["9300621020489"],
      "isAvailable": true
    },
    {
      "id": "w495523-9300621025699",
      "store": "woolworths",
      "name": "Decor Pumped Tritan Bottle 750ml Assorted",
      "brand": "Decor",
      "price": 5,
      "orgPrice": 10,
      "categoryIds": ["household"],
      "imagePath": "https://cdn0.woolworths.media/content/wowproductimages/large/495523.jpg",
      "cupPrice": null,
      "unit": "each",
      "packageSize": "each",
      "barcode": ["9300621025699"],
      "isAvailable": true
    },
    {
      "id": "w45745-9300621018004",
      "store": "woolworths",
      "name": "Decor Tellfresh Cake Storer With Lifter",
      "brand": "Decor",
      "price": 6.5,
      "orgPrice": 13,
      "categoryIds": ["household"],
      "imagePath": "https://cdn0.woolworths.media/content/wowproductimages/large/045745.jpg",
      "cupPrice": null,
      "unit": "each",
      "packageSize": "each",
      "barcode": ["9300621018004"],
      "isAvailable": true
    },
    {
      "id": "w240726-9300621720716",
      "store": "woolworths",
      "name": "Decor Tellfresh Cereal Server ",
      "brand": "Decor",
      "price": 5,
      "orgPrice": 10,
      "categoryIds": ["household"],
      "imagePath": "https://cdn0.woolworths.media/content/wowproductimages/large/240726.jpg",
      "cupPrice": null,
      "unit": "each",
      "packageSize": "5l",
      "barcode": ["9300621720716"],
      "isAvailable": true
    },
    {
      "id": "w379159-9300621014976",
      "store": "woolworths",
      "name": "Decor Tellfresh Cupcake Storer Oblong",
      "brand": "Decor",
      "price": 5,
      "orgPrice": 10,
      "categoryIds": ["household"],
      "imagePath": "https://cdn0.woolworths.media/content/wowproductimages/large/379159.jpg",
      "cupPrice": null,
      "unit": "each",
      "packageSize": "each",
      "barcode": ["9300621014976"],
      "isAvailable": true
    },
    {
      "id": "w764872-9300621024579",
      "store": "woolworths",
      "name": "Decor Tellfresh Oblong ",
      "brand": "Decor",
      "price": 6.5,
      "orgPrice": 13,
      "categoryIds": ["household"],
      "imagePath": "https://cdn0.woolworths.media/content/wowproductimages/large/764872.jpg",
      "cupPrice": null,
      "unit": "each",
      "packageSize": "3x1l",
      "barcode": ["9300621024579"],
      "isAvailable": true
    },
    {
      "id": "w4803-9300621024609",
      "store": "woolworths",
      "name": "Decor Tellfresh Storer Oblong",
      "brand": "Decor",
      "price": 2.5,
      "orgPrice": 5,
      "categoryIds": ["household"],
      "imagePath": "https://cdn0.woolworths.media/content/wowproductimages/large/004803.jpg",
      "cupPrice": null,
      "unit": "each",
      "packageSize": "1l",
      "barcode": ["9300621024609"],
      "isAvailable": true
    },
    {
      "id": "w229812-9300621006544",
      "store": "woolworths",
      "name": "Decor Tellfresh Storer Oblong",
      "brand": "Decor",
      "price": 5,
      "orgPrice": 10,
      "categoryIds": ["household"],
      "imagePath": "https://cdn0.woolworths.media/content/wowproductimages/large/229812.jpg",
      "cupPrice": "$1.67 / 1ea",
      "unit": "each",
      "packageSize": "3 pack",
      "barcode": ["9300621006544"],
      "isAvailable": true
    },
    {
      "id": "w229811-9300621006568",
      "store": "woolworths",
      "name": "Decor Tellfresh Storer Oblong",
      "brand": "Decor",
      "price": 4,
      "orgPrice": 8,
      "categoryIds": ["household"],
      "imagePath": "https://cdn0.woolworths.media/content/wowproductimages/large/229811.jpg",
      "cupPrice": "$1.33 / 1ea",
      "unit": "each",
      "packageSize": "3 pack",
      "barcode": ["9300621006568"],
      "isAvailable": true
    },
    {
      "id": "w4792-9300621022605",
      "store": "woolworths",
      "name": "Decor Tellfresh Storer Oblong",
      "brand": "Decor",
      "price": 3,
      "orgPrice": 6,
      "categoryIds": ["household"],
      "imagePath": "https://cdn0.woolworths.media/content/wowproductimages/large/004792.jpg",
      "cupPrice": null,
      "unit": "each",
      "packageSize": "1.8l",
      "barcode": ["9300621022605"],
      "isAvailable": true
    },
    {
      "id": "w4801-9300621025606",
      "store": "woolworths",
      "name": "Decor Tellfresh Storer Oblong",
      "brand": "Decor",
      "price": 2.5,
      "orgPrice": 5,
      "categoryIds": ["household"],
      "imagePath": "https://cdn0.woolworths.media/content/wowproductimages/large/004801.jpg",
      "cupPrice": null,
      "unit": "each",
      "packageSize": "900ml",
      "barcode": ["9300621025606"],
      "isAvailable": true
    },
    {
      "id": "w94205-9300621040609",
      "store": "woolworths",
      "name": "Decor Tellfresh Storer Oblong Tall",
      "brand": "Decor",
      "price": 3.5,
      "orgPrice": 7,
      "categoryIds": ["household"],
      "imagePath": "https://cdn0.woolworths.media/content/wowproductimages/large/094205.jpg",
      "cupPrice": null,
      "unit": "each",
      "packageSize": "1.75l",
      "barcode": ["9300621040609"],
      "isAvailable": true
    },
    {
      "id": "w68403-9300621026603",
      "store": "woolworths",
      "name": "Decor Tellfresh Storer Oblong Tall",
      "brand": "Decor",
      "price": 2.5,
      "orgPrice": 5,
      "categoryIds": ["household"],
      "imagePath": "https://cdn0.woolworths.media/content/wowproductimages/large/068403.jpg",
      "cupPrice": null,
      "unit": "each",
      "packageSize": "800ml",
      "barcode": ["9300621026603"],
      "isAvailable": true
    },
    {
      "id": "w55883-9300621037609",
      "store": "woolworths",
      "name": "Decor Tellfresh Storer Oblong Tall",
      "brand": "Decor",
      "price": 4.5,
      "orgPrice": 9,
      "categoryIds": ["household"],
      "imagePath": "https://cdn0.woolworths.media/content/wowproductimages/large/055883.jpg",
      "cupPrice": null,
      "unit": "each",
      "packageSize": "3l",
      "barcode": ["9300621037609"],
      "isAvailable": true
    },
    {
      "id": "w379107-9300621015188",
      "store": "woolworths",
      "name": "Decor Tellfresh Storer Set",
      "brand": "Decor",
      "price": 8,
      "orgPrice": 16,
      "categoryIds": ["household"],
      "imagePath": "https://cdn0.woolworths.media/content/wowproductimages/large/379107.jpg",
      "cupPrice": "$1.33 / 1ea",
      "unit": "each",
      "packageSize": "6 pack",
      "barcode": ["9300621015188"],
      "isAvailable": true
    },
    {
      "id": "w196118-9300621003109",
      "store": "woolworths",
      "name": "Decor Tellfresh Super Storer ",
      "brand": "Decor",
      "price": 8,
      "orgPrice": 16,
      "categoryIds": ["household"],
      "imagePath": "https://cdn0.woolworths.media/content/wowproductimages/large/196118.jpg",
      "cupPrice": null,
      "unit": "each",
      "packageSize": "8.5l",
      "barcode": ["9300621003109"],
      "isAvailable": true
    },
    {
      "id": "w645877-9300621013351",
      "store": "woolworths",
      "name": "Decor Thermoglass Baking Dish Realseal",
      "brand": "Decor",
      "price": 10,
      "orgPrice": 20,
      "categoryIds": ["household"],
      "imagePath": "https://cdn0.woolworths.media/content/wowproductimages/large/645877.jpg",
      "cupPrice": null,
      "unit": "each",
      "packageSize": "1.8l",
      "barcode": ["9300621013351"],
      "isAvailable": true
    },
    {
      "id": "w710411-9300621013368",
      "store": "woolworths",
      "name": "Decor Thermoglass Baking Dish Realseal",
      "brand": "Decor",
      "price": 7,
      "orgPrice": 14,
      "categoryIds": ["household"],
      "imagePath": "https://cdn0.woolworths.media/content/wowproductimages/large/710411.jpg",
      "cupPrice": null,
      "unit": "each",
      "packageSize": "1l",
      "barcode": ["9300621013368"],
      "isAvailable": true
    },
    {
      "id": "w923915-9300621022254",
      "store": "woolworths",
      "name": "Decor Thermostone Realseal Oblong Baking Dish",
      "brand": "Decor",
      "price": 11,
      "orgPrice": 22,
      "categoryIds": ["household"],
      "imagePath": "https://cdn0.woolworths.media/content/wowproductimages/large/923915.jpg",
      "cupPrice": null,
      "unit": "each",
      "packageSize": "1.8l",
      "barcode": ["9300621022254"],
      "isAvailable": true
    },
    {
      "id": "w710420-9300621013344",
      "store": "woolworths",
      "name": "Decor Thermoglass Baking Dish Realseal",
      "brand": "Decor",
      "price": 12.5,
      "orgPrice": 25,
      "categoryIds": ["household"],
      "imagePath": "https://cdn0.woolworths.media/content/wowproductimages/large/710420.jpg",
      "cupPrice": null,
      "unit": "each",
      "packageSize": "3l",
      "barcode": ["9300621013344"],
      "isAvailable": true
    },
    {
      "id": "w862714-9350376003268",
      "store": "woolworths",
      "name": "Dynamo Laundry Dual Capsules Odour Eliminating",
      "brand": "Dynamo",
      "price": 9.25,
      "orgPrice": 18.5,
      "categoryIds": ["household"],
      "imagePath": "https://cdn0.woolworths.media/content/wowproductimages/large/862714.jpg",
      "cupPrice": "$0.36 / 1ea",
      "unit": "each",
      "packageSize": "26 pack",
      "barcode": ["9350376003268"],
      "isAvailable": true
    },
    {
      "id": "w88756-9350376003701",
      "store": "woolworths",
      "name": "Dynamo Professional 7 Actions In 1 Wash Laundry Liquid",
      "brand": "Dynamo",
      "price": 10,
      "orgPrice": 20,
      "categoryIds": ["household"],
      "imagePath": "https://cdn0.woolworths.media/content/wowproductimages/large/088756.jpg",
      "cupPrice": "$5.56 / 1l",
      "unit": "each",
      "packageSize": "1.8l",
      "barcode": ["9350376003701"],
      "isAvailable": true
    },
    {
      "id": "w88419-9350376003671",
      "store": "woolworths",
      "name": "Dynamo Professional 7 Actions In 1 Wash Liquid Eucalyptus",
      "brand": "Dynamo",
      "price": 10,
      "orgPrice": 20,
      "categoryIds": ["household"],
      "imagePath": "https://cdn0.woolworths.media/content/wowproductimages/large/088419.jpg",
      "cupPrice": "$5.56 / 1l",
      "unit": "each",
      "packageSize": "1.8l",
      "barcode": ["9350376003671"],
      "isAvailable": true
    },
    {
      "id": "w854140-9350376002254",
      "store": "woolworths",
      "name": "Dynamo Professional Dual Capsules ",
      "brand": "Dynamo",
      "price": 9.25,
      "orgPrice": 18.5,
      "categoryIds": ["household"],
      "imagePath": "https://cdn0.woolworths.media/content/wowproductimages/large/854140.jpg",
      "cupPrice": "$0.36 / 1ea",
      "unit": "each",
      "packageSize": "26 pack",
      "barcode": ["9350376002254"],
      "isAvailable": true
    },
    {
      "id": "w86527-9350376003688",
      "store": "woolworths",
      "name": "Dynamo Professional Free & Clear Laundry Liquid",
      "brand": "Dynamo",
      "price": 10,
      "orgPrice": 20,
      "categoryIds": ["household"],
      "imagePath": "https://cdn0.woolworths.media/content/wowproductimages/large/086527.jpg",
      "cupPrice": "$5.56 / 1l",
      "unit": "each",
      "packageSize": "1.8l",
      "barcode": ["9350376003688"],
      "isAvailable": true
    },
    {
      "id": "w88411-9350376003756",
      "store": "woolworths",
      "name": "Dynamo Professional Odour Elminating Laundry Liquid",
      "brand": "Dynamo",
      "price": 10,
      "orgPrice": 20,
      "categoryIds": ["household"],
      "imagePath": "https://cdn0.woolworths.media/content/wowproductimages/large/088411.jpg",
      "cupPrice": "$5.56 / 1l",
      "unit": "each",
      "packageSize": "1.8l",
      "barcode": ["9350376003756"],
      "isAvailable": true
    },
    {
      "id": "w88532-9350376003626",
      "store": "woolworths",
      "name": "Dynamo Professional Oxi Plus Stain Remover Laundry Liquid",
      "brand": "Dynamo",
      "price": 10,
      "orgPrice": 20,
      "categoryIds": ["household"],
      "imagePath": "https://cdn0.woolworths.media/content/wowproductimages/large/088532.jpg",
      "cupPrice": "$5.56 / 1l",
      "unit": "each",
      "packageSize": "1.8l",
      "barcode": ["9350376003626"],
      "isAvailable": true
    },
    {
      "id": "w762410-3492548225507",
      "store": "woolworths",
      "name": "Energizer Anti Shock 1.2m S8 Transparent Case",
      "brand": "Energizer",
      "price": 10,
      "orgPrice": 20,
      "categoryIds": ["household"],
      "imagePath": "https://cdn0.woolworths.media/content/wowproductimages/large/762410.jpg",
      "cupPrice": null,
      "unit": "each",
      "packageSize": "each",
      "barcode": ["3492548225507"],
      "isAvailable": true
    },
    {
      "id": "w642966-3492540410413",
      "store": "woolworths",
      "name": "Energizer Classic Screen Protector Iphone 5s /se",
      "brand": "Energizer",
      "price": 7.5,
      "orgPrice": 15,
      "categoryIds": ["household"],
      "imagePath": "https://cdn0.woolworths.media/content/wowproductimages/large/642966.jpg",
      "cupPrice": null,
      "unit": "each",
      "packageSize": "each",
      "barcode": ["3492540410413"],
      "isAvailable": true
    },
    {
      "id": "w642976-3492540612008",
      "store": "woolworths",
      "name": "Energizer High Tech Screen Protector Samsung S8",
      "brand": "Energizer",
      "price": 12.5,
      "orgPrice": 25,
      "categoryIds": ["household"],
      "imagePath": "https://cdn0.woolworths.media/content/wowproductimages/large/642976.jpg",
      "cupPrice": null,
      "unit": "each",
      "packageSize": "each",
      "barcode": ["3492540612008"],
      "isAvailable": true
    },
    {
      "id": "w659827-9351257989411",
      "store": "woolworths",
      "name": "Explorer Tough Work Mens Socks Size 11-14",
      "brand": "Explorer",
      "price": 5,
      "orgPrice": 10,
      "categoryIds": ["household"],
      "imagePath": "https://cdn0.woolworths.media/content/wowproductimages/large/659827.jpg",
      "cupPrice": null,
      "unit": "each",
      "packageSize": "each",
      "barcode": ["9351257989411"],
      "isAvailable": true
    },
    {
      "id": "w659884-9351257989428",
      "store": "woolworths",
      "name": "Explorer Tough Work Socks 1pk",
      "brand": "Explorer",
      "price": 5,
      "orgPrice": 10,
      "categoryIds": ["household"],
      "imagePath": "https://cdn0.woolworths.media/content/wowproductimages/large/659884.jpg",
      "cupPrice": null,
      "unit": "each",
      "packageSize": "each",
      "barcode": ["9351257989428"],
      "isAvailable": true
    },
    {
      "id": "w32979-9300701848491",
      "store": "woolworths",
      "name": "Finish 0% Dishwasher Tablets ",
      "brand": "Finish",
      "price": 16,
      "orgPrice": 32,
      "categoryIds": ["household"],
      "imagePath": "https://cdn0.woolworths.media/content/wowproductimages/large/032979.jpg",
      "cupPrice": "$0.38 / 1ea",
      "unit": "each",
      "packageSize": "42 pack",
      "barcode": ["9300701848491"],
      "isAvailable": true
    },
    {
      "id": "w605217-5011417548554",
      "store": "woolworths",
      "name": "Finish 2 In 1 Clip On Dishwasher Freshener Lemon & Lime",
      "brand": "Finish",
      "price": 3,
      "orgPrice": 6,
      "categoryIds": ["household"],
      "imagePath": "https://cdn0.woolworths.media/content/wowproductimages/large/605217.jpg",
      "cupPrice": "$3.00 / 1ea",
      "unit": "each",
      "packageSize": "15g",
      "barcode": ["5011417548554"],
      "isAvailable": true
    },
    {
      "id": "w37181-9300701820848",
      "store": "woolworths",
      "name": "Finish Dishwasher Cleaner Tabs ",
      "brand": "Finish",
      "price": 5,
      "orgPrice": 10,
      "categoryIds": ["household"],
      "imagePath": "https://cdn0.woolworths.media/content/wowproductimages/large/037181.jpg",
      "cupPrice": "$1.67 / 1ea",
      "unit": "each",
      "packageSize": "3 pack",
      "barcode": ["9300701820848"],
      "isAvailable": true
    },
    {
      "id": "w37174-9300701849726",
      "store": "woolworths",
      "name": "Finish Dishwasher Rinse Aid 0% ",
      "brand": "Finish",
      "price": 4,
      "orgPrice": 8,
      "categoryIds": ["household"],
      "imagePath": "https://cdn0.woolworths.media/content/wowproductimages/large/037174.jpg",
      "cupPrice": "$1.00 / 100ml",
      "unit": "each",
      "packageSize": "400ml",
      "barcode": ["9300701849726"],
      "isAvailable": true
    },
    {
      "id": "w260703-9300701956233",
      "store": "woolworths",
      "name": "Finish Dishwashing Rinse Aid Liquid Regular",
      "brand": "Finish",
      "price": 4.5,
      "orgPrice": 9,
      "categoryIds": ["household"],
      "imagePath": "https://cdn0.woolworths.media/content/wowproductimages/large/260703.jpg",
      "cupPrice": "$0.90 / 100ml",
      "unit": "each",
      "packageSize": "500ml",
      "barcode": ["9300701956233"],
      "isAvailable": true
    },
    {
      "id": "w78638-9300701066512",
      "store": "woolworths",
      "name": "Finish Quantum Ultimate Pro Dishwasher Tablets Lemon",
      "brand": "Finish",
      "price": 16,
      "orgPrice": 32,
      "categoryIds": ["household"],
      "imagePath": "https://cdn0.woolworths.media/content/wowproductimages/large/078638.jpg",
      "cupPrice": "$0.50 / 1ea",
      "unit": "each",
      "packageSize": "32 pack",
      "barcode": ["9300701066512"],
      "isAvailable": true
    },
    {
      "id": "w78641-9300701066505",
      "store": "woolworths",
      "name": "Finish Quantum Ultimate Pro Dishwasher Tablets Regular",
      "brand": "Finish",
      "price": 16,
      "orgPrice": 32,
      "categoryIds": ["household"],
      "imagePath": "https://cdn0.woolworths.media/content/wowproductimages/large/078641.jpg",
      "cupPrice": "$0.50 / 1ea",
      "unit": "each",
      "packageSize": "32 pack",
      "barcode": ["9300701066505"],
      "isAvailable": true
    },
    {
      "id": "w40691-9339687096435",
      "store": "woolworths",
      "name": "For Kids Boys Briefs Sizes 10-12 ",
      "brand": "For Kids",
      "price": 4,
      "orgPrice": 8,
      "categoryIds": ["household"],
      "imagePath": "https://cdn0.woolworths.media/content/wowproductimages/large/040691.jpg",
      "cupPrice": null,
      "unit": "each",
      "packageSize": "5 pack",
      "barcode": ["9339687096435"],
      "isAvailable": true
    },
    {
      "id": "w40679-9339687096466",
      "store": "woolworths",
      "name": "For Kids Boys Briefs Sizes 8-10 ",
      "brand": "For Kids",
      "price": 4,
      "orgPrice": 8,
      "categoryIds": ["household"],
      "imagePath": "https://cdn0.woolworths.media/content/wowproductimages/large/040679.jpg",
      "cupPrice": null,
      "unit": "each",
      "packageSize": "5 pack",
      "barcode": ["9339687096466"],
      "isAvailable": true
    },
    {
      "id": "w40681-9339687096459",
      "store": "woolworths",
      "name": "For Kids Boys Cotton Trunk Size 10-12",
      "brand": "For Kids",
      "price": 4,
      "orgPrice": 8,
      "categoryIds": ["household"],
      "imagePath": "https://cdn0.woolworths.media/content/wowproductimages/large/040681.jpg",
      "cupPrice": null,
      "unit": "each",
      "packageSize": "3 pack",
      "barcode": ["9339687096459"],
      "isAvailable": true
    },
    {
      "id": "w40693-9339687096411",
      "store": "woolworths",
      "name": "For Kids Girls Briefs Size 8-10",
      "brand": "For Kids",
      "price": 4,
      "orgPrice": 8,
      "categoryIds": ["household"],
      "imagePath": "https://cdn0.woolworths.media/content/wowproductimages/large/040693.jpg",
      "cupPrice": null,
      "unit": "each",
      "packageSize": "5 pack",
      "barcode": ["9339687096411"],
      "isAvailable": true
    },
    {
      "id": "w39710-9339687096404",
      "store": "woolworths",
      "name": "For Kids Girls Briefs Sizes 10-12 ",
      "brand": "For Kids",
      "price": 4,
      "orgPrice": 8,
      "categoryIds": ["household"],
      "imagePath": "https://cdn0.woolworths.media/content/wowproductimages/large/039710.jpg",
      "cupPrice": null,
      "unit": "each",
      "packageSize": "5 pack",
      "barcode": ["9339687096404"],
      "isAvailable": true
    },
    {
      "id": "w12522-9310050114666",
      "store": "woolworths",
      "name": "Glad Bio Based Kitchen Tidy Bags Small",
      "brand": "Glad",
      "price": 2,
      "orgPrice": 4,
      "categoryIds": ["household"],
      "imagePath": "https://cdn0.woolworths.media/content/wowproductimages/large/012522.jpg",
      "cupPrice": "$0.06 / 1ea",
      "unit": "each",
      "packageSize": "35 pack",
      "barcode": ["9310050114666"],
      "isAvailable": true
    },
    {
      "id": "w264716-9332822355794",
      "store": "woolworths",
      "name": "Holeproof Explorer Socks Light For Women Size 3-8",
      "brand": "Holeproof",
      "price": 7,
      "orgPrice": 14,
      "categoryIds": ["household"],
      "imagePath": "https://cdn0.woolworths.media/content/wowproductimages/large/264716.jpg",
      "cupPrice": null,
      "unit": "each",
      "packageSize": "each",
      "barcode": ["9332822355794"],
      "isAvailable": true
    },
    {
      "id": "w404417-9311262008781",
      "store": "woolworths",
      "name": "Hollywood Fashion Tape Shapes",
      "brand": "Hollywood",
      "price": 9,
      "orgPrice": 18,
      "categoryIds": ["household"],
      "imagePath": "https://cdn0.woolworths.media/content/wowproductimages/large/404417.jpg",
      "cupPrice": null,
      "unit": "each",
      "packageSize": "24 pack",
      "barcode": ["9311262008781"],
      "isAvailable": true
    },
    {
      "id": "w79424-9311183005951",
      "store": "woolworths",
      "name": "Immerse Plug Bath & Basin Plug 32mm",
      "brand": "Immerse",
      "price": 1.75,
      "orgPrice": 3.5,
      "categoryIds": ["household"],
      "imagePath": "https://cdn0.woolworths.media/content/wowproductimages/large/079424.jpg",
      "cupPrice": null,
      "unit": "each",
      "packageSize": "each",
      "barcode": ["9311183005951"],
      "isAvailable": true
    },
    {
      "id": "w679037-9310088011432",
      "store": "woolworths",
      "name": "Kleenex Complete Clean Toilet Tissue",
      "brand": "Kleenex",
      "price": 4,
      "orgPrice": 8,
      "categoryIds": ["household"],
      "imagePath": "https://cdn0.woolworths.media/content/wowproductimages/large/679037.jpg",
      "cupPrice": "$0.25 / 100ss",
      "unit": "each",
      "packageSize": "9 pack",
      "barcode": ["9310088011432"],
      "isAvailable": true
    },
    {
      "id": "w687198-9325448148703",
      "store": "woolworths",
      "name": "Michelle Bridges Bottle ",
      "brand": "Michelle Bridges",
      "price": 7,
      "orgPrice": 14,
      "categoryIds": ["household"],
      "imagePath": "https://cdn0.woolworths.media/content/wowproductimages/large/687198.jpg",
      "cupPrice": null,
      "unit": "each",
      "packageSize": "1l",
      "barcode": ["9325448148703"],
      "isAvailable": true
    },
    {
      "id": "w687193-9325448148697",
      "store": "woolworths",
      "name": "Michelle Bridges Food Flask ",
      "brand": "Michelle Bridges",
      "price": 11,
      "orgPrice": 22,
      "categoryIds": ["household"],
      "imagePath": "https://cdn0.woolworths.media/content/wowproductimages/large/687193.jpg",
      "cupPrice": null,
      "unit": "each",
      "packageSize": "450ml",
      "barcode": ["9325448148697"],
      "isAvailable": true
    },
    {
      "id": "w55954-9325448168558",
      "store": "woolworths",
      "name": "Michelle Bridges Insulated Lunch Bag ",
      "brand": "Michelle Bridges",
      "price": 10,
      "orgPrice": 20,
      "categoryIds": ["household"],
      "imagePath": "https://cdn0.woolworths.media/content/wowproductimages/large/055954.jpg",
      "cupPrice": null,
      "unit": "each",
      "packageSize": "each",
      "barcode": ["9325448168558"],
      "isAvailable": true
    },
    {
      "id": "w687520-9325448148659",
      "store": "woolworths",
      "name": "Michelle Bridges Meal Prep Containers ",
      "brand": "Michelle Bridges",
      "price": 7.5,
      "orgPrice": 15,
      "categoryIds": ["household"],
      "imagePath": "https://cdn0.woolworths.media/content/wowproductimages/large/687520.jpg",
      "cupPrice": null,
      "unit": "each",
      "packageSize": "5 pack",
      "barcode": ["9325448148659"],
      "isAvailable": true
    },
    {
      "id": "w687146-9325448148666",
      "store": "woolworths",
      "name": "Michelle Bridges Meal Prep Dipper Pots ",
      "brand": "Michelle Bridges",
      "price": 3,
      "orgPrice": 6,
      "categoryIds": ["household"],
      "imagePath": "https://cdn0.woolworths.media/content/wowproductimages/large/687146.jpg",
      "cupPrice": null,
      "unit": "each",
      "packageSize": "6 pack",
      "barcode": ["9325448148666"],
      "isAvailable": true
    },
    {
      "id": "w55962-9325448168565",
      "store": "woolworths",
      "name": "Michelle Bridges Snack Prep Kit ",
      "brand": "Michelle Bridges",
      "price": 6,
      "orgPrice": 12,
      "categoryIds": ["household"],
      "imagePath": "https://cdn0.woolworths.media/content/wowproductimages/large/055962.jpg",
      "cupPrice": null,
      "unit": "each",
      "packageSize": "3 pack",
      "barcode": ["9325448168565"],
      "isAvailable": true
    },
    {
      "id": "w758723-9328854010572",
      "store": "woolworths",
      "name": "Moki Freestyle Bluetooth Headphones",
      "brand": "Moki",
      "price": 12.5,
      "orgPrice": 25,
      "categoryIds": ["household"],
      "imagePath": "https://cdn0.woolworths.media/content/wowproductimages/large/758723.jpg",
      "cupPrice": null,
      "unit": "each",
      "packageSize": "each",
      "barcode": ["9328854010572"],
      "isAvailable": true
    },
    {
      "id": "w759821-9328854010619",
      "store": "woolworths",
      "name": "Moki Hybrid Bluetooth Headphones",
      "brand": "Moki",
      "price": 12.5,
      "orgPrice": 25,
      "categoryIds": ["household"],
      "imagePath": "https://cdn0.woolworths.media/content/wowproductimages/large/759821.jpg",
      "cupPrice": null,
      "unit": "each",
      "packageSize": "each",
      "barcode": ["9328854010619"],
      "isAvailable": true
    },
    {
      "id": "w759825-9328854010657",
      "store": "woolworths",
      "name": "Moki Octane Bluetooth Headphones",
      "brand": "Moki",
      "price": 12.5,
      "orgPrice": 25,
      "categoryIds": ["household"],
      "imagePath": "https://cdn0.woolworths.media/content/wowproductimages/large/759825.jpg",
      "cupPrice": null,
      "unit": "each",
      "packageSize": "each",
      "barcode": ["9328854010657"],
      "isAvailable": true
    },
    {
      "id": "w791333-9337198002037",
      "store": "woolworths",
      "name": "Oakwood Leather Wipes ",
      "brand": "Oakwood",
      "price": 1.7,
      "orgPrice": 3.49,
      "categoryIds": ["household"],
      "imagePath": "https://cdn0.woolworths.media/content/wowproductimages/large/791333.jpg",
      "cupPrice": null,
      "unit": "each",
      "packageSize": "16 pack",
      "barcode": ["9337198002037"],
      "isAvailable": true
    },
    {
      "id": "w373348-9300632077144",
      "store": "woolworths",
      "name": "Palmolive Antibacterial Concentrate Dishwashing Liquid Lemon",
      "brand": "Palmolive",
      "price": 1.75,
      "orgPrice": 3.5,
      "categoryIds": ["household"],
      "imagePath": "https://cdn0.woolworths.media/content/wowproductimages/large/373348.jpg",
      "cupPrice": "$0.44 / 100ml",
      "unit": "each",
      "packageSize": "400ml",
      "barcode": ["9300632077144"],
      "isAvailable": true
    },
    {
      "id": "w587420-9300632088607",
      "store": "woolworths",
      "name": "Palmolive Divine Blends Dishwashing Liquid Lotus Flower",
      "brand": "Palmolive",
      "price": 1.75,
      "orgPrice": 3.5,
      "categoryIds": ["household"],
      "imagePath": "https://cdn0.woolworths.media/content/wowproductimages/large/587420.jpg",
      "cupPrice": "$0.47 / 100ml",
      "unit": "each",
      "packageSize": "375ml",
      "barcode": ["9300632088607"],
      "isAvailable": true
    },
    {
      "id": "w373319-9300632075423",
      "store": "woolworths",
      "name": "Palmolive Gentle Care Ultra Concentrate Dishwashing Liquid Aloe",
      "brand": "Palmolive",
      "price": 1.75,
      "orgPrice": 3.5,
      "categoryIds": ["household"],
      "imagePath": "https://cdn0.woolworths.media/content/wowproductimages/large/373319.jpg",
      "cupPrice": "$0.44 / 100ml",
      "unit": "each",
      "packageSize": "400ml",
      "barcode": ["9300632075423"],
      "isAvailable": true
    },
    {
      "id": "w55311-9339687101092",
      "store": "woolworths",
      "name": "Paperclick Black Whiteboard ",
      "brand": "Paperclick",
      "price": 5,
      "orgPrice": 10,
      "categoryIds": ["household"],
      "imagePath": "https://cdn0.woolworths.media/content/wowproductimages/large/055311.jpg",
      "cupPrice": null,
      "unit": "each",
      "packageSize": "each",
      "barcode": ["9339687101092"],
      "isAvailable": true
    },
    {
      "id": "w55281-9339687101139",
      "store": "woolworths",
      "name": "Paperclick Large Transparent Pvc Pencil Case Assorted",
      "brand": "Paperclick",
      "price": 2,
      "orgPrice": 4,
      "categoryIds": ["household"],
      "imagePath": "https://cdn0.woolworths.media/content/wowproductimages/large/055281.jpg",
      "cupPrice": null,
      "unit": "each",
      "packageSize": "each",
      "barcode": ["9339687101139"],
      "isAvailable": true
    },
    {
      "id": "w55237-9339687100620",
      "store": "woolworths",
      "name": "Paperclick Retractable Glitter Pens ",
      "brand": "Paperclick",
      "price": 2.5,
      "orgPrice": 5,
      "categoryIds": ["household"],
      "imagePath": "https://cdn0.woolworths.media/content/wowproductimages/large/055237.jpg",
      "cupPrice": null,
      "unit": "each",
      "packageSize": "5 pack",
      "barcode": ["9339687100620"],
      "isAvailable": true
    },
    {
      "id": "w55312-9339687101122",
      "store": "woolworths",
      "name": "Paperclick Small Transparent Pvc Pencil Case",
      "brand": "Paperclick",
      "price": 1,
      "orgPrice": 2,
      "categoryIds": ["household"],
      "imagePath": "https://cdn0.woolworths.media/content/wowproductimages/large/055312.jpg",
      "cupPrice": null,
      "unit": "each",
      "packageSize": "each",
      "barcode": ["9339687101122"],
      "isAvailable": true
    },
    {
      "id": "w55231-9339687100569",
      "store": "woolworths",
      "name": "Paperclick Stationery Set ",
      "brand": "Paperclick",
      "price": 2.5,
      "orgPrice": 5,
      "categoryIds": ["household"],
      "imagePath": "https://cdn0.woolworths.media/content/wowproductimages/large/055231.jpg",
      "cupPrice": null,
      "unit": "each",
      "packageSize": "each",
      "barcode": ["9339687100569"],
      "isAvailable": true
    },
    {
      "id": "w644239-9311505825014",
      "store": "woolworths",
      "name": "Quilton 2ply Tissue Hypo-allergenic",
      "brand": "Quilton",
      "price": 1.25,
      "orgPrice": 2.5,
      "categoryIds": ["household"],
      "imagePath": "https://cdn0.woolworths.media/content/wowproductimages/large/644239.jpg",
      "cupPrice": "$0.50 / 100ss",
      "unit": "each",
      "packageSize": "250 pack",
      "barcode": ["9311505825014"],
      "isAvailable": true
    },
    {
      "id": "w104878-9415442029976",
      "store": "woolworths",
      "name": "Scotch-brite Chunky Sponge",
      "brand": "Scotch-brite",
      "price": 1.75,
      "orgPrice": 3.5,
      "categoryIds": ["household"],
      "imagePath": "https://cdn0.woolworths.media/content/wowproductimages/large/104878.jpg",
      "cupPrice": "$0.88 / 1ea",
      "unit": "each",
      "packageSize": "2pk",
      "barcode": ["9415442029976"],
      "isAvailable": true
    },
    {
      "id": "w307480-9310063034470",
      "store": "woolworths",
      "name": "Scotch-brite Heavy Duty Foam Scourer 3x Longer",
      "brand": "Scotch-brite",
      "price": 2.25,
      "orgPrice": 4.5,
      "categoryIds": ["household"],
      "imagePath": "https://cdn0.woolworths.media/content/wowproductimages/large/307480.jpg",
      "cupPrice": "$0.56 / 1ea",
      "unit": "each",
      "packageSize": "4 pack",
      "barcode": ["9310063034470"],
      "isAvailable": true
    },
    {
      "id": "w177264-21200572357",
      "store": "woolworths",
      "name": "Scotch-brite Heavy Duty Scourer & Sponge",
      "brand": "Scotch-brite",
      "price": 2.25,
      "orgPrice": 4.5,
      "categoryIds": ["household"],
      "imagePath": "https://cdn0.woolworths.media/content/wowproductimages/large/177264.jpg",
      "cupPrice": "$0.75 / 1ea",
      "unit": "each",
      "packageSize": "3 pack",
      "barcode": ["21200572357"],
      "isAvailable": true
    },
    {
      "id": "w20131-9310063000154",
      "store": "woolworths",
      "name": "Scotch-brite Heavy Duty Scourer 3x Longer",
      "brand": "Scotch-brite",
      "price": 1.75,
      "orgPrice": 3.5,
      "categoryIds": ["household"],
      "imagePath": "https://cdn0.woolworths.media/content/wowproductimages/large/020131.jpg",
      "cupPrice": "$0.44 / 1ea",
      "unit": "each",
      "packageSize": "4pk",
      "barcode": ["9310063000154"],
      "isAvailable": true
    },
    {
      "id": "w674231-76308909932",
      "store": "woolworths",
      "name": "Scotch-brite Heavyduty Scrub Dots Sponges",
      "brand": "Scotch-brite",
      "price": 2.35,
      "orgPrice": 4.7,
      "categoryIds": ["household"],
      "imagePath": "https://cdn0.woolworths.media/content/wowproductimages/large/674231.jpg",
      "cupPrice": "$1.18 / 1ea",
      "unit": "each",
      "packageSize": "2 pack",
      "barcode": ["76308909932"],
      "isAvailable": true
    },
    {
      "id": "w189817-9310063017282",
      "store": "woolworths",
      "name": "Scotch-brite Non Scratch Scrub Sponge",
      "brand": "Scotch-brite",
      "price": 2.25,
      "orgPrice": 4.5,
      "categoryIds": ["household"],
      "imagePath": "https://cdn0.woolworths.media/content/wowproductimages/large/189817.jpg",
      "cupPrice": "$0.75 / 1ea",
      "unit": "each",
      "packageSize": "3 pack",
      "barcode": ["9310063017282"],
      "isAvailable": true
    },
    {
      "id": "w700818-9310063042604",
      "store": "woolworths",
      "name": "Scotch-brite Non Scratch Foam Scrub Sponge ",
      "brand": "Scotch-brite",
      "price": 2.25,
      "orgPrice": 4.5,
      "categoryIds": ["household"],
      "imagePath": "https://cdn0.woolworths.media/content/wowproductimages/large/700818.jpg",
      "cupPrice": "$0.56 / 1ea",
      "unit": "each",
      "packageSize": "4 pack",
      "barcode": ["9310063042604"],
      "isAvailable": true
    },
    {
      "id": "w674075-76308910495",
      "store": "woolworths",
      "name": "Scotch-brite Non-scratch Scrub Dots Sponges",
      "brand": "Scotch-brite",
      "price": 2.35,
      "orgPrice": 4.7,
      "categoryIds": ["household"],
      "imagePath": "https://cdn0.woolworths.media/content/wowproductimages/large/674075.jpg",
      "cupPrice": "$1.18 / 1ea",
      "unit": "each",
      "packageSize": "2 pack",
      "barcode": ["76308910495"],
      "isAvailable": true
    },
    {
      "id": "w174438-9414202018700",
      "store": "woolworths",
      "name": "Sistema Klip It Plasticware Rectangle",
      "brand": "Sistema",
      "price": 6.22,
      "orgPrice": 12.45,
      "categoryIds": ["household"],
      "imagePath": "https://cdn0.woolworths.media/content/wowproductimages/large/174438.jpg",
      "cupPrice": null,
      "unit": "each",
      "packageSize": "7l",
      "barcode": ["9414202018700"],
      "isAvailable": true
    },
    {
      "id": "w174437-9414202018502",
      "store": "woolworths",
      "name": "Sistema Klip It Plasticware Rectangle Container 5.0l",
      "brand": "Sistema",
      "price": 5.17,
      "orgPrice": 10.35,
      "categoryIds": ["household"],
      "imagePath": "https://cdn0.woolworths.media/content/wowproductimages/large/174437.jpg",
      "cupPrice": null,
      "unit": "each",
      "packageSize": "each",
      "barcode": ["9414202018502"],
      "isAvailable": true
    },
    {
      "id": "w639497-9414202017222",
      "store": "woolworths",
      "name": "Sistema Klip It Rectangle Container",
      "brand": "Sistema",
      "price": 5.5,
      "orgPrice": 11,
      "categoryIds": ["household"],
      "imagePath": "https://cdn0.woolworths.media/content/wowproductimages/large/639497.jpg",
      "cupPrice": null,
      "unit": "each",
      "packageSize": "2l 2 pack",
      "barcode": ["9414202017222"],
      "isAvailable": true
    },
    {
      "id": "w56523-9414202045911",
      "store": "woolworths",
      "name": "Sistema Mega Fold Up Cooler Bag ",
      "brand": "Sistema",
      "price": 7.5,
      "orgPrice": 15,
      "categoryIds": ["household"],
      "imagePath": "https://cdn0.woolworths.media/content/wowproductimages/large/056523.jpg",
      "cupPrice": null,
      "unit": "each",
      "packageSize": "each",
      "barcode": ["9414202045911"],
      "isAvailable": true
    },
    {
      "id": "w56843-9414202058508",
      "store": "woolworths",
      "name": "Sistema Ss Dual Wall Bottle 1l ",
      "brand": "Sistema",
      "price": 15,
      "orgPrice": 30,
      "categoryIds": ["household"],
      "imagePath": "https://cdn0.woolworths.media/content/wowproductimages/large/056843.jpg",
      "cupPrice": null,
      "unit": "each",
      "packageSize": "each",
      "barcode": ["9414202058508"],
      "isAvailable": true
    },
    {
      "id": "w812571-9414202045850",
      "store": "woolworths",
      "name": "Sistema To Go Cooler Bag",
      "brand": "Sistema",
      "price": 6,
      "orgPrice": 12,
      "categoryIds": ["household"],
      "imagePath": "https://cdn0.woolworths.media/content/wowproductimages/large/812571.jpg",
      "cupPrice": null,
      "unit": "each",
      "packageSize": "each",
      "barcode": ["9414202045850"],
      "isAvailable": true
    },
    {
      "id": "w743650-9414202016133",
      "store": "woolworths",
      "name": "Sistema Klip It Container 1l ",
      "brand": "Sistema",
      "price": 6.25,
      "orgPrice": 12.5,
      "categoryIds": ["household"],
      "imagePath": "https://cdn0.woolworths.media/content/wowproductimages/large/743650.jpg",
      "cupPrice": "$6.25 / 1ea",
      "unit": "each",
      "packageSize": "3 pack",
      "barcode": ["9414202016133"],
      "isAvailable": true
    },
    {
      "id": "w55940-9325448168633",
      "store": "woolworths",
      "name": "Smash Bento Bite Lunch Box Blue",
      "brand": "Smash",
      "price": 10,
      "orgPrice": 20,
      "categoryIds": ["household"],
      "imagePath": "https://cdn0.woolworths.media/content/wowproductimages/large/055940.jpg",
      "cupPrice": null,
      "unit": "each",
      "packageSize": "each",
      "barcode": ["9325448168633"],
      "isAvailable": true
    },
    {
      "id": "w55951-9325448168657",
      "store": "woolworths",
      "name": "Smash Bento Bite Lunch Box Pink",
      "brand": "Smash",
      "price": 10,
      "orgPrice": 20,
      "categoryIds": ["household"],
      "imagePath": "https://cdn0.woolworths.media/content/wowproductimages/large/055951.jpg",
      "cupPrice": null,
      "unit": "each",
      "packageSize": "each",
      "barcode": ["9325448168657"],
      "isAvailable": true
    },
    {
      "id": "w55494-9325448168572",
      "store": "woolworths",
      "name": "Smash Bento Switch Up Blue",
      "brand": "Smash",
      "price": 9,
      "orgPrice": 18,
      "categoryIds": ["household"],
      "imagePath": "https://cdn0.woolworths.media/content/wowproductimages/large/055494.jpg",
      "cupPrice": null,
      "unit": "each",
      "packageSize": "each",
      "barcode": ["9325448168572"],
      "isAvailable": true
    },
    {
      "id": "w55949-9325448168602",
      "store": "woolworths",
      "name": "Smash Bento Switch Up Pink",
      "brand": "Smash",
      "price": 9,
      "orgPrice": 18,
      "categoryIds": ["household"],
      "imagePath": "https://cdn0.woolworths.media/content/wowproductimages/large/055949.jpg",
      "cupPrice": null,
      "unit": "each",
      "packageSize": "each",
      "barcode": ["9325448168602"],
      "isAvailable": true
    },
    {
      "id": "w55946-9325448168589",
      "store": "woolworths",
      "name": "Smash Caddy Cold Box Blue",
      "brand": "Smash",
      "price": 8,
      "orgPrice": 16,
      "categoryIds": ["household"],
      "imagePath": "https://cdn0.woolworths.media/content/wowproductimages/large/055946.jpg",
      "cupPrice": null,
      "unit": "each",
      "packageSize": "each",
      "barcode": ["9325448168589"],
      "isAvailable": true
    },
    {
      "id": "w55938-9325448168619",
      "store": "woolworths",
      "name": "Smash Caddy Cold Box Pink",
      "brand": "Smash",
      "price": 8,
      "orgPrice": 16,
      "categoryIds": ["household"],
      "imagePath": "https://cdn0.woolworths.media/content/wowproductimages/large/055938.jpg",
      "cupPrice": null,
      "unit": "each",
      "packageSize": "each",
      "barcode": ["9325448168619"],
      "isAvailable": true
    },
    {
      "id": "w55948-9325448168596",
      "store": "woolworths",
      "name": "Smash Chiller Bottle 640ml Blue",
      "brand": "Smash",
      "price": 5,
      "orgPrice": 10,
      "categoryIds": ["household"],
      "imagePath": "https://cdn0.woolworths.media/content/wowproductimages/large/055948.jpg",
      "cupPrice": null,
      "unit": "each",
      "packageSize": "each",
      "barcode": ["9325448168596"],
      "isAvailable": true
    },
    {
      "id": "w55955-9325448168688",
      "store": "woolworths",
      "name": "Smash Curly Straw Tumbler Blue",
      "brand": "Smash",
      "price": 4.5,
      "orgPrice": 9,
      "categoryIds": ["household"],
      "imagePath": "https://cdn0.woolworths.media/content/wowproductimages/large/055955.jpg",
      "cupPrice": null,
      "unit": "each",
      "packageSize": "each",
      "barcode": ["9325448168688"],
      "isAvailable": true
    },
    {
      "id": "w55518-9325448168718",
      "store": "woolworths",
      "name": "Smash Curly Straw Tumbler Pink",
      "brand": "Smash",
      "price": 4.5,
      "orgPrice": 9,
      "categoryIds": ["household"],
      "imagePath": "https://cdn0.woolworths.media/content/wowproductimages/large/055518.jpg",
      "cupPrice": null,
      "unit": "each",
      "packageSize": "each",
      "barcode": ["9325448168718"],
      "isAvailable": true
    },
    {
      "id": "w55956-9325448168701",
      "store": "woolworths",
      "name": "Smash Kids Bamboo Bowl Blue",
      "brand": "Smash",
      "price": 2.5,
      "orgPrice": 5,
      "categoryIds": ["household"],
      "imagePath": "https://cdn0.woolworths.media/content/wowproductimages/large/055956.jpg",
      "cupPrice": null,
      "unit": "each",
      "packageSize": "each",
      "barcode": ["9325448168701"],
      "isAvailable": true
    },
    {
      "id": "w55526-9325448168732",
      "store": "woolworths",
      "name": "Smash Kids Bamboo Bowl Pink",
      "brand": "Smash",
      "price": 2.5,
      "orgPrice": 5,
      "categoryIds": ["household"],
      "imagePath": "https://cdn0.woolworths.media/content/wowproductimages/large/055526.jpg",
      "cupPrice": null,
      "unit": "each",
      "packageSize": "each",
      "barcode": ["9325448168732"],
      "isAvailable": true
    },
    {
      "id": "w55515-9325448168695",
      "store": "woolworths",
      "name": "Smash Kids Bamboo Plate Blue",
      "brand": "Smash",
      "price": 2.5,
      "orgPrice": 5,
      "categoryIds": ["household"],
      "imagePath": "https://cdn0.woolworths.media/content/wowproductimages/large/055515.jpg",
      "cupPrice": null,
      "unit": "each",
      "packageSize": "each",
      "barcode": ["9325448168695"],
      "isAvailable": true
    },
    {
      "id": "w55963-9325448168725",
      "store": "woolworths",
      "name": "Smash Kids Bamboo Plate Pink",
      "brand": "Smash",
      "price": 2.5,
      "orgPrice": 5,
      "categoryIds": ["household"],
      "imagePath": "https://cdn0.woolworths.media/content/wowproductimages/large/055963.jpg",
      "cupPrice": null,
      "unit": "each",
      "packageSize": "each",
      "barcode": ["9325448168725"],
      "isAvailable": true
    },
    {
      "id": "w55478-9325448168671",
      "store": "woolworths",
      "name": "Smash Lunch Buddy Set ",
      "brand": "Smash",
      "price": 6,
      "orgPrice": 12,
      "categoryIds": ["household"],
      "imagePath": "https://cdn0.woolworths.media/content/wowproductimages/large/055478.jpg",
      "cupPrice": null,
      "unit": "each",
      "packageSize": "8 pack",
      "barcode": ["9325448168671"],
      "isAvailable": true
    },
    {
      "id": "w458083-9300701239367",
      "store": "woolworths",
      "name": "Vanish Gold Oxi Action Intelligence Gel",
      "brand": "Vanish",
      "price": 9.99,
      "orgPrice": 19.99,
      "categoryIds": ["household"],
      "imagePath": "https://cdn0.woolworths.media/content/wowproductimages/large/458083.jpg",
      "cupPrice": "$5.71 / 1l",
      "unit": "each",
      "packageSize": "1.75l",
      "barcode": ["9300701239367"],
      "isAvailable": true
    },
    {
      "id": "w802964-9300701708511",
      "store": "woolworths",
      "name": "Vanish Napisan Gold Pro Stain Remover Powder",
      "brand": "Vanish",
      "price": 11,
      "orgPrice": 22,
      "categoryIds": ["household"],
      "imagePath": "https://cdn0.woolworths.media/content/wowproductimages/large/802964.jpg",
      "cupPrice": "$6.11 / 1kg",
      "unit": "each",
      "packageSize": "1.8kg",
      "barcode": ["9300701708511"],
      "isAvailable": true
    },
    {
      "id": "w802978-9300701708535",
      "store": "woolworths",
      "name": "Vanish Napisan Gold Pro Stain Remover Powder",
      "brand": "Vanish",
      "price": 15,
      "orgPrice": 30,
      "categoryIds": ["household"],
      "imagePath": "https://cdn0.woolworths.media/content/wowproductimages/large/802978.jpg",
      "cupPrice": "$5.56 / 1kg",
      "unit": "each",
      "packageSize": "2.7kg",
      "barcode": ["9300701708535"],
      "isAvailable": true
    },
    {
      "id": "w802977-9300701708528",
      "store": "woolworths",
      "name": "Vanish Napisan Gold Pro White Stain Remover Powder",
      "brand": "Vanish",
      "price": 11,
      "orgPrice": 22,
      "categoryIds": ["household"],
      "imagePath": "https://cdn0.woolworths.media/content/wowproductimages/large/802977.jpg",
      "cupPrice": "$6.11 / 1kg",
      "unit": "each",
      "packageSize": "1.8kg",
      "barcode": ["9300701708528"],
      "isAvailable": true
    },
    {
      "id": "w192695-9325005000307",
      "store": "woolworths",
      "name": "Vileda Bucket & Wringer",
      "brand": "Vileda",
      "price": 9.5,
      "orgPrice": 19,
      "categoryIds": ["household"],
      "imagePath": "https://cdn0.woolworths.media/content/wowproductimages/large/192695.jpg",
      "cupPrice": null,
      "unit": "each",
      "packageSize": "each",
      "barcode": ["9325005000307"],
      "isAvailable": true
    },
    {
      "id": "w370210-683010606792",
      "store": "woolworths",
      "name": "Vileda Mop Promist Durable Refill",
      "brand": "Vileda",
      "price": 5.75,
      "orgPrice": 11.5,
      "categoryIds": ["household"],
      "imagePath": "https://cdn0.woolworths.media/content/wowproductimages/large/370210.jpg",
      "cupPrice": "$5.75 / 1ea",
      "unit": "each",
      "packageSize": "each",
      "barcode": ["683010606792"],
      "isAvailable": true
    },
    {
      "id": "w212293-9325005013208",
      "store": "woolworths",
      "name": "Vileda Mop Super Microfibre Tx Handle",
      "brand": "Vileda",
      "price": 9.5,
      "orgPrice": 19,
      "categoryIds": ["household"],
      "imagePath": "https://cdn0.woolworths.media/content/wowproductimages/large/212293.jpg",
      "cupPrice": null,
      "unit": "each",
      "packageSize": "each",
      "barcode": ["9325005013208"],
      "isAvailable": true
    },
    {
      "id": "w226527-683010206367",
      "store": "woolworths",
      "name": "Vileda Ultramax Refill",
      "brand": "Vileda",
      "price": 8.25,
      "orgPrice": 16.5,
      "categoryIds": ["household"],
      "imagePath": "https://cdn0.woolworths.media/content/wowproductimages/large/226527.jpg",
      "cupPrice": null,
      "unit": "each",
      "packageSize": "each",
      "barcode": ["683010206367"],
      "isAvailable": true
    },
    {
      "id": "w27210-9300622105185",
      "store": "woolworths",
      "name": "Windex Glass Cleaner Trigger",
      "brand": "Windex",
      "price": 2.15,
      "orgPrice": 4.3,
      "categoryIds": ["household"],
      "imagePath": "https://cdn0.woolworths.media/content/wowproductimages/large/027210.jpg",
      "cupPrice": "$0.43 / 100ml",
      "unit": "each",
      "packageSize": "500ml",
      "barcode": ["9300622105185"],
      "isAvailable": true
    },
    {
      "id": "w790881-4894063040532",
      "store": "woolworths",
      "name": "Woolworths Bbq Rake And Scrape",
      "brand": "Woolworths",
      "price": 3.2,
      "orgPrice": 8,
      "categoryIds": ["household"],
      "imagePath": "https://cdn0.woolworths.media/content/wowproductimages/large/790881.jpg",
      "cupPrice": null,
      "unit": "each",
      "packageSize": "each",
      "barcode": ["4894063040532"],
      "isAvailable": true
    },
    {
      "id": "w680991-9339687039647",
      "store": "woolworths",
      "name": "Woolworths Bbq Fork ",
      "brand": "Woolworths",
      "price": 1.6,
      "orgPrice": 4,
      "categoryIds": ["household"],
      "imagePath": "https://cdn0.woolworths.media/content/wowproductimages/large/680991.jpg",
      "cupPrice": "$1.60 / 1ea",
      "unit": "each",
      "packageSize": "each",
      "barcode": ["9339687039647"],
      "isAvailable": true
    },
    {
      "id": "w790853-4894063040495",
      "store": "woolworths",
      "name": "Woolworths Bbq Grill Brush 30cm",
      "brand": "Woolworths",
      "price": 2,
      "orgPrice": 5,
      "categoryIds": ["household"],
      "imagePath": "https://cdn0.woolworths.media/content/wowproductimages/large/790853.jpg",
      "cupPrice": "$2.00 / 1ea",
      "unit": "each",
      "packageSize": "each",
      "barcode": ["4894063040495"],
      "isAvailable": true
    },
    {
      "id": "w26221-9339687095520",
      "store": "woolworths",
      "name": "Woolworths Bbq Marinade Injector ",
      "brand": "Woolworths",
      "price": 4.8,
      "orgPrice": 12,
      "categoryIds": ["household"],
      "imagePath": "https://cdn0.woolworths.media/content/wowproductimages/large/026221.jpg",
      "cupPrice": "$4.80 / 1ea",
      "unit": "each",
      "packageSize": "each",
      "barcode": ["9339687095520"],
      "isAvailable": true
    },
    {
      "id": "w26220-9339687095513",
      "store": "woolworths",
      "name": "Woolworths Bbq Meat Claws ",
      "brand": "Woolworths",
      "price": 2,
      "orgPrice": 5,
      "categoryIds": ["household"],
      "imagePath": "https://cdn0.woolworths.media/content/wowproductimages/large/026220.jpg",
      "cupPrice": "$2.00 / 1ea",
      "unit": "each",
      "packageSize": "2 pack",
      "barcode": ["9339687095513"],
      "isAvailable": true
    },
    {
      "id": "w577096-9300633636357",
      "store": "woolworths",
      "name": "Woolworths Bbq Meat Thermometer ",
      "brand": "Woolworths",
      "price": 9,
      "orgPrice": 18,
      "categoryIds": ["household"],
      "imagePath": "https://cdn0.woolworths.media/content/wowproductimages/large/577096.jpg",
      "cupPrice": "$9.00 / 1ea",
      "unit": "each",
      "packageSize": "each",
      "barcode": ["9300633636357"],
      "isAvailable": true
    },
    {
      "id": "w790882-4894063040525",
      "store": "woolworths",
      "name": "Woolworths Bbq Spatula ",
      "brand": "Woolworths",
      "price": 3.6,
      "orgPrice": 9,
      "categoryIds": ["household"],
      "imagePath": "https://cdn0.woolworths.media/content/wowproductimages/large/790882.jpg",
      "cupPrice": null,
      "unit": "each",
      "packageSize": "each",
      "barcode": ["4894063040525"],
      "isAvailable": true
    },
    {
      "id": "w747117-9300633356712",
      "store": "woolworths",
      "name": "Woolworths Essentials Boys Underwear Fly Front Trunks 6-7",
      "brand": "Woolworths",
      "price": 4,
      "orgPrice": 8,
      "categoryIds": ["household"],
      "imagePath": "https://cdn0.woolworths.media/content/wowproductimages/large/747117.jpg",
      "cupPrice": "$1.33 / 1ea",
      "unit": "each",
      "packageSize": "3 pack",
      "barcode": ["9300633356712"],
      "isAvailable": true
    },
    {
      "id": "w747120-9300633356736",
      "store": "woolworths",
      "name": "Woolworths For Kids Boys Underwear Fly Front Trunks 12-14",
      "brand": "Woolworths",
      "price": 4,
      "orgPrice": 8,
      "categoryIds": ["household"],
      "imagePath": "https://cdn0.woolworths.media/content/wowproductimages/large/747120.jpg",
      "cupPrice": "$1.33 / 1ea",
      "unit": "each",
      "packageSize": "3 pack",
      "barcode": ["9300633356736"],
      "isAvailable": true
    },
    {
      "id": "w747193-9300633376239",
      "store": "woolworths",
      "name": "Woolworths For Kids Boys Underwear Fly Front Trunks 8-10",
      "brand": "Woolworths",
      "price": 4,
      "orgPrice": 8,
      "categoryIds": ["household"],
      "imagePath": "https://cdn0.woolworths.media/content/wowproductimages/large/747193.jpg",
      "cupPrice": "$1.33 / 1ea",
      "unit": "each",
      "packageSize": "3 pack",
      "barcode": ["9300633376239"],
      "isAvailable": true
    }
  ],
  "data-date": "10th June - 16th June"
}

