{"products": [{"id": "c1647164p-5000221505709", "store": "coles", "name": "Lemon Slices 6 Pack", "brand": "Mr Kipling", "price": 2, "orgPrice": 4, "imagePath": "https://shop.coles.com.au/wcsstore/Coles-CAS/images/1/6/4/1647164.jpg", "cupPrice": "$1.21 per 100g", "unit": "ea", "packageSize": "165g", "barcode": ["5000221505709"], "isAvailable": true, "categoryIds": ["bakery"]}, {"id": "c1777410p-5000221001386", "store": "coles", "name": "Cherry & Almond Bakewells Tarts 6 pack", "brand": "Mr Kipling", "price": 2, "orgPrice": 4, "imagePath": "https://shop.coles.com.au/wcsstore/Coles-CAS/images/1/7/7/1777410.jpg", "cupPrice": "$8.00 per 1kg", "unit": "ea", "packageSize": "250g", "barcode": ["5000221001386", "5000221209942"], "isAvailable": true, "categoryIds": ["bakery"]}, {"id": "c3217654p-5000221655978", "store": "coles", "name": "French Fancies Selection Cakes 8 Pack", "brand": "Mr Kipling", "price": 2.5, "orgPrice": 5, "imagePath": "https://shop.coles.com.au/wcsstore/Coles-CAS/images/3/2/1/3217654.jpg", "cupPrice": "$1.22 per 100g", "unit": "ea", "packageSize": "205g", "barcode": ["5000221655978", "5000221605973"], "isAvailable": true, "categoryIds": ["bakery"]}, {"id": "c3766583p-9300650450196", "store": "coles", "name": "Caramilk Cream Cheese", "brand": "Philadelphia", "price": 2.35, "orgPrice": 4.7, "imagePath": "https://shop.coles.com.au/wcsstore/Coles-CAS/images/3/7/6/3766583.jpg", "cupPrice": "$9.40 per 1kg", "unit": "ea", "packageSize": "250g", "barcode": ["9300650450196"], "isAvailable": true, "categoryIds": ["dairy-eggs-fridge"]}, {"id": "c6109035p-5000396015898", "store": "coles", "name": "Digestives Milk Chocolate Wheat Biscuits", "brand": "McVitie's", "price": 1.97, "orgPrice": 3.95, "imagePath": "https://shop.coles.com.au/wcsstore/Coles-CAS/images/6/1/0/6109035.jpg", "cupPrice": "$0.66 per 100g", "unit": "ea", "packageSize": "300g", "barcode": ["5000396015898"], "isAvailable": true, "categoryIds": ["pantry"]}, {"id": "c6108010p-5000396015935", "store": "coles", "name": "Original Digestive Biscuits", "brand": "McVitie's", "price": 1.97, "orgPrice": 3.95, "imagePath": "https://shop.coles.com.au/wcsstore/Coles-CAS/images/6/1/0/6108010.jpg", "cupPrice": "$0.49 per 100g", "unit": "ea", "packageSize": "400g", "barcode": ["5000396015935", "5000168001159"], "isAvailable": true, "categoryIds": ["pantry"]}, {"id": "c6899164p-9300605048522", "store": "coles", "name": "Rainbow Berry Berry Roll Ups", "brand": "Uncle Tobys", "price": 2, "orgPrice": 4, "imagePath": "https://shop.coles.com.au/wcsstore/Coles-CAS/images/6/8/9/6899164.jpg", "cupPrice": "$2.13 per 100g", "unit": "ea", "packageSize": "94g", "barcode": ["9300605048522"], "isAvailable": true, "categoryIds": ["pantry"]}, {"id": "c5196850p-400003061440", "store": "coles", "name": "Party Mix", "brand": "Allen's", "price": 1.5, "orgPrice": 3, "imagePath": "https://shop.coles.com.au/wcsstore/Coles-CAS/images/5/1/9/5196850.jpg", "cupPrice": "$0.79 per 100g", "unit": "ea", "packageSize": "190g", "barcode": ["400003061440", "9300605042360", "9300605027862"], "isAvailable": true, "categoryIds": ["pantry"]}, {"id": "c1786160p-9310015240621", "store": "coles", "name": "Honey Soy Chicken Potato Chips", "brand": "Red Rock Deli", "price": 2.32, "orgPrice": 4.65, "imagePath": "https://shop.coles.com.au/wcsstore/Coles-CAS/images/1/7/8/1786160.jpg", "cupPrice": "$1.41 per 100g", "unit": "ea", "packageSize": "165g", "barcode": ["9310015240621"], "isAvailable": true, "categoryIds": ["pantry"]}, {"id": "c1786150p-9310015240614", "store": "coles", "name": "Sea Salt Potato Chips", "brand": "Red Rock Deli", "price": 2.32, "orgPrice": 4.65, "imagePath": "https://shop.coles.com.au/wcsstore/Coles-CAS/images/1/7/8/1786150.jpg", "cupPrice": "$1.41 per 100g", "unit": "ea", "packageSize": "165g", "barcode": ["9310015240614"], "isAvailable": true, "categoryIds": ["pantry"]}, {"id": "c1786182p-9310015240645", "store": "coles", "name": "Sweet Chilli & Sour Cream Potato Chips", "brand": "Red Rock Deli", "price": 2.32, "orgPrice": 4.65, "imagePath": "https://shop.coles.com.au/wcsstore/Coles-CAS/images/1/7/8/1786182.jpg", "cupPrice": "$1.41 per 100g", "unit": "ea", "packageSize": "165g", "barcode": ["9310015240645"], "isAvailable": true, "categoryIds": ["pantry"]}, {"id": "c2351855p-9300617042976", "store": "coles", "name": "Marshmallows Pink and White", "brand": "Pascall", "price": 2, "orgPrice": 4, "imagePath": "https://shop.coles.com.au/wcsstore/Coles-CAS/images/2/3/5/2351855.jpg", "cupPrice": "$0.71 per 100g", "unit": "ea", "packageSize": "280g", "barcode": ["9300617042976"], "isAvailable": true, "categoryIds": ["pantry"]}, {"id": "c3571992p-9300617075295", "store": "coles", "name": "Favourites", "brand": "Cadbury", "price": 7, "orgPrice": 14, "imagePath": "https://shop.coles.com.au/wcsstore/Coles-CAS/images/3/5/7/3571992.jpg", "cupPrice": "$1.88 per 100g", "unit": "ea", "packageSize": "373g", "barcode": ["9300617075295"], "isAvailable": true, "categoryIds": ["pantry"]}, {"id": "c6109057p-5000396022308", "store": "coles", "name": "Dark Chocolate Digestive Biscuits", "brand": "McVitie's", "price": 1.97, "orgPrice": 3.95, "imagePath": "https://shop.coles.com.au/wcsstore/Coles-CAS/images/6/1/0/6109057.jpg", "cupPrice": "$0.66 per 100g", "unit": "ea", "packageSize": "300g", "barcode": ["5000396022308"], "isAvailable": true, "categoryIds": ["pantry"]}, {"id": "c5833943p-400003457830", "store": "coles", "name": "Extra Virgin Olive Oil", "brand": "La Espanola", "price": 4.5, "orgPrice": 9, "imagePath": "https://shop.coles.com.au/wcsstore/Coles-CAS/images/5/8/3/5833943.jpg", "cupPrice": "$0.90 per 100ml", "unit": "ea", "packageSize": "500ml", "barcode": ["400003457830", "8410660510115"], "isAvailable": true, "categoryIds": ["pantry"]}, {"id": "c4725694p-9300667035065", "store": "coles", "name": "Pasta & Sauce Creamy Bacon Carbonara", "brand": "Continental", "price": 1, "orgPrice": 2.1, "imagePath": "https://shop.coles.com.au/wcsstore/Coles-CAS/images/4/7/2/4725694.jpg", "cupPrice": "$1.18 per 100g", "unit": "ea", "packageSize": "85g", "barcode": ["9300667035065"], "isAvailable": true, "categoryIds": ["pantry"]}, {"id": "c4725708p-9300667035089", "store": "coles", "name": "Alfredo Pasta & Sauce Serves 3", "brand": "Continental", "price": 1, "orgPrice": 2.1, "imagePath": "https://shop.coles.com.au/wcsstore/Coles-CAS/images/4/7/2/4725708.jpg", "cupPrice": "$1.18 per 100g", "unit": "ea", "packageSize": "85g", "barcode": ["9300667035089"], "isAvailable": true, "categoryIds": ["pantry"]}, {"id": "c4975192p-9310060406942", "store": "coles", "name": "Chewy Bars Choc Chip", "brand": "Uncle Tobys", "price": 2.15, "orgPrice": 4.3, "imagePath": "https://shop.coles.com.au/wcsstore/Coles-CAS/images/4/9/7/4975192.jpg", "cupPrice": "$1.16 per 100g", "unit": "ea", "packageSize": "185g", "barcode": ["9310060406942"], "isAvailable": true, "categoryIds": ["pantry"]}, {"id": "c138201p-9300682001298", "store": "coles", "name": "Chocolate Bar", "brand": "Mars", "price": 1, "orgPrice": 2, "imagePath": "https://shop.coles.com.au/wcsstore/Coles-CAS/images/1/3/8/138201.jpg", "cupPrice": "$1.89 per 100g", "unit": "ea", "packageSize": "53g", "barcode": ["9300682001298", "93682459", "93682084", "9300682010757", "93682015", "9300682016063", "9300682042321"], "isAvailable": true, "categoryIds": ["pantry"]}, {"id": "c136512p-5000189342910", "store": "coles", "name": "KitKat Milk Chocolate Bar", "brand": "Nestle", "price": 1, "orgPrice": 2, "imagePath": "https://shop.coles.com.au/wcsstore/Coles-CAS/images/1/3/6/136512.jpg", "cupPrice": "$2.22 per 100g", "unit": "ea", "packageSize": "45g", "barcode": ["5000189342910", "93600057"], "isAvailable": true, "categoryIds": ["pantry"]}, {"id": "c9530138p-9300605000094", "store": "coles", "name": "Snakes Alive", "brand": "Allen's", "price": 1.5, "orgPrice": 3, "imagePath": "https://shop.coles.com.au/wcsstore/Coles-CAS/images/9/5/3/9530138.jpg", "cupPrice": "$0.75 per 100g", "unit": "ea", "packageSize": "200g", "barcode": ["9300605000094", "9300605042391", "9300605094376"], "isAvailable": true, "categoryIds": ["pantry"]}, {"id": "c1416296p-9300830018451", "store": "coles", "name": "Macaroni Cheese Pasta & Sauce Serves 3", "brand": "Continental", "price": 1, "orgPrice": 2.1, "imagePath": "https://shop.coles.com.au/wcsstore/Coles-CAS/images/1/4/1/1416296.jpg", "cupPrice": "$0.95 per 100g", "unit": "ea", "packageSize": "105g", "barcode": ["9300830018451"], "isAvailable": true, "categoryIds": ["pantry"]}, {"id": "c1405959p-5000396028492", "store": "coles", "name": "Sultana & Forest Fruit Crispy Slice", "brand": "Go Ahead", "price": 1.97, "orgPrice": 3.95, "imagePath": "https://shop.coles.com.au/wcsstore/Coles-CAS/images/1/4/0/1405959.jpg", "cupPrice": "$0.90 per 100g", "unit": "ea", "packageSize": "218g", "barcode": ["5000396028492", "5000396036152"], "isAvailable": true, "categoryIds": ["pantry"]}, {"id": "c1786171p-9310015240638", "store": "coles", "name": "Sea Salt & Balsamic Vinegar Potato Chips", "brand": "Red Rock Deli", "price": 2.32, "orgPrice": 4.65, "imagePath": "https://shop.coles.com.au/wcsstore/Coles-CAS/images/1/7/8/1786171.jpg", "cupPrice": "$1.41 per 100g", "unit": "ea", "packageSize": "165g", "barcode": ["9310015240638"], "isAvailable": true, "categoryIds": ["pantry"]}, {"id": "c2898261p-9315991023596", "store": "coles", "name": "Deli Crisps Original Blend Chips", "brand": "Vege", "price": 2.75, "orgPrice": 5.5, "imagePath": "https://shop.coles.com.au/wcsstore/Coles-CAS/images/2/8/9/2898261.jpg", "cupPrice": "$2.75 per 100g", "unit": "ea", "packageSize": "100g", "barcode": ["9315991023596"], "isAvailable": true, "categoryIds": ["pantry"]}, {"id": "c6899175p-9300605048430", "store": "coles", "name": "Roll Ups Rainbow Fruit Salad 6 Pack", "brand": "Uncle Tobys", "price": 2, "orgPrice": 4, "imagePath": "https://shop.coles.com.au/wcsstore/Coles-CAS/images/6/8/9/6899175.jpg", "cupPrice": "$2.13 per 100g", "unit": "ea", "packageSize": "94g", "barcode": ["9300605048430"], "isAvailable": true, "categoryIds": ["pantry"]}, {"id": "c6899153p-9300605048454", "store": "coles", "name": "Strawberry Flavour Roll Ups 6 pack", "brand": "Uncle Toby's", "price": 2, "orgPrice": 4, "imagePath": "https://shop.coles.com.au/wcsstore/Coles-CAS/images/6/8/9/6899153.jpg", "cupPrice": "$2.13 per 1g", "unit": "ea", "packageSize": "94g", "barcode": ["9300605048454"], "isAvailable": true, "categoryIds": ["pantry"]}, {"id": "c5916031p-400003061433", "store": "coles", "name": "Retro Party Mix", "brand": "Allen's", "price": 1.5, "orgPrice": 3, "imagePath": "https://shop.coles.com.au/wcsstore/Coles-CAS/images/5/9/1/5916031.jpg", "cupPrice": "$0.79 per 100g", "unit": "ea", "packageSize": "190g", "barcode": ["400003061433", "9300605042490", "9300605031234"], "isAvailable": true, "categoryIds": ["pantry"]}, {"id": "c5431510p-9300667028777", "store": "coles", "name": "Oriental Fried Rice", "brand": "Continental", "price": 1, "orgPrice": 2.1, "imagePath": "https://shop.coles.com.au/wcsstore/Coles-CAS/images/5/4/3/5431510.jpg", "cupPrice": "$0.87 per 100g", "unit": "ea", "packageSize": "115g", "barcode": ["9300667028777", "9300667006980"], "isAvailable": true, "categoryIds": ["pantry"]}, {"id": "c5196840p-9300605043022", "store": "coles", "name": "Jelly Beans", "brand": "Allen's", "price": 1.5, "orgPrice": 3, "imagePath": "https://shop.coles.com.au/wcsstore/Coles-CAS/images/5/1/9/5196840.jpg", "cupPrice": "$0.79 per 100g", "unit": "ea", "packageSize": "190g", "barcode": ["9300605043022", "9300605027961"], "isAvailable": true, "categoryIds": ["pantry"]}, {"id": "c5196839p-9300605027978", "store": "coles", "name": "Strawberries & Cream", "brand": "Allen's", "price": 1.5, "orgPrice": 3, "imagePath": "https://shop.coles.com.au/wcsstore/Coles-CAS/images/5/1/9/5196839.jpg", "cupPrice": "$0.79 per 100g", "unit": "ea", "packageSize": "190g", "barcode": ["9300605027978", "9300605042810"], "isAvailable": true, "categoryIds": ["pantry"]}, {"id": "c5196806p-9300605042421", "store": "coles", "name": "Frogs Alive", "brand": "Allen's", "price": 1.5, "orgPrice": 3, "imagePath": "https://shop.coles.com.au/wcsstore/Coles-CAS/images/5/1/9/5196806.jpg", "cupPrice": "$0.79 per 100g", "unit": "ea", "packageSize": "190g", "barcode": ["9300605042421", "9300605027985"], "isAvailable": true, "categoryIds": ["pantry"]}, {"id": "c245868p-9300682016087", "store": "coles", "name": "Chocolate Bar", "brand": "Snickers", "price": 1, "orgPrice": 2, "imagePath": "https://shop.coles.com.au/wcsstore/Coles-CAS/images/2/4/5/245868.jpg", "cupPrice": "$2.00 per 100g", "unit": "ea", "packageSize": "50g", "barcode": ["9300682016087", "9300682042338", "93682091", "9300682043663", "9300682052825", "9300682010832", "9300682001823", "93682480"], "isAvailable": true, "categoryIds": ["pantry"]}, {"id": "c255646p-9300667014756", "store": "coles", "name": "Cup A Soup Creamy Chicken with Lots of Noodles 2 pack", "brand": "Continental", "price": 1, "orgPrice": 2, "imagePath": "https://shop.coles.com.au/wcsstore/Coles-CAS/images/2/5/5/255646.jpg", "cupPrice": "$1.67 per 100g", "unit": "ea", "packageSize": "60g", "barcode": ["9300667014756"], "isAvailable": true, "categoryIds": ["pantry"]}, {"id": "c9530207p-9300605000049", "store": "coles", "name": "Chicos", "brand": "Allen's", "price": 1.5, "orgPrice": 3, "imagePath": "https://shop.coles.com.au/wcsstore/Coles-CAS/images/9/5/3/9530207.jpg", "cupPrice": "$0.79 per 100g", "unit": "ea", "packageSize": "190g", "barcode": ["9300605000049", "9300605042438"], "isAvailable": true, "categoryIds": ["pantry"]}, {"id": "c1385115p-9300605012554", "store": "coles", "name": "Minties", "brand": "Allen's", "price": 1.5, "orgPrice": 3, "imagePath": "https://shop.coles.com.au/wcsstore/Coles-CAS/images/1/3/8/1385115.jpg", "cupPrice": "$1.00 per 100g", "unit": "ea", "packageSize": "150g", "barcode": ["9300605012554"], "isAvailable": true, "categoryIds": ["pantry"]}, {"id": "c2090900p-9300605099708", "store": "coles", "name": "Killer Pythons", "brand": "Allen's", "price": 1.5, "orgPrice": 3, "imagePath": "https://shop.coles.com.au/wcsstore/Coles-CAS/images/2/0/9/2090900.jpg", "cupPrice": "$0.78 per 100g", "unit": "ea", "packageSize": "192g", "barcode": ["9300605099708"], "isAvailable": true, "categoryIds": ["pantry"]}, {"id": "c2715940p-8003340093567", "store": "coles", "name": "Lindor Assorted Surtido Cornet", "brand": "Lindt", "price": 10, "orgPrice": 20, "imagePath": "https://shop.coles.com.au/wcsstore/Coles-CAS/images/2/7/1/2715940.jpg", "cupPrice": "$2.67 per 100g", "unit": "ea", "packageSize": "375g", "barcode": ["8003340093567"], "isAvailable": true, "categoryIds": ["pantry"]}, {"id": "c8887042p-9300667022850", "store": "coles", "name": "Cup A Soup Asian Laksa 2 pack", "brand": "Continental", "price": 1, "orgPrice": 2, "imagePath": "https://shop.coles.com.au/wcsstore/Coles-CAS/images/8/8/8/8887042.jpg", "cupPrice": "$1.54 per 100g", "unit": "ea", "packageSize": "65g", "barcode": ["9300667022850"], "isAvailable": true, "categoryIds": ["pantry"]}, {"id": "c5216969p-80052760", "store": "coles", "name": "Bueno Chocolate", "brand": "Kinder", "price": 1, "orgPrice": 2, "imagePath": "https://shop.coles.com.au/wcsstore/Coles-CAS/images/5/2/1/5216969.jpg", "cupPrice": "$2.33 per 100g", "unit": "ea", "packageSize": "43g", "barcode": ["80052760"], "isAvailable": true, "categoryIds": ["pantry"]}, {"id": "c142424p-93600101", "store": "coles", "name": "Peppermint Crisp Chocolate Bar", "brand": "Nestle", "price": 1, "orgPrice": 2, "imagePath": "https://shop.coles.com.au/wcsstore/Coles-CAS/images/1/4/2/142424.jpg", "cupPrice": "$2.86 per 100g", "unit": "ea", "packageSize": "35g", "barcode": ["93600101"], "isAvailable": true, "categoryIds": ["pantry"]}, {"id": "c142413p-9300600005322", "store": "coles", "name": "Smarties", "brand": "Nestle", "price": 1, "orgPrice": 2, "imagePath": "https://shop.coles.com.au/wcsstore/Coles-CAS/images/1/4/2/142413.jpg", "cupPrice": "$2.00 per 100g", "unit": "ea", "packageSize": "50g", "barcode": ["9300600005322"], "isAvailable": true, "categoryIds": ["pantry"]}, {"id": "c356472p-9300667014732", "store": "coles", "name": "Cup A Soup Chicken with Lots of Noodles 2 pack", "brand": "Continental", "price": 1, "orgPrice": 2, "imagePath": "https://shop.coles.com.au/wcsstore/Coles-CAS/images/3/5/6/356472.jpg", "cupPrice": "$1.67 per 100g", "unit": "ea", "packageSize": "60g", "barcode": ["9300667014732"], "isAvailable": true, "categoryIds": ["pantry"]}, {"id": "c8918099p-9300667022416", "store": "coles", "name": "Chicken Rice Serves 3", "brand": "Continental", "price": 1, "orgPrice": 2.1, "imagePath": "https://shop.coles.com.au/wcsstore/Coles-CAS/images/8/9/1/8918099.jpg", "cupPrice": "$0.83 per 100g", "unit": "ea", "packageSize": "120g", "barcode": ["9300667022416"], "isAvailable": true, "categoryIds": ["pantry"]}, {"id": "c1260302p-9310988012720", "store": "coles", "name": "Sea Salt Potato Chips", "brand": "Natural Chip Co.", "price": 1.75, "orgPrice": null, "imagePath": "https://shop.coles.com.au/wcsstore/Coles-CAS/images/1/2/6/1260302.jpg", "cupPrice": "$1.00 per 100g", "unit": "ea", "packageSize": "175g", "barcode": ["9310988012720"], "isAvailable": true, "categoryIds": ["pantry"]}, {"id": "c1405948p-5000396028454", "store": "coles", "name": "Sultana & Apple Crispy Slice", "brand": "Go Ahead", "price": 1.97, "orgPrice": 3.95, "imagePath": "https://shop.coles.com.au/wcsstore/Coles-CAS/images/1/4/0/1405948.jpg", "cupPrice": "$0.90 per 100g", "unit": "ea", "packageSize": "218g", "barcode": ["5000396028454", "5000396035995"], "isAvailable": true, "categoryIds": ["pantry"]}, {"id": "c2351866p-9300617042990", "store": "coles", "name": "Jubes", "brand": "Pascall", "price": 2, "orgPrice": 4, "imagePath": "https://shop.coles.com.au/wcsstore/Coles-CAS/images/2/3/5/2351866.jpg", "cupPrice": "$0.57 per 100g", "unit": "ea", "packageSize": "350g", "barcode": ["9300617042990"], "isAvailable": true, "categoryIds": ["pantry"]}, {"id": "c3168639p-9310015245800", "store": "coles", "name": "Honey Soy Chicken Party Bag Potato Chips", "brand": "Red Rock Deli", "price": 3.5, "orgPrice": 7, "imagePath": "https://shop.coles.com.au/wcsstore/Coles-CAS/images/3/1/6/3168639.jpg", "cupPrice": "$1.21 per 100g", "unit": "ea", "packageSize": "290g", "barcode": ["9310015245800"], "isAvailable": true, "categoryIds": ["pantry"]}, {"id": "c3314377p-8003340094298", "store": "coles", "name": "Lindor Limited Edition Chocolate Balls Assorted", "brand": "Lindt", "price": 10, "orgPrice": 20, "imagePath": "https://shop.coles.com.au/wcsstore/Coles-CAS/images/3/3/1/3314377.jpg", "cupPrice": "$2.67 per 100g", "unit": "ea", "packageSize": "375g", "barcode": ["8003340094298", "9323966118512", "8003340099798"], "isAvailable": true, "categoryIds": ["pantry"]}, {"id": "c3294780p-9310645244822", "store": "coles", "name": "Fished Tuna Olive Oil Blend", "brand": "Wild Tides", "price": 1, "orgPrice": 2, "imagePath": "https://shop.coles.com.au/wcsstore/Coles-CAS/images/3/2/9/3294780.jpg", "cupPrice": "$10.53 per 1kg", "unit": "ea", "packageSize": "95g", "barcode": ["9310645244822"], "isAvailable": true, "categoryIds": ["pantry"]}, {"id": "c3294815p-9310645244839", "store": "coles", "name": "Springwater Fished Tuna", "brand": "Wild Tides", "price": 1, "orgPrice": 2, "imagePath": "https://shop.coles.com.au/wcsstore/Coles-CAS/images/3/2/9/3294815.jpg", "cupPrice": "$1.05 per 100g", "unit": "ea", "packageSize": "95g", "barcode": ["9310645244839"], "isAvailable": true, "categoryIds": ["pantry"]}, {"id": "c5823950p-5000189532113", "store": "coles", "name": "Aero Peppermint Chocolate Bar", "brand": "Nestle", "price": 1, "orgPrice": 2, "imagePath": "https://shop.coles.com.au/wcsstore/Coles-CAS/images/5/8/2/5823950.jpg", "cupPrice": "$2.50 per 100g", "unit": "ea", "packageSize": "40g", "barcode": ["5000189532113", "9300605051997", "9300605065024", "9300684373072", "5000189828933"], "isAvailable": true, "categoryIds": ["pantry"]}, {"id": "c4974983p-9310060406973", "store": "coles", "name": "Yoghurt Muesli Bars Strawberry 6 Pack", "brand": "Uncle Tobys", "price": 2.15, "orgPrice": 4.3, "imagePath": "https://shop.coles.com.au/wcsstore/Coles-CAS/images/4/9/7/4974983.jpg", "cupPrice": "$1.16 per 100g", "unit": "ea", "packageSize": "185g", "barcode": ["9310060406973"], "isAvailable": true, "categoryIds": ["pantry"]}, {"id": "c9151344p-9300667025035", "store": "coles", "name": "Cup A Soup Creamy Chicken with Croutons 2 pack", "brand": "Continental", "price": 1, "orgPrice": 2, "imagePath": "https://shop.coles.com.au/wcsstore/Coles-CAS/images/9/1/5/9151344.jpg", "cupPrice": "$1.67 per 100g", "unit": "ea", "packageSize": "60g", "barcode": ["9300667025035"], "isAvailable": true, "categoryIds": ["pantry"]}, {"id": "c9151559p-9300667025059", "store": "coles", "name": "Cup A Soup Creamy Chicken & Corn with Croutons 2 pack", "brand": "Continental", "price": 1, "orgPrice": 2, "imagePath": "https://shop.coles.com.au/wcsstore/Coles-CAS/images/9/1/5/9151559.jpg", "cupPrice": "$1.67 per 100g", "unit": "ea", "packageSize": "60g", "barcode": ["9300667025059"], "isAvailable": true, "categoryIds": ["pantry"]}, {"id": "c1260335p-9310988012751", "store": "coles", "name": "Honey Soy Chicken Potato Chips", "brand": "Natural Chip Co.", "price": 1.75, "orgPrice": null, "imagePath": "https://shop.coles.com.au/wcsstore/Coles-CAS/images/1/2/6/1260335.jpg", "cupPrice": "$1.00 per 100g", "unit": "ea", "packageSize": "175g", "barcode": ["9310988012751"], "isAvailable": true, "categoryIds": ["pantry"]}, {"id": "c1385126p-9300605012578", "store": "coles", "name": "Kool Mints", "brand": "Allen's", "price": 1.5, "orgPrice": 3, "imagePath": "https://shop.coles.com.au/wcsstore/Coles-CAS/images/1/3/8/1385126.jpg", "cupPrice": "$1.00 per 100g", "unit": "ea", "packageSize": "150g", "barcode": ["9300605012578"], "isAvailable": true, "categoryIds": ["pantry"]}, {"id": "c1786193p-9310015240652", "store": "coles", "name": "Lime & Pepper Potato Chips", "brand": "Red Rock Deli", "price": 2.32, "orgPrice": 4.65, "imagePath": "https://shop.coles.com.au/wcsstore/Coles-CAS/images/1/7/8/1786193.jpg", "cupPrice": "$1.41 per 100g", "unit": "ea", "packageSize": "165g", "barcode": ["9310015240652"], "isAvailable": true, "categoryIds": ["pantry"]}, {"id": "c2026118p-9300605094697", "store": "coles", "name": "KitKat Chunky Milk Chocolate", "brand": "Nestle", "price": 1, "orgPrice": 2, "imagePath": "https://shop.coles.com.au/wcsstore/Coles-CAS/images/2/0/2/2026118.jpg", "cupPrice": "$2.00 per 100g", "unit": "ea", "packageSize": "50g", "barcode": ["9300605094697"], "isAvailable": true, "categoryIds": ["pantry"]}, {"id": "c2351877p-9400550005226", "store": "coles", "name": "Pineapple Lumps", "brand": "Pascall", "price": 2, "orgPrice": 4, "imagePath": "https://shop.coles.com.au/wcsstore/Coles-CAS/images/2/3/5/2351877.jpg", "cupPrice": "$1.08 per 100g", "unit": "ea", "packageSize": "185g", "barcode": ["9400550005226"], "isAvailable": true, "categoryIds": ["pantry"]}, {"id": "c3050821p-9300605054486", "store": "coles", "name": "Chokito Bar", "brand": "Nestle", "price": 1, "orgPrice": 2, "imagePath": "https://shop.coles.com.au/wcsstore/Coles-CAS/images/3/0/5/3050821.jpg", "cupPrice": "$1.82 per 100g", "unit": "ea", "packageSize": "55g", "barcode": ["9300605054486", "400003378203", "9300605117549"], "isAvailable": true, "categoryIds": ["pantry"]}, {"id": "c3313771p-5000396046700", "store": "coles", "name": "Thins Dark Chocolate Digestive Biscuits", "brand": "McVitie's", "price": 1.75, "orgPrice": 3.5, "imagePath": "https://shop.coles.com.au/wcsstore/Coles-CAS/images/3/3/1/3313771.jpg", "cupPrice": "$1.17 per 100g", "unit": "ea", "packageSize": "150g", "barcode": ["5000396046700"], "isAvailable": true, "categoryIds": ["pantry"]}, {"id": "c5833477p-400003457847", "store": "coles", "name": "Olive Oil Light", "brand": "La Espanola", "price": 4.5, "orgPrice": 9, "imagePath": "https://shop.coles.com.au/wcsstore/Coles-CAS/images/5/8/3/5833477.jpg", "cupPrice": "$0.90 per 100ml", "unit": "ea", "packageSize": "500ml", "barcode": ["400003457847", "8410660510139"], "isAvailable": true, "categoryIds": ["pantry"]}, {"id": "c6029901p-9300682016070", "store": "coles", "name": "Chocolate Bar", "brand": "Twix", "price": 1, "orgPrice": 2, "imagePath": "https://shop.coles.com.au/wcsstore/Coles-CAS/images/6/0/2/6029901.jpg", "cupPrice": "$2.00 per 100g", "unit": "ea", "packageSize": "50g", "barcode": ["9300682016070", "9300682051385", "9300682035507", "9300682007696", "9300682043090"], "isAvailable": true, "categoryIds": ["pantry"]}, {"id": "c5342920p-9300667015029", "store": "coles", "name": "Cup A Soup Italian Minestrone 2 pack", "brand": "Continental", "price": 1, "orgPrice": 2, "imagePath": "https://shop.coles.com.au/wcsstore/Coles-CAS/images/5/3/4/5342920.jpg", "cupPrice": "$1.33 per 100g", "unit": "ea", "packageSize": "75g", "barcode": ["9300667015029"], "isAvailable": true, "categoryIds": ["pantry"]}, {"id": "c5192521p-93600491", "store": "coles", "name": "Gluten Free Chocolate Bar", "brand": "Violet Crumble", "price": 1, "orgPrice": 2, "imagePath": "https://shop.coles.com.au/wcsstore/Coles-CAS/images/5/1/9/5192521.jpg", "cupPrice": "$2.00 per 100g", "unit": "ea", "packageSize": "50g", "barcode": ["93600491", "93555517"], "isAvailable": true, "categoryIds": ["pantry"]}, {"id": "c4975217p-9310060406959", "store": "coles", "name": "Chewy Muesli Bars White Choc Chip 6 Pack", "brand": "Uncle Tobys", "price": 2.15, "orgPrice": 4.3, "imagePath": "https://shop.coles.com.au/wcsstore/Coles-CAS/images/4/9/7/4975217.jpg", "cupPrice": "$1.16 per 100g", "unit": "ea", "packageSize": "185g", "barcode": ["9310060406959"], "isAvailable": true, "categoryIds": ["pantry"]}, {"id": "c204168p-9300682052283", "store": "coles", "name": "Bounty Coconut Chocolate Bar", "brand": "Mars", "price": 1, "orgPrice": 2, "imagePath": "https://shop.coles.com.au/wcsstore/Coles-CAS/images/2/0/4/204168.jpg", "cupPrice": "$1.79 per 100g", "unit": "ea", "packageSize": "56g", "barcode": ["9300682052283", "5000159523073", "40111216", "93682510", "93682022"], "isAvailable": true, "categoryIds": ["pantry"]}, {"id": "c2211186p-9300605101944", "store": "coles", "name": "Pineapples", "brand": "Allen's", "price": 1.5, "orgPrice": 3, "imagePath": "https://shop.coles.com.au/wcsstore/Coles-CAS/images/2/2/1/2211186.jpg", "cupPrice": "$0.88 per 100g", "unit": "ea", "packageSize": "170g", "barcode": ["9300605101944"], "isAvailable": true, "categoryIds": ["pantry"]}, {"id": "c3313782p-5000396046687", "store": "coles", "name": "Thins Milk Chocolate Biscuits", "brand": "McVities", "price": 1.75, "orgPrice": 3.5, "imagePath": "https://shop.coles.com.au/wcsstore/Coles-CAS/images/3/3/1/3313782.jpg", "cupPrice": "$1.17 per 100g", "unit": "ea", "packageSize": "150g", "barcode": ["5000396046687"], "isAvailable": true, "categoryIds": ["pantry"]}, {"id": "c7767668p-9300605228764", "store": "coles", "name": "Milkybar White Chocolate Bar", "brand": "Nestle", "price": 1, "orgPrice": 2, "imagePath": "https://shop.coles.com.au/wcsstore/Coles-CAS/images/7/7/6/7767668.jpg", "cupPrice": "$2.00 per 100g", "unit": "ea", "packageSize": "50g", "barcode": ["9300605228764"], "isAvailable": true, "categoryIds": ["pantry"]}, {"id": "c5706050p-9300667038073", "store": "coles", "name": "Cup A Soup Dutch Curry with Rice 2 pack", "brand": "Continental", "price": 1, "orgPrice": 2, "imagePath": "https://shop.coles.com.au/wcsstore/Coles-CAS/images/5/7/0/5706050.jpg", "cupPrice": "$1.82 per 100g", "unit": "ea", "packageSize": "55g", "barcode": ["9300667038073"], "isAvailable": true, "categoryIds": ["pantry"]}, {"id": "c4725800p-9300667035126", "store": "coles", "name": "Four Cheeses Pasta & Sauce Serves 3", "brand": "Continental", "price": 1, "orgPrice": 2.1, "imagePath": "https://shop.coles.com.au/wcsstore/Coles-CAS/images/4/7/2/4725800.jpg", "cupPrice": "$1.00 per 100g", "unit": "ea", "packageSize": "100g", "barcode": ["9300667035126"], "isAvailable": true, "categoryIds": ["pantry"]}, {"id": "c4725763p-9300667035034", "store": "coles", "name": "Chicken Curry Pasta & Sauce Serves 3", "brand": "Continental", "price": 1, "orgPrice": 2.1, "imagePath": "https://shop.coles.com.au/wcsstore/Coles-CAS/images/4/7/2/4725763.jpg", "cupPrice": "$1.11 per 100g", "unit": "ea", "packageSize": "90g", "barcode": ["9300667035034"], "isAvailable": true, "categoryIds": ["pantry"]}, {"id": "c290465p-9300667015012", "store": "coles", "name": "Cup A Soup Roast Chicken 2 pack", "brand": "Continental", "price": 1, "orgPrice": 2, "imagePath": "https://shop.coles.com.au/wcsstore/Coles-CAS/images/2/9/0/290465.jpg", "cupPrice": "$1.33 per 100g", "unit": "ea", "packageSize": "75g", "barcode": ["9300667015012"], "isAvailable": true, "categoryIds": ["pantry"]}, {"id": "c1260313p-9310988012737", "store": "coles", "name": "Sea Salt & Vinegar Potato Chips", "brand": "Natural Chip Co.", "price": 1.75, "orgPrice": null, "imagePath": "https://shop.coles.com.au/wcsstore/Coles-CAS/images/1/2/6/1260313.jpg", "cupPrice": "$1.00 per 100g", "unit": "ea", "packageSize": "175g", "barcode": ["9310988012737"], "isAvailable": true, "categoryIds": ["pantry"]}, {"id": "c2898283p-9315991023671", "store": "coles", "name": "Deli Crisps Purple Sweet Potato Chips", "brand": "Vege", "price": 2.75, "orgPrice": 5.5, "imagePath": "https://shop.coles.com.au/wcsstore/Coles-CAS/images/2/8/9/2898283.jpg", "cupPrice": "$2.75 per 100g", "unit": "ea", "packageSize": "100g", "barcode": ["9315991023671"], "isAvailable": true, "categoryIds": ["pantry"]}, {"id": "c3191437p", "store": "coles", "name": "Lindor Milk Cornet", "brand": "Lindt", "price": 10, "orgPrice": 20, "imagePath": "https://shop.coles.com.au/wcsstore/Coles-CAS/images/3/1/9/3191437.jpg", "cupPrice": "$2.67 per 100g", "unit": "ea", "packageSize": "375g", "barcode": null, "isAvailable": true, "categoryIds": ["pantry"]}, {"id": "c3163646p-5000396047035", "store": "coles", "name": "Jaffa Cakes Biscuits Choc", "brand": "Mcvitie's", "price": 1.5, "orgPrice": 3, "imagePath": "https://shop.coles.com.au/wcsstore/Coles-CAS/images/3/1/6/3163646.jpg", "cupPrice": "$1.36 per 100g", "unit": "ea", "packageSize": "110g", "barcode": ["5000396047035", "5000168002071"], "isAvailable": true, "categoryIds": ["pantry"]}, {"id": "c3449831p-9310988017176", "store": "coles", "name": "Honey Soy Chicken Crispy Crackers", "brand": "The Natural Cracker Co.", "price": 1.75, "orgPrice": 3.5, "imagePath": "https://shop.coles.com.au/wcsstore/Coles-CAS/images/3/4/4/3449831.jpg", "cupPrice": "$1.09 per 100g", "unit": "ea", "packageSize": "160g", "barcode": ["9310988017176"], "isAvailable": true, "categoryIds": ["pantry"]}, {"id": "c3468654p-5000168191898", "store": "coles", "name": "Milk Chocolate Digestive Biscuits 2 pack", "brand": "McVitie's", "price": 1.85, "orgPrice": 3.7, "imagePath": "https://shop.coles.com.au/wcsstore/Coles-CAS/images/3/4/6/3468654.jpg", "cupPrice": "$0.93 per 100g", "unit": "ea", "packageSize": "199.8g", "barcode": ["5000168191898"], "isAvailable": true, "categoryIds": ["pantry"]}, {"id": "c3468530p-9310288715369", "store": "coles", "name": "Gluten Free Fancies Caramelised Onion & Balsamic Vinegar Rice Crackers", "brand": "Peckish", "price": 1.4, "orgPrice": 2.8, "imagePath": "https://shop.coles.com.au/wcsstore/Coles-CAS/images/3/4/6/3468530.jpg", "cupPrice": "$1.56 per 100g", "unit": "ea", "packageSize": "90g", "barcode": ["9310288715369"], "isAvailable": true, "categoryIds": ["pantry"]}, {"id": "c4725719p-9300667035072", "store": "coles", "name": "Sour Cream & Chives Pasta & Sauce Serves 3", "brand": "Continental", "price": 1, "orgPrice": 2.1, "imagePath": "https://shop.coles.com.au/wcsstore/Coles-CAS/images/4/7/2/4725719.jpg", "cupPrice": "$1.18 per 100g", "unit": "ea", "packageSize": "85g", "barcode": ["9300667035072"], "isAvailable": true, "categoryIds": ["pantry"]}, {"id": "c9151606p-9300667024984", "store": "coles", "name": "Cup A Soup Creamy Potato & Bacon With Croutons 2 Pack", "brand": "Continental", "price": 1, "orgPrice": 2, "imagePath": "https://shop.coles.com.au/wcsstore/Coles-CAS/images/9/1/5/9151606.jpg", "cupPrice": "$2.00 per 100g", "unit": "ea", "packageSize": "50g", "barcode": ["9300667024984"], "isAvailable": true, "categoryIds": ["pantry"]}, {"id": "c4974950p-9310060407260", "store": "coles", "name": "Yoghurt Muesli Bars Honeycomb 6 Pack", "brand": "Uncle Tobys", "price": 2.15, "orgPrice": 4.3, "imagePath": "https://shop.coles.com.au/wcsstore/Coles-CAS/images/4/9/7/4974950.jpg", "cupPrice": "$1.16 per 100g", "unit": "ea", "packageSize": "185g", "barcode": ["9310060407260"], "isAvailable": true, "categoryIds": ["pantry"]}, {"id": "c2352916p-9300617042907", "store": "coles", "name": "Sour Patch Kids", "brand": "The Natural Confectionary Co.", "price": 2, "orgPrice": 4, "imagePath": "https://shop.coles.com.au/wcsstore/Coles-CAS/images/2/3/5/2352916.jpg", "cupPrice": "$0.91 per 100g", "unit": "ea", "packageSize": "220g", "barcode": ["9300617042907"], "isAvailable": true, "categoryIds": ["pantry"]}, {"id": "c2351899p-9400550005219", "store": "coles", "name": "Caramels", "brand": "Cadbury", "price": 2, "orgPrice": 4, "imagePath": "https://shop.coles.com.au/wcsstore/Coles-CAS/images/2/3/5/2351899.jpg", "cupPrice": "$1.25 per 100g", "unit": "ea", "packageSize": "160g", "barcode": ["9400550005219", "9300617070771"], "isAvailable": true, "categoryIds": ["pantry"]}, {"id": "c2492198p-9315991023633", "store": "coles", "name": "Deli Crisps Lentil Lightly Salted Chips", "brand": "Vege", "price": 2.75, "orgPrice": 5.5, "imagePath": "https://shop.coles.com.au/wcsstore/Coles-CAS/images/2/4/9/2492198.jpg", "cupPrice": "$2.75 per 100g", "unit": "ea", "packageSize": "100g", "barcode": ["9315991023633"], "isAvailable": true, "categoryIds": ["pantry"]}, {"id": "c2667655p-9300830037452", "store": "coles", "name": "Cup A Soup Homestyle Pumpkin 2 Pack", "brand": "Continental", "price": 1, "orgPrice": 2, "imagePath": "https://shop.coles.com.au/wcsstore/Coles-CAS/images/2/6/6/2667655.jpg", "cupPrice": "$1.64 per 100g", "unit": "ea", "packageSize": "61g", "barcode": ["9300830037452"], "isAvailable": true, "categoryIds": ["pantry"]}, {"id": "c3468508p-9310288715352", "store": "coles", "name": "Gluten Free Fancies Aged Cheddar & Chives Flavoured Rice Crackers", "brand": "Peckish", "price": 1.4, "orgPrice": 2.8, "imagePath": "https://shop.coles.com.au/wcsstore/Coles-CAS/images/3/4/6/3468508.jpg", "cupPrice": "$1.56 per 100g", "unit": "ea", "packageSize": "90g", "barcode": ["9310288715352"], "isAvailable": true, "categoryIds": ["pantry"]}, {"id": "c1414042p-9300830018468", "store": "coles", "name": "Alfredo Garlic & Herb Pasta & Sauce Serves 3", "brand": "Continental", "price": 1, "orgPrice": 2.1, "imagePath": "https://shop.coles.com.au/wcsstore/Coles-CAS/images/1/4/1/1414042.jpg", "cupPrice": "$1.18 per 100g", "unit": "ea", "packageSize": "85g", "barcode": ["9300830018468"], "isAvailable": true, "categoryIds": ["pantry"]}, {"id": "c2667633p-9300830037476", "store": "coles", "name": "Cup A Soup Homestyle Chicken Noodle 2 pack", "brand": "Continental", "price": 1, "orgPrice": 2, "imagePath": "https://shop.coles.com.au/wcsstore/Coles-CAS/images/2/6/6/2667633.jpg", "cupPrice": "$2.50 per 100g", "unit": "ea", "packageSize": "40g", "barcode": ["9300830037476"], "isAvailable": true, "categoryIds": ["pantry"]}, {"id": "c2877432p-93698108", "store": "coles", "name": "Bueno White", "brand": "Kinder", "price": 1, "orgPrice": 2, "imagePath": "https://shop.coles.com.au/wcsstore/Coles-CAS/images/2/8/7/2877432.jpg", "cupPrice": "$2.56 per 100g", "unit": "ea", "packageSize": "39g", "barcode": ["93698108", "400003176854"], "isAvailable": true, "categoryIds": ["pantry"]}, {"id": "c3294859p-9310645244846", "store": "coles", "name": "Lemon And Pepper Tuna", "brand": "Wild Tides", "price": 1, "orgPrice": 2, "imagePath": "https://shop.coles.com.au/wcsstore/Coles-CAS/images/3/2/9/3294859.jpg", "cupPrice": "$10.53 per 1kg", "unit": "ea", "packageSize": "95g", "barcode": ["9310645244846"], "isAvailable": true, "categoryIds": ["pantry"]}, {"id": "c3387756p-9300605125407", "store": "coles", "name": "Passionfruit Flavour Roll Ups 6 pack", "brand": "Uncle Tobys", "price": 2, "orgPrice": 4, "imagePath": "https://shop.coles.com.au/wcsstore/Coles-CAS/images/3/3/8/3387756.jpg", "cupPrice": "$2.13 per 100g", "unit": "ea", "packageSize": "94g", "barcode": ["9300605125407"], "isAvailable": true, "categoryIds": ["pantry"]}, {"id": "c3449842p-9310988017190", "store": "coles", "name": "Sea salt & Vinegar Crispy Crackers", "brand": "The Natural Cracker Co", "price": 1.75, "orgPrice": 3.5, "imagePath": "https://shop.coles.com.au/wcsstore/Coles-CAS/images/3/4/4/3449842.jpg", "cupPrice": "$1.09 per 100g", "unit": "ea", "packageSize": "160g", "barcode": ["9310988017190"], "isAvailable": true, "categoryIds": ["pantry"]}, {"id": "c3569888p-400003525102", "store": "coles", "name": "KitKat Gold White Chocolate With Caramelised Break", "brand": "Nestle", "price": 1, "orgPrice": 2, "imagePath": "https://shop.coles.com.au/wcsstore/Coles-CAS/images/3/5/6/3569888.jpg", "cupPrice": "$2.22 per 100g", "unit": "ea", "packageSize": "45g", "barcode": ["400003525102", "9300605122994"], "isAvailable": true, "categoryIds": ["pantry"]}, {"id": "c7978200p-9300667015142", "store": "coles", "name": "Cup A Soup Chinese Chicken & Corn with Lots of Noodles 2 pack", "brand": "Continental", "price": 1, "orgPrice": 2, "imagePath": "https://shop.coles.com.au/wcsstore/Coles-CAS/images/7/9/7/7978200.jpg", "cupPrice": "$1.52 per 100g", "unit": "ea", "packageSize": "66g", "barcode": ["9300667015142"], "isAvailable": true, "categoryIds": ["pantry"]}, {"id": "c4503874p-9300682050685", "store": "coles", "name": "M&M's Minis Chocolate", "brand": "Mars", "price": 1, "orgPrice": 2, "imagePath": "https://shop.coles.com.au/wcsstore/Coles-CAS/images/4/5/0/4503874.jpg", "cupPrice": "$2.86 per 100g", "unit": "ea", "packageSize": "35g", "barcode": ["9300682050685", "93682152"], "isAvailable": true, "categoryIds": ["pantry"]}, {"id": "c9194846p-9300667025332", "store": "coles", "name": "Cup A Soup Thai Red Curry 2 pack", "brand": "Continental", "price": 1, "orgPrice": 2, "imagePath": "https://shop.coles.com.au/wcsstore/Coles-CAS/images/9/1/9/9194846.jpg", "cupPrice": "$1.67 per 100g", "unit": "ea", "packageSize": "60g", "barcode": ["9300667025332"], "isAvailable": true, "categoryIds": ["pantry"]}, {"id": "c9151537p-9300667025042", "store": "coles", "name": "Cup A Soup Creamy Pumpkin with Croutons 2 pack", "brand": "Continental", "price": 1, "orgPrice": 2, "imagePath": "https://shop.coles.com.au/wcsstore/Coles-CAS/images/9/1/5/9151537.jpg", "cupPrice": "$1.82 per 100g", "unit": "ea", "packageSize": "55g", "barcode": ["9300667025042"], "isAvailable": true, "categoryIds": ["pantry"]}, {"id": "c2286516p-9300830024049", "store": "coles", "name": "Cup A Soup Pepper Steak & Mushroom with Croutons 2 pack", "brand": "Continental", "price": 1, "orgPrice": 2, "imagePath": "https://shop.coles.com.au/wcsstore/Coles-CAS/images/2/2/8/2286516.jpg", "cupPrice": "$1.92 per 100g", "unit": "ea", "packageSize": "52g", "barcode": ["9300830024049"], "isAvailable": true, "categoryIds": ["pantry"]}, {"id": "c2962451p-9310015243844", "store": "coles", "name": "Nuts Sweet Honey & Sea Salt", "brand": "Red Rock Deli", "price": 2, "orgPrice": 4, "imagePath": "https://shop.coles.com.au/wcsstore/Coles-CAS/images/2/9/6/2962451.jpg", "cupPrice": "$15.38 per 1kg", "unit": "ea", "packageSize": "130g", "barcode": ["9310015243844"], "isAvailable": true, "categoryIds": ["pantry"]}, {"id": "c3151840p-9310015248399", "store": "coles", "name": "Potato Chips Limited Edition", "brand": "Red Rock Deli", "price": 2.32, "orgPrice": 4.65, "imagePath": "https://shop.coles.com.au/wcsstore/Coles-CAS/images/3/1/5/3151840.jpg", "cupPrice": "$1.55 per 100g", "unit": "ea", "packageSize": "150g", "barcode": ["9310015248399", "400003336364", "9310015246982", "9310015245558"], "isAvailable": true, "categoryIds": ["pantry"]}, {"id": "c3151851p-9310015248405", "store": "coles", "name": "Limited Edition Moroccan Chicken & Lemon Potato Chips", "brand": "Red Rock Deli", "price": 2.32, "orgPrice": 4.65, "imagePath": "https://shop.coles.com.au/wcsstore/Coles-CAS/images/3/1/5/3151851.jpg", "cupPrice": "$1.55 per 100g", "unit": "ea", "packageSize": "150g", "barcode": ["9310015248405", "400003364268", "9310015245565", "9310015246975", "9310015248153"], "isAvailable": true, "categoryIds": ["pantry"]}, {"id": "c3294972p-9310645244860", "store": "coles", "name": "Spicy Chilli Fished Tuna", "brand": "Wild Tides", "price": 1, "orgPrice": 2, "imagePath": "https://shop.coles.com.au/wcsstore/Coles-CAS/images/3/2/9/3294972.jpg", "cupPrice": "$10.53 per 1kg", "unit": "ea", "packageSize": "95g", "barcode": ["9310645244860"], "isAvailable": true, "categoryIds": ["pantry"]}, {"id": "c3384565p-8410076620460", "store": "coles", "name": "Milk Chocolate Popcorn Bars", "brand": "Fibre One", "price": 2.75, "orgPrice": 5.5, "imagePath": "https://shop.coles.com.au/wcsstore/Coles-CAS/images/3/3/8/3384565.jpg", "cupPrice": "$2.62 per 100g", "unit": "ea", "packageSize": "105g", "barcode": ["8410076620460"], "isAvailable": true, "categoryIds": ["pantry"]}, {"id": "c4975181p-9310060406935", "store": "coles", "name": "Chewy Apricot Wholegrain Oats Bars 6 Pack", "brand": "Uncle Tobys", "price": 2.15, "orgPrice": 4.3, "imagePath": "https://shop.coles.com.au/wcsstore/Coles-CAS/images/4/9/7/4975181.jpg", "cupPrice": "$1.16 per 100g", "unit": "ea", "packageSize": "185g", "barcode": ["9310060406935"], "isAvailable": true, "categoryIds": ["pantry"]}, {"id": "c1260346p-9310988012782", "store": "coles", "name": "Sea Salt & Cracked Pepper Potato Chips", "brand": "Natural Chip Co.", "price": 1.75, "orgPrice": null, "imagePath": "https://shop.coles.com.au/wcsstore/Coles-CAS/images/1/2/6/1260346.jpg", "cupPrice": "$1.00 per 100g", "unit": "ea", "packageSize": "175g", "barcode": ["9310988012782"], "isAvailable": true, "categoryIds": ["pantry"]}, {"id": "c2458509p-9300682045421", "store": "coles", "name": "Teasers Milk Chocolate Bar", "brand": "Maltesers", "price": 1, "orgPrice": 2, "imagePath": "https://shop.coles.com.au/wcsstore/Coles-CAS/images/2/4/5/2458509.jpg", "cupPrice": "$2.86 per 100g", "unit": "ea", "packageSize": "35g", "barcode": ["9300682045421", "9300682054751"], "isAvailable": true, "categoryIds": ["pantry"]}, {"id": "c3179497p-9300605042414", "store": "coles", "name": "Ripe Raspberries", "brand": "Allen's", "price": 1.5, "orgPrice": 3, "imagePath": "https://shop.coles.com.au/wcsstore/Coles-CAS/images/3/1/7/3179497.jpg", "cupPrice": "$0.79 per 100g", "unit": "ea", "packageSize": "190g", "barcode": ["9300605042414"], "isAvailable": true, "categoryIds": ["pantry"]}, {"id": "c3312928p-9310015247514", "store": "coles", "name": "Creamy Feta Avocado & Lime Tortilla Chips", "brand": "Red Rock Deli", "price": 2.32, "orgPrice": 4.65, "imagePath": "https://shop.coles.com.au/wcsstore/Coles-CAS/images/3/3/1/3312928.jpg", "cupPrice": "$1.41 per 100g", "unit": "ea", "packageSize": "165g", "barcode": ["9310015247514", "9310015246296"], "isAvailable": true, "categoryIds": ["pantry"]}, {"id": "c3574108p-9310988017237", "store": "coles", "name": "Sea Salt Tortilla Strips", "brand": "Natural Chip Co.", "price": 1.75, "orgPrice": 3.5, "imagePath": "https://shop.coles.com.au/wcsstore/Coles-CAS/images/3/5/7/3574108.jpg", "cupPrice": "$1.00 per 100g", "unit": "ea", "packageSize": "175g", "barcode": ["9310988017237"], "isAvailable": true, "categoryIds": ["pantry"]}, {"id": "c415935p-94314212", "store": "coles", "name": "Peanut Chocolate Slab", "brand": "Whittakers", "price": 1, "orgPrice": 2, "imagePath": "https://shop.coles.com.au/wcsstore/Coles-CAS/images/4/1/5/415935.jpg", "cupPrice": "$2.00 per 100g", "unit": "ea", "packageSize": "50g", "barcode": ["94314212"], "isAvailable": true, "categoryIds": ["pantry"]}, {"id": "c4975206p-9310060406928", "store": "coles", "name": "Chewy Muesli Bars Forest Fruits 6 Pack", "brand": "Uncle Tobys", "price": 2.15, "orgPrice": 4.3, "imagePath": "https://shop.coles.com.au/wcsstore/Coles-CAS/images/4/9/7/4975206.jpg", "cupPrice": "$1.16 per 100g", "unit": "ea", "packageSize": "185g", "barcode": ["9310060406928"], "isAvailable": true, "categoryIds": ["pantry"]}, {"id": "c3293663p-9300682046480", "store": "coles", "name": "Chocolate Bar", "brand": "Milky Way", "price": 1, "orgPrice": 2, "imagePath": "https://shop.coles.com.au/wcsstore/Coles-CAS/images/3/2/9/3293663.jpg", "cupPrice": "$1.89 per 100g", "unit": "ea", "packageSize": "53g", "barcode": ["9300682046480"], "isAvailable": true, "categoryIds": ["pantry"]}, {"id": "c3312950p-9310015246319", "store": "coles", "name": "Parmesan & Caramelised Onion Tortilla Chips", "brand": "Red Rock Deli", "price": 2.32, "orgPrice": 4.65, "imagePath": "https://shop.coles.com.au/wcsstore/Coles-CAS/images/3/3/1/3312950.jpg", "cupPrice": "$1.41 per 100g", "unit": "ea", "packageSize": "165g", "barcode": ["9310015246319"], "isAvailable": true, "categoryIds": ["pantry"]}, {"id": "c3448250p-9300605118737", "store": "coles", "name": "Sherbies Sour Fizz Chews", "brand": "Allen's", "price": 1.5, "orgPrice": 3, "imagePath": "https://shop.coles.com.au/wcsstore/Coles-CAS/images/3/4/4/3448250.jpg", "cupPrice": "$1.00 per 100g", "unit": "ea", "packageSize": "150g", "barcode": ["9300605118737"], "isAvailable": true, "categoryIds": ["pantry"]}, {"id": "c3501986p-9300605126244", "store": "coles", "name": "KitKat Chunky Cookie Dough", "brand": "Nestle", "price": 1, "orgPrice": 2, "imagePath": "https://shop.coles.com.au/wcsstore/Coles-CAS/images/3/5/0/3501986.jpg", "cupPrice": "$1.92 per 100g", "unit": "ea", "packageSize": "52g", "barcode": ["9300605126244"], "isAvailable": true, "categoryIds": ["pantry"]}, {"id": "c3569108p-9310015247439", "store": "coles", "name": "Parmesan & Black Truffle Oil Deluxe Chips", "brand": "Red Rock Deli", "price": 2.25, "orgPrice": 4.5, "imagePath": "https://shop.coles.com.au/wcsstore/Coles-CAS/images/3/5/6/3569108.jpg", "cupPrice": "$1.67 per 100g", "unit": "ea", "packageSize": "135g", "barcode": ["9310015247439"], "isAvailable": true, "categoryIds": ["pantry"]}, {"id": "c3611532p-9300617060314", "store": "coles", "name": "Milk Bottles", "brand": "Pascall", "price": 2, "orgPrice": 4, "imagePath": "https://shop.coles.com.au/wcsstore/Coles-CAS/images/3/6/1/3611532.jpg", "cupPrice": "$0.95 per 100g", "unit": "ea", "packageSize": "210g", "barcode": ["9300617060314"], "isAvailable": true, "categoryIds": ["pantry"]}, {"id": "c3611485p-9300617060277", "store": "coles", "name": "Party Pack", "brand": "Pascall", "price": 2, "orgPrice": 4, "imagePath": "https://shop.coles.com.au/wcsstore/Coles-CAS/images/3/6/1/3611485.jpg", "cupPrice": "$0.83 per 100g", "unit": "ea", "packageSize": "240g", "barcode": ["9300617060277"], "isAvailable": true, "categoryIds": ["pantry"]}, {"id": "c3583776p-9347881000745", "store": "coles", "name": "Super Mix", "brand": "Harvest Box", "price": 2.47, "orgPrice": 4.95, "imagePath": "https://shop.coles.com.au/wcsstore/Coles-CAS/images/3/5/8/3583776.jpg", "cupPrice": "$1.83 per 100g", "unit": "ea", "packageSize": "135g", "barcode": ["9347881000745"], "isAvailable": true, "categoryIds": ["pantry"]}, {"id": "c7251224p-93682664", "store": "coles", "name": "Milk Chocolate Small Bag", "brand": "M&M's", "price": 1, "orgPrice": 2, "imagePath": "https://shop.coles.com.au/wcsstore/Coles-CAS/images/7/2/5/7251224.jpg", "cupPrice": "$2.04 per 100g", "unit": "ea", "packageSize": "49g", "barcode": ["93682664"], "isAvailable": true, "categoryIds": ["pantry"]}, {"id": "c2492212p-9315991023619", "store": "coles", "name": "Deli Crisps Turmeric & Cheese Chips", "brand": "Vege", "price": 2.75, "orgPrice": 5.5, "imagePath": "https://shop.coles.com.au/wcsstore/Coles-CAS/images/2/4/9/2492212.jpg", "cupPrice": "$2.75 per 100g", "unit": "ea", "packageSize": "100g", "barcode": ["9315991023619"], "isAvailable": true, "categoryIds": ["pantry"]}, {"id": "c2916545p-9311964001349", "store": "coles", "name": "Natural Smooth Peanut Butter", "brand": "Purely Nutz", "price": 3.25, "orgPrice": 6.5, "imagePath": "https://shop.coles.com.au/wcsstore/Coles-CAS/images/2/9/1/2916545.jpg", "cupPrice": "$0.87 per 100g", "unit": "ea", "packageSize": "375g", "barcode": ["9311964001349"], "isAvailable": true, "categoryIds": ["pantry"]}, {"id": "c3294906p-9310645244853", "store": "coles", "name": "Tuna Onion And Tomato Savoury Sauce", "brand": "Wild Tides", "price": 1, "orgPrice": 2, "imagePath": "https://shop.coles.com.au/wcsstore/Coles-CAS/images/3/2/9/3294906.jpg", "cupPrice": "$10.53 per 1kg", "unit": "ea", "packageSize": "95g", "barcode": ["9310645244853"], "isAvailable": true, "categoryIds": ["pantry"]}, {"id": "c3569083p-9310015247415", "store": "coles", "name": "Vintage Cheddar Caramelised Onion & Rosemary Oil Deluxe Crisps", "brand": "Red Rock Deli", "price": 2.25, "orgPrice": 4.5, "imagePath": "https://shop.coles.com.au/wcsstore/Coles-CAS/images/3/5/6/3569083.jpg", "cupPrice": "$1.67 per 100g", "unit": "ea", "packageSize": "135g", "barcode": ["9310015247415"], "isAvailable": true, "categoryIds": ["pantry"]}, {"id": "c3612910p-9300605127524", "store": "coles", "name": "25% Less Sugar Candy Grubs", "brand": "Allen's", "price": 1.5, "orgPrice": 3, "imagePath": "https://shop.coles.com.au/wcsstore/Coles-CAS/images/3/6/1/3612910.jpg", "cupPrice": "$0.88 per 100g", "unit": "ea", "packageSize": "170g", "barcode": ["9300605127524"], "isAvailable": true, "categoryIds": ["pantry"]}, {"id": "c3583765p-9347881000721", "store": "coles", "name": "We Love Nuts", "brand": "Harvest Box", "price": 2.47, "orgPrice": 4.95, "imagePath": "https://shop.coles.com.au/wcsstore/Coles-CAS/images/3/5/8/3583765.jpg", "cupPrice": "$1.83 per 100g", "unit": "ea", "packageSize": "135g", "barcode": ["9347881000721"], "isAvailable": true, "categoryIds": ["pantry"]}, {"id": "c3583743p-9347881000714", "store": "coles", "name": "Power Mix", "brand": "Harvest Box", "price": 2.47, "orgPrice": 4.95, "imagePath": "https://shop.coles.com.au/wcsstore/Coles-CAS/images/3/5/8/3583743.jpg", "cupPrice": "$1.83 per 100g", "unit": "ea", "packageSize": "135g", "barcode": ["9347881000714"], "isAvailable": true, "categoryIds": ["pantry"]}, {"id": "c5248149p-9300617000501", "store": "coles", "name": "Dairy Milk Chocolate  Freddo", "brand": "Cadbury", "price": 0.5, "orgPrice": 1, "imagePath": "https://shop.coles.com.au/wcsstore/Coles-CAS/images/5/2/4/5248149.jpg", "cupPrice": "$1.43 per 100g", "unit": "ea", "packageSize": "35g", "barcode": ["9300617000501", "9300617333371", "9300617411031"], "isAvailable": true, "categoryIds": ["pantry"]}, {"id": "c3295024p-9310645244877", "store": "coles", "name": "Sweet Chilli Fished Tuna", "brand": "Wild Tides", "price": 1, "orgPrice": 2, "imagePath": "https://shop.coles.com.au/wcsstore/Coles-CAS/images/3/2/9/3295024.jpg", "cupPrice": "$1.05 per 100g", "unit": "ea", "packageSize": "95g", "barcode": ["9310645244877"], "isAvailable": true, "categoryIds": ["pantry"]}, {"id": "c3295090p-9310645244891", "store": "coles", "name": "Smoke Flavour Tuna", "brand": "Wild Tides", "price": 1, "orgPrice": 2, "imagePath": "https://shop.coles.com.au/wcsstore/Coles-CAS/images/3/2/9/3295090.jpg", "cupPrice": "$1.05 per 100g", "unit": "ea", "packageSize": "95g", "barcode": ["9310645244891"], "isAvailable": true, "categoryIds": ["pantry"]}, {"id": "c3449820p-9310988017213", "store": "coles", "name": "Cracker Sweet Chilli Sour Cream", "brand": "The Natural Cracker Co.", "price": 1.75, "orgPrice": 3.5, "imagePath": "https://shop.coles.com.au/wcsstore/Coles-CAS/images/3/4/4/3449820.jpg", "cupPrice": "$1.09 per 100g", "unit": "ea", "packageSize": "160g", "barcode": ["9310988017213"], "isAvailable": true, "categoryIds": ["pantry"]}, {"id": "c2213104p-9300617045106", "store": "coles", "name": "Sour Patch Watermelon", "brand": "The Natural Confectionary Co.", "price": 2, "orgPrice": 4, "imagePath": "https://shop.coles.com.au/wcsstore/Coles-CAS/images/2/2/1/2213104.jpg", "cupPrice": "$0.91 per 100g", "unit": "ea", "packageSize": "220g", "barcode": ["9300617045106"], "isAvailable": true, "categoryIds": ["pantry"]}, {"id": "c2395362p-9300617044901", "store": "coles", "name": "Caramello Koala\u00a0Chocolate", "brand": "Cadbury", "price": 0.5, "orgPrice": 1, "imagePath": "https://shop.coles.com.au/wcsstore/Coles-CAS/images/2/3/9/2395362.jpg", "cupPrice": "$1.43 per 100g", "unit": "ea", "packageSize": "35g", "barcode": ["9300617044901"], "isAvailable": true, "categoryIds": ["pantry"]}, {"id": "c2667622p-9300830037483", "store": "coles", "name": "Cup A Soup Homestyle Chicken 2 pack", "brand": "Continental", "price": 1, "orgPrice": 2, "imagePath": "https://shop.coles.com.au/wcsstore/Coles-CAS/images/2/6/6/2667622.jpg", "cupPrice": "$2.17 per 100g", "unit": "ea", "packageSize": "46g", "barcode": ["9300830037483"], "isAvailable": true, "categoryIds": ["pantry"]}, {"id": "c2916534p-9311964001356", "store": "coles", "name": "Natural Crunchy Peanut Butter Chunks", "brand": "Purely Nutz", "price": 3.25, "orgPrice": 6.5, "imagePath": "https://shop.coles.com.au/wcsstore/Coles-CAS/images/2/9/1/2916534.jpg", "cupPrice": "$0.87 per 100g", "unit": "ea", "packageSize": "375g", "barcode": ["9311964001356"], "isAvailable": true, "categoryIds": ["pantry"]}, {"id": "c3574119p-9310988017244", "store": "coles", "name": "Sour Cream & Chives Tortilla Strips", "brand": "The Natural Chip Co.", "price": 1.75, "orgPrice": 3.5, "imagePath": "https://shop.coles.com.au/wcsstore/Coles-CAS/images/3/5/7/3574119.jpg", "cupPrice": "$1.00 per 100g", "unit": "ea", "packageSize": "175g", "barcode": ["9310988017244"], "isAvailable": true, "categoryIds": ["pantry"]}, {"id": "c3710192p-9300605129269", "store": "coles", "name": "Kit Kat Double Cookies & Cream", "brand": "Nestle", "price": 1, "orgPrice": 2, "imagePath": "https://shop.coles.com.au/wcsstore/Coles-CAS/images/3/7/1/3710192.jpg", "cupPrice": "$2.22 per 100g", "unit": "ea", "packageSize": "45g", "barcode": ["9300605129269"], "isAvailable": true, "categoryIds": ["pantry"]}, {"id": "c3739547p-9310434005054", "store": "coles", "name": "Kids Cola", "brand": "Sour Patch", "price": 2, "orgPrice": 4, "imagePath": "https://shop.coles.com.au/wcsstore/Coles-CAS/images/3/7/3/3739547.jpg", "cupPrice": "$0.91 per 100g", "unit": "ea", "packageSize": "220g", "barcode": ["9310434005054"], "isAvailable": true, "categoryIds": ["pantry"]}, {"id": "c3168504p-9310988014953", "store": "coles", "name": "Tomato Herbs/Chilli Lime Chips", "brand": "Natural Chip Co.", "price": 1.75, "orgPrice": null, "imagePath": "https://shop.coles.com.au/wcsstore/Coles-CAS/images/3/1/6/3168504.jpg", "cupPrice": "$1.00 per 100g", "unit": "ea", "packageSize": "175g", "barcode": ["9310988014953", "9310988017886", "9310988016841"], "isAvailable": true, "categoryIds": ["pantry"]}, {"id": "c3384554p-8410076620453", "store": "coles", "name": "Peanut Butter Popcorn Bars 5 pack", "brand": "Fibre One", "price": 2.75, "orgPrice": 5.5, "imagePath": "https://shop.coles.com.au/wcsstore/Coles-CAS/images/3/3/8/3384554.jpg", "cupPrice": "$2.62 per 100g", "unit": "ea", "packageSize": "105g", "barcode": ["8410076620453"], "isAvailable": true, "categoryIds": ["pantry"]}, {"id": "c3569094p-9310015247422", "store": "coles", "name": "Chilli Roast Garlic & Lemon Oil Deluxe Chips", "brand": "Red Rock Deli", "price": 2.25, "orgPrice": 4.5, "imagePath": "https://shop.coles.com.au/wcsstore/Coles-CAS/images/3/5/6/3569094.jpg", "cupPrice": "$1.67 per 100g", "unit": "ea", "packageSize": "135g", "barcode": ["9310015247422"], "isAvailable": true, "categoryIds": ["pantry"]}, {"id": "c2026140p-9300605094666", "store": "coles", "name": "KitKat Chunky Caramel", "brand": "Nestle", "price": 1, "orgPrice": 2, "imagePath": "https://shop.coles.com.au/wcsstore/Coles-CAS/images/2/0/2/2026140.jpg", "cupPrice": "$1.82 per 100g", "unit": "ea", "packageSize": "55g", "barcode": ["9300605094666"], "isAvailable": true, "categoryIds": ["pantry"]}, {"id": "c3198913p", "store": "coles", "name": "Bueno Dark", "brand": "Kinder", "price": 1, "orgPrice": 2, "imagePath": "https://shop.coles.com.au/wcsstore/Coles-CAS/images/3/1/9/3198913.jpg", "cupPrice": "$2.33 per 100g", "unit": "ea", "packageSize": "43g", "barcode": null, "isAvailable": true, "categoryIds": ["pantry"]}, {"id": "c3295104p-9310645244907", "store": "coles", "name": "Sweetcorn And Mayonnaise Responsibly Fished Tuna", "brand": "Wild Tides", "price": 1, "orgPrice": 2, "imagePath": "https://shop.coles.com.au/wcsstore/Coles-CAS/images/3/2/9/3295104.jpg", "cupPrice": "$10.53 per 1kg", "unit": "ea", "packageSize": "95g", "barcode": ["9310645244907"], "isAvailable": true, "categoryIds": ["pantry"]}, {"id": "c3295080p-9310645244884", "store": "coles", "name": "Tomato & Basil Fished Tuna", "brand": "Wild Tides", "price": 1, "orgPrice": 2, "imagePath": "https://shop.coles.com.au/wcsstore/Coles-CAS/images/3/2/9/3295080.jpg", "cupPrice": "$1.05 per 100g", "unit": "ea", "packageSize": "95g", "barcode": ["9310645244884"], "isAvailable": true, "categoryIds": ["pantry"]}, {"id": "c3502016p-93555296", "store": "coles", "name": "Original Fruit Chews Lollies Stick", "brand": "Starburst", "price": 1, "orgPrice": 2, "imagePath": "https://shop.coles.com.au/wcsstore/Coles-CAS/images/3/5/0/3502016.jpg", "cupPrice": "$2.22 per 100g", "unit": "ea", "packageSize": "45g", "barcode": ["93555296"], "isAvailable": true, "categoryIds": ["pantry"]}, {"id": "c3583798p-9347881000769", "store": "coles", "name": "Almond Latte", "brand": "Harvest Box", "price": 2.47, "orgPrice": 4.95, "imagePath": "https://shop.coles.com.au/wcsstore/Coles-CAS/images/3/5/8/3583798.jpg", "cupPrice": "$1.83 per 100g", "unit": "ea", "packageSize": "135g", "barcode": ["9347881000769"], "isAvailable": true, "categoryIds": ["pantry"]}, {"id": "c3739503p-9310434005016", "store": "coles", "name": "Kids Mega Duos", "brand": "Sour Patch", "price": 2, "orgPrice": 4, "imagePath": "https://shop.coles.com.au/wcsstore/Coles-CAS/images/3/7/3/3739503.jpg", "cupPrice": "$0.91 per 100g", "unit": "ea", "packageSize": "220g", "barcode": ["9310434005016"], "isAvailable": true, "categoryIds": ["pantry"]}, {"id": "c3127711p-9315991023794", "store": "coles", "name": "Deli Crisps Lentil Sriracha Chips", "brand": "Vege", "price": 2.75, "orgPrice": 5.5, "imagePath": "https://shop.coles.com.au/wcsstore/Coles-CAS/images/3/1/2/3127711.jpg", "cupPrice": "$2.75 per 100g", "unit": "ea", "packageSize": "100g", "barcode": ["9315991023794"], "isAvailable": true, "categoryIds": ["pantry"]}, {"id": "c4949400p-94314205", "store": "coles", "name": "Toasted Coconut Slab Milk Chocolate Bar", "brand": "Whittaker's", "price": 1, "orgPrice": 2, "imagePath": "https://shop.coles.com.au/wcsstore/Coles-CAS/images/4/9/4/4949400.jpg", "cupPrice": "$2.00 per 100g", "unit": "ea", "packageSize": "50g", "barcode": ["94314205"], "isAvailable": true, "categoryIds": ["pantry"]}, {"id": "c3529760p-9310645262062", "store": "coles", "name": "Hazelnut Spread", "brand": "Coles", "price": 2, "orgPrice": 4, "imagePath": "https://shop.coles.com.au/wcsstore/Coles-CAS/images/3/5/2/3529760.jpg", "cupPrice": "$0.67 per 100g", "unit": "ea", "packageSize": "300g", "barcode": ["9310645262062"], "isAvailable": true, "categoryIds": ["pantry"]}, {"id": "c3608913p-9310645277394", "store": "coles", "name": "Responsibly Fished Tuna Teriyaki", "brand": "Wild Tides", "price": 1, "orgPrice": 2, "imagePath": "https://shop.coles.com.au/wcsstore/Coles-CAS/images/3/6/0/3608913.jpg", "cupPrice": "$10.53 per 1kg", "unit": "ea", "packageSize": "95g", "barcode": ["9310645277394"], "isAvailable": true, "categoryIds": ["pantry"]}, {"id": "c3779767p-9310140010724", "store": "coles", "name": "Brown Rice Chips Sea Salt", "brand": "Sunrice", "price": 2.5, "orgPrice": 5, "imagePath": "https://shop.coles.com.au/wcsstore/Coles-CAS/images/3/7/7/3779767.jpg", "cupPrice": "$1.67 per 100g", "unit": "ea", "packageSize": "150g", "barcode": ["9310140010724"], "isAvailable": true, "categoryIds": ["pantry"]}, {"id": "c3574120p-9310988017251", "store": "coles", "name": "Lime & Chilli Tortilla Strips", "brand": "Natural Chip Co.", "price": 1.75, "orgPrice": 3.5, "imagePath": "https://shop.coles.com.au/wcsstore/Coles-CAS/images/3/5/7/3574120.jpg", "cupPrice": "$1.00 per 100g", "unit": "ea", "packageSize": "175g", "barcode": ["9310988017251"], "isAvailable": true, "categoryIds": ["pantry"]}, {"id": "c3449853p-9310988017206", "store": "coles", "name": "Farmhouse Cheddar Crispy Crackers", "brand": "The Natural Cracker Co.", "price": 1.75, "orgPrice": 3.5, "imagePath": "https://shop.coles.com.au/wcsstore/Coles-CAS/images/3/4/4/3449853.jpg", "cupPrice": "$1.09 per 100g", "unit": "ea", "packageSize": "160g", "barcode": ["9310988017206"], "isAvailable": true, "categoryIds": ["pantry"]}, {"id": "c3531976p-9341370003811", "store": "coles", "name": "BBQ Meatballs", "brand": "Plumrose", "price": 2, "orgPrice": 4, "imagePath": "https://shop.coles.com.au/wcsstore/Coles-CAS/images/3/5/3/3531976.jpg", "cupPrice": "$4.76 per 1kg", "unit": "ea", "packageSize": "420g", "barcode": ["9341370003811"], "isAvailable": true, "categoryIds": ["pantry"]}, {"id": "c3531921p-9341370003804", "store": "coles", "name": "Tomato Meatballs", "brand": "Plumrose", "price": 2, "orgPrice": 4, "imagePath": "https://shop.coles.com.au/wcsstore/Coles-CAS/images/3/5/3/3531921.jpg", "cupPrice": "$4.76 per 1kg", "unit": "ea", "packageSize": "420g", "barcode": ["9341370003804"], "isAvailable": true, "categoryIds": ["pantry"]}, {"id": "c3532083p-9300617075608", "store": "coles", "name": "Raspberry Flavour Chocolate Mallow Bites", "brand": "Pascall", "price": 2, "orgPrice": 4, "imagePath": "https://shop.coles.com.au/wcsstore/Coles-CAS/images/3/5/3/3532083.jpg", "cupPrice": "$1.25 per 100g", "unit": "ea", "packageSize": "160g", "barcode": ["9300617075608"], "isAvailable": true, "categoryIds": ["pantry"]}, {"id": "c3608924p-9310645277400", "store": "coles", "name": "Responsibly Fished Tuna Thai Green Curry Mild", "brand": "Wild Tides", "price": 1, "orgPrice": 2, "imagePath": "https://shop.coles.com.au/wcsstore/Coles-CAS/images/3/6/0/3608924.jpg", "cupPrice": "$10.53 per 1kg", "unit": "ea", "packageSize": "95g", "barcode": ["9310645277400"], "isAvailable": true, "categoryIds": ["pantry"]}, {"id": "c3779789p-9310140010731", "store": "coles", "name": "Brown Rice Chips Wild Rice", "brand": "Sunrice", "price": 2.5, "orgPrice": 5, "imagePath": "https://shop.coles.com.au/wcsstore/Coles-CAS/images/3/7/7/3779789.jpg", "cupPrice": "$1.67 per 100g", "unit": "ea", "packageSize": "150g", "barcode": ["9310140010731"], "isAvailable": true, "categoryIds": ["pantry"]}, {"id": "c3433412p-9310034001227", "store": "coles", "name": "Chocolate Flavour Wafer Bites", "brand": "Oreo", "price": 0.6, "orgPrice": 1.5, "imagePath": "https://shop.coles.com.au/wcsstore/Coles-CAS/images/3/4/3/3433412.jpg", "cupPrice": "$1.28 per 100g", "unit": "ea", "packageSize": "47g", "barcode": ["9310034001227"], "isAvailable": true, "categoryIds": ["pantry"]}, {"id": "c3608946p-9310645277417", "store": "coles", "name": "Responsibly Fished Tuna Triple Chilli Medium", "brand": "Wild Tides", "price": 1, "orgPrice": 2, "imagePath": "https://shop.coles.com.au/wcsstore/Coles-CAS/images/3/6/0/3608946.jpg", "cupPrice": "$10.53 per 1kg", "unit": "ea", "packageSize": "95g", "barcode": ["9310645277417"], "isAvailable": true, "categoryIds": ["pantry"]}, {"id": "c3572190p-9310015247477", "store": "coles", "name": "Balsamic Vinegar & Chilli Roasted Mixed Nuts", "brand": "Red Rock Deli", "price": 2, "orgPrice": 4, "imagePath": "https://shop.coles.com.au/wcsstore/Coles-CAS/images/3/5/7/3572190.jpg", "cupPrice": "$2.00 per 100g", "unit": "ea", "packageSize": "100g", "barcode": ["9310015247477"], "isAvailable": true, "categoryIds": ["pantry"]}, {"id": "c3752148p-7622300878689", "store": "coles", "name": "Pita Crackers Herb", "brand": "Captains Table", "price": 1.75, "orgPrice": 3.5, "imagePath": "https://shop.coles.com.au/wcsstore/Coles-CAS/images/3/7/5/3752148.jpg", "cupPrice": "$1.75 per 100g", "unit": "ea", "packageSize": "100g", "barcode": ["7622300878689"], "isAvailable": true, "categoryIds": ["pantry"]}, {"id": "c8434627p-9310213541353", "store": "coles", "name": "Frozen Crumbed Chicken Breast Tenders", "brand": "Steggles", "price": 3.97, "orgPrice": 7.95, "imagePath": "https://shop.coles.com.au/wcsstore/Coles-CAS/images/8/4/3/8434627.jpg", "cupPrice": "$9.93 per 1kg", "unit": "ea", "packageSize": "400g", "barcode": ["9310213541353", "9310213565892"], "isAvailable": true, "categoryIds": ["freezer"]}, {"id": "c5164388p-9344372002950", "store": "coles", "name": "Frozen Raspberries", "brand": "Creative Gourmet", "price": 2.82, "orgPrice": 5.65, "imagePath": "https://shop.coles.com.au/wcsstore/Coles-CAS/images/5/1/6/5164388.jpg", "cupPrice": "$9.40 per 1kg", "unit": "ea", "packageSize": "300g", "barcode": ["9344372002950", "9300766040991", "9311008049993"], "isAvailable": true, "categoryIds": ["freezer"]}, {"id": "c4683889p-9330471002212", "store": "coles", "name": "Frozen Whole Duck", "brand": "Luv A Duck", "price": 11.5, "orgPrice": 23, "imagePath": "https://shop.coles.com.au/wcsstore/Coles-CAS/images/4/6/8/4683889.jpg", "cupPrice": "$5.48 per 1kg", "unit": "ea", "packageSize": "2.1kg", "barcode": ["9330471002212"], "isAvailable": true, "categoryIds": ["freezer"]}, {"id": "c5164399p-400002883357", "store": "coles", "name": "Frozen Blueberries", "brand": "Creative Gourmet", "price": 2.82, "orgPrice": 5.65, "imagePath": "https://shop.coles.com.au/wcsstore/Coles-CAS/images/5/1/6/5164399.jpg", "cupPrice": "$9.40 per 1kg", "unit": "ea", "packageSize": "300g", "barcode": ["400002883357", "9344372002783", "9311008049177", "9300766041172"], "isAvailable": true, "categoryIds": ["freezer"]}, {"id": "c2356724p-9318122381008", "store": "coles", "name": "Frozen Pork & Chive Dumplings 10 Pieces", "brand": "Hong Kong Dim Sim Kitchen", "price": 2.5, "orgPrice": 5, "imagePath": "https://shop.coles.com.au/wcsstore/Coles-CAS/images/2/3/5/2356724.jpg", "cupPrice": "$1.25 per 100g", "unit": "ea", "packageSize": "200g", "barcode": ["9318122381008"], "isAvailable": true, "categoryIds": ["freezer"]}, {"id": "c3059972p-9344372003179", "store": "coles", "name": "Frozen Banana Chunks", "brand": "Creative Gourmet", "price": 2.5, "orgPrice": 5, "imagePath": "https://shop.coles.com.au/wcsstore/Coles-CAS/images/3/0/5/3059972.jpg", "cupPrice": "$5.00 per 1kg", "unit": "ea", "packageSize": "500g", "barcode": ["9344372003179"], "isAvailable": true, "categoryIds": ["freezer"]}, {"id": "c5039976p-9310663400675", "store": "coles", "name": "Frozen Microwave Giant Sausage Roll", "brand": "Mrs Mac's", "price": 1.25, "orgPrice": 2.5, "imagePath": "https://shop.coles.com.au/wcsstore/Coles-CAS/images/5/0/3/5039976.jpg", "cupPrice": "$0.71 per 100g", "unit": "ea", "packageSize": "175g", "barcode": ["9310663400675"], "isAvailable": true, "categoryIds": ["freezer"]}, {"id": "c3230754p", "store": "coles", "name": "Frozen Honey Soy Frozen Chicken Breast Tenders", "brand": "Steggles", "price": 3.97, "orgPrice": 7.95, "imagePath": "https://shop.coles.com.au/wcsstore/Coles-CAS/images/3/2/3/3230754.jpg", "cupPrice": "$9.93 per 1kg", "unit": "ea", "packageSize": "400g", "barcode": null, "isAvailable": true, "categoryIds": ["freezer"]}, {"id": "c3573047p-9344372004619", "store": "coles", "name": "Frozen Passionfruit Pulp", "brand": "Creative Gourmet", "price": 2.82, "orgPrice": 5.65, "imagePath": "https://shop.coles.com.au/wcsstore/Coles-CAS/images/3/5/7/3573047.jpg", "cupPrice": "$9.40 per 1kg", "unit": "ea", "packageSize": "300g", "barcode": ["9344372004619"], "isAvailable": true, "categoryIds": ["freezer"]}, {"id": "c9992122p-5000159496681", "store": "coles", "name": "Chocolate Bar Iced Confectionery Multipack 6 x 51mL", "brand": "Mars", "price": 4.25, "orgPrice": 8.5, "imagePath": "https://shop.coles.com.au/wcsstore/Coles-CAS/images/9/9/9/9992122.jpg", "cupPrice": "$1.39 per 100ml", "unit": "ea", "packageSize": "306ml", "barcode": ["5000159496681", "5000159397292"], "isAvailable": true, "categoryIds": ["freezer"]}, {"id": "c3573070p-9344372004626", "store": "coles", "name": "Frozen Pink Dragonfruit Chunks", "brand": "Creative Gourmet", "price": 2.82, "orgPrice": 5.65, "imagePath": "https://shop.coles.com.au/wcsstore/Coles-CAS/images/3/5/7/3573070.jpg", "cupPrice": "$9.40 per 1kg", "unit": "ea", "packageSize": "300g", "barcode": ["9344372004626"], "isAvailable": true, "categoryIds": ["freezer"]}, {"id": "c3407310p", "store": "coles", "name": "Peanut Butter Chocolate Cones", "brand": "Reese's", "price": 4.25, "orgPrice": 8.5, "imagePath": "https://shop.coles.com.au/wcsstore/Coles-CAS/images/3/4/0/3407310.jpg", "cupPrice": "$0.90 per 100ml", "unit": "ea", "packageSize": "472ml", "barcode": null, "isAvailable": true, "categoryIds": ["freezer"]}, {"id": "c5040013p-9310663400620", "store": "coles", "name": "Frozen Microwave Beef Pie", "brand": "Mrs Mac's", "price": 1.25, "orgPrice": 2.5, "imagePath": "https://shop.coles.com.au/wcsstore/Coles-CAS/images/5/0/4/5040013.jpg", "cupPrice": "$0.63 per 100g", "unit": "ea", "packageSize": "200g", "barcode": ["9310663400620"], "isAvailable": true, "categoryIds": ["freezer"]}, {"id": "c3407300p-9310161014558", "store": "coles", "name": "Frozen Cookies 'N' Cr\u00e8me Sticks", "brand": "Hershey's", "price": 4.25, "orgPrice": 8.5, "imagePath": "https://shop.coles.com.au/wcsstore/Coles-CAS/images/3/4/0/3407300.jpg", "cupPrice": "$0.90 per 100ml", "unit": "ea", "packageSize": "473ml", "barcode": ["9310161014558"], "isAvailable": true, "categoryIds": ["freezer"]}, {"id": "c5039954p-9310663400668", "store": "coles", "name": "Frozen Microwave Traditional Beef Pastie", "brand": "Mrs Mac's", "price": 1.25, "orgPrice": 2.5, "imagePath": "https://shop.coles.com.au/wcsstore/Coles-CAS/images/5/0/3/5039954.jpg", "cupPrice": "$0.76 per 100g", "unit": "ea", "packageSize": "165g", "barcode": ["9310663400668"], "isAvailable": true, "categoryIds": ["freezer"]}, {"id": "c3718682p-5000159518895", "store": "coles", "name": "Praline White Ice Cream Bar 6 pack", "brand": "Mars", "price": 4.25, "orgPrice": 8.5, "imagePath": "https://shop.coles.com.au/wcsstore/Coles-CAS/images/3/7/1/3718682.jpg", "cupPrice": "$2.00 per 100ml", "unit": "ea", "packageSize": "213ml", "barcode": ["5000159518895"], "isAvailable": true, "categoryIds": ["freezer"]}, {"id": "c3697017p-9310161015401", "store": "coles", "name": "Murray St Caramelised Peanut Brittle Ice Cream Tub", "brand": "Bulla", "price": 5, "orgPrice": 10, "imagePath": "https://shop.coles.com.au/wcsstore/Coles-CAS/images/3/6/9/3697017.jpg", "cupPrice": "$1.09 per 100ml", "unit": "ea", "packageSize": "460ml", "barcode": ["9310161015401"], "isAvailable": true, "categoryIds": ["freezer"]}, {"id": "c3697040p-9310161015487", "store": "coles", "name": "Murray St Caramel Maple Macadamia Ice Cream Sticks 4 pack", "brand": "Bulla", "price": 5, "orgPrice": 10, "imagePath": "https://shop.coles.com.au/wcsstore/Coles-CAS/images/3/6/9/3697040.jpg", "cupPrice": "$1.25 per 100ml", "unit": "ea", "packageSize": "400ml", "barcode": ["9310161015487"], "isAvailable": true, "categoryIds": ["freezer"]}, {"id": "c3697006p-9310161015395", "store": "coles", "name": "Murray St Vanilla Bean & Chocolate Almond Ice Cream Tub", "brand": "Bulla", "price": 5, "orgPrice": 10, "imagePath": "https://shop.coles.com.au/wcsstore/Coles-CAS/images/3/6/9/3697006.jpg", "cupPrice": "$1.09 per 100ml", "unit": "ea", "packageSize": "460ml", "barcode": ["9310161015395"], "isAvailable": true, "categoryIds": ["freezer"]}, {"id": "c3697083p-9310161015517", "store": "coles", "name": "Murray St Vanilla Bean & Chocolate Almonds Ice cream Sticks 4 Pack", "brand": "Bulla", "price": 5, "orgPrice": 10, "imagePath": "https://shop.coles.com.au/wcsstore/Coles-CAS/images/3/6/9/3697083.jpg", "cupPrice": "$1.25 per 100ml", "unit": "ea", "packageSize": "400ml", "barcode": ["9310161015517"], "isAvailable": true, "categoryIds": ["freezer"]}, {"id": "c2002095p-9310631627691", "store": "coles", "name": "Organic Espresso Coffee Beans", "brand": "Vittoria", "price": 18.25, "orgPrice": 36.5, "imagePath": "https://shop.coles.com.au/wcsstore/Coles-CAS/images/2/0/0/2002095.jpg", "cupPrice": "$1.83 per 100g", "unit": "ea", "packageSize": "1kg", "barcode": ["9310631627691"], "isAvailable": true, "categoryIds": ["drinks"]}, {"id": "c8686572p-9310631622764", "store": "coles", "name": "Mountain Grown Coffee Beans", "brand": "Vittoria", "price": 15, "orgPrice": 36.5, "imagePath": "https://shop.coles.com.au/wcsstore/Coles-CAS/images/8/6/8/8686572.jpg", "cupPrice": "$1.50 per 100g", "unit": "ea", "packageSize": "1kg", "barcode": ["9310631622764"], "isAvailable": true, "categoryIds": ["drinks"]}, {"id": "c9180375p-9310631616091", "store": "coles", "name": "Mountain Grown Ground Coffee", "brand": "Vittoria", "price": 15, "orgPrice": 36.5, "imagePath": "https://shop.coles.com.au/wcsstore/Coles-CAS/images/9/1/8/9180375.jpg", "cupPrice": "$1.50 per 100g", "unit": "ea", "packageSize": "1kg", "barcode": ["9310631616091"], "isAvailable": true, "categoryIds": ["drinks"]}, {"id": "c6344308p-9310021039097", "store": "coles", "name": "Peach Ice Tea", "brand": "Lipton", "price": 1.9, "orgPrice": 3.8, "imagePath": "https://shop.coles.com.au/wcsstore/Coles-CAS/images/6/3/4/6344308.jpg", "cupPrice": "$1.27 per 1l", "unit": "ea", "packageSize": "1.5l", "barcode": ["9310021039097"], "isAvailable": true, "categoryIds": ["drinks"]}, {"id": "c6344294p-9310021039080", "store": "coles", "name": "Lemon Ice Tea", "brand": "Lipton", "price": 1.9, "orgPrice": 3.8, "imagePath": "https://shop.coles.com.au/wcsstore/Coles-CAS/images/6/3/4/6344294.jpg", "cupPrice": "$1.27 per 1l", "unit": "ea", "packageSize": "1.5l", "barcode": ["9310021039080"], "isAvailable": true, "categoryIds": ["drinks"]}, {"id": "c6344476p-9310021039202", "store": "coles", "name": "Light Peach Ice Tea", "brand": "Lipton", "price": 1.9, "orgPrice": 3.8, "imagePath": "https://shop.coles.com.au/wcsstore/Coles-CAS/images/6/3/4/6344476.jpg", "cupPrice": "$1.27 per 1l", "unit": "ea", "packageSize": "1.5l", "barcode": ["9310021039202"], "isAvailable": true, "categoryIds": ["drinks"]}, {"id": "c4965847p-9310021036720", "store": "coles", "name": "Vanilla Chai Latte Sachets 8 pack", "brand": "Lipton", "price": 3.5, "orgPrice": 7, "imagePath": "https://shop.coles.com.au/wcsstore/Coles-CAS/images/4/9/6/4965847.jpg", "cupPrice": "$1.89 per 100g", "unit": "ea", "packageSize": "185g", "barcode": ["9310021036720"], "isAvailable": true, "categoryIds": ["drinks"]}, {"id": "c3532797p-9311493003579", "store": "coles", "name": "Ginger Beer Multipack Cans 200mL", "brand": "Bundaberg", "price": 3, "orgPrice": 6.6, "imagePath": "https://shop.coles.com.au/wcsstore/Coles-CAS/images/3/5/3/3532797.jpg", "cupPrice": "$2.50 per 1l", "unit": "ea", "packageSize": "6 pack", "barcode": ["9311493003579"], "isAvailable": true, "categoryIds": ["drinks"]}, {"id": "c7386664p-9310021043476", "store": "coles", "name": "Raspberry Ice Tea", "brand": "Lipton", "price": 1.9, "orgPrice": 3.8, "imagePath": "https://shop.coles.com.au/wcsstore/Coles-CAS/images/7/3/8/7386664.jpg", "cupPrice": "$1.27 per 1l", "unit": "ea", "packageSize": "1.5l", "barcode": ["9310021043476"], "isAvailable": true, "categoryIds": ["drinks"]}, {"id": "c6344487p-9310021041540", "store": "coles", "name": "Mango Ice Tea", "brand": "Lipton", "price": 1.9, "orgPrice": 3.8, "imagePath": "https://shop.coles.com.au/wcsstore/Coles-CAS/images/6/3/4/6344487.jpg", "cupPrice": "$1.27 per 1l", "unit": "ea", "packageSize": "1.5l", "barcode": ["9310021041540"], "isAvailable": true, "categoryIds": ["drinks"]}, {"id": "c5594671p-9310640620010", "store": "coles", "name": "Orange Ice Sports Drink", "brand": "Gatorade", "price": 1.75, "orgPrice": 3.5, "imagePath": "https://shop.coles.com.au/wcsstore/Coles-CAS/images/5/5/9/5594671.jpg", "cupPrice": "$2.92 per 1l", "unit": "ea", "packageSize": "600ml", "barcode": ["9310640620010", "9313820043012", "9313820043050"], "isAvailable": true, "categoryIds": ["drinks"]}, {"id": "c5468870p-9310640620034", "store": "coles", "name": "Lemon Lime Sports Drink", "brand": "Gatorade", "price": 1.75, "orgPrice": 3.5, "imagePath": "https://shop.coles.com.au/wcsstore/Coles-CAS/images/5/4/6/5468870.jpg", "cupPrice": "$2.92 per 1l", "unit": "ea", "packageSize": "600ml", "barcode": ["9310640620034", "9313820040011", "9313820040059"], "isAvailable": true, "categoryIds": ["drinks"]}, {"id": "c8729937p-9310640620119", "store": "coles", "name": "Fierce Grape Sport Drink", "brand": "Gatorade", "price": 1.75, "orgPrice": 3.5, "imagePath": "https://shop.coles.com.au/wcsstore/Coles-CAS/images/8/7/2/8729937.jpg", "cupPrice": "$2.92 per 1l", "unit": "ea", "packageSize": "600ml", "barcode": ["9310640620119"], "isAvailable": true, "categoryIds": ["drinks"]}, {"id": "c5468917p-9313820042053", "store": "coles", "name": "Tropical Fruit Sports Drink", "brand": "Gatorade", "price": 1.75, "orgPrice": 3.5, "imagePath": "https://shop.coles.com.au/wcsstore/Coles-CAS/images/5/4/6/5468917.jpg", "cupPrice": "$2.92 per 1l", "unit": "ea", "packageSize": "600ml", "barcode": ["9313820042053", "9310640620058", "9313820042015"], "isAvailable": true, "categoryIds": ["drinks"]}, {"id": "c6157082p-9310640620027", "store": "coles", "name": "Fierce Blue Bolt Sports Drink", "brand": "Gatorade", "price": 1.75, "orgPrice": 3.5, "imagePath": "https://shop.coles.com.au/wcsstore/Coles-CAS/images/6/1/5/6157082.jpg", "cupPrice": "$2.92 per 1l", "unit": "ea", "packageSize": "600ml", "barcode": ["9310640620027", "9313820045047"], "isAvailable": true, "categoryIds": ["drinks"]}, {"id": "c3208620p", "store": "coles", "name": "A Modo Mio Tiny Black Coffee Machine", "brand": "Lavazza", "price": 39.5, "orgPrice": 79, "imagePath": "https://shop.coles.com.au/wcsstore/Coles-CAS/images/3/2/0/3208620.jpg", "cupPrice": "$39.50 per 1ea", "unit": "ea", "packageSize": "1 each", "barcode": null, "isAvailable": true, "categoryIds": ["drinks"]}, {"id": "c6344320p-9310021039134", "store": "coles", "name": "Citrus Green Ice Tea", "brand": "Lipton", "price": 1.9, "orgPrice": 3.8, "imagePath": "https://shop.coles.com.au/wcsstore/Coles-CAS/images/6/3/4/6344320.jpg", "cupPrice": "$1.27 per 1l", "unit": "ea", "packageSize": "1.5l", "barcode": ["9310021039134"], "isAvailable": true, "categoryIds": ["drinks"]}, {"id": "c6344465p-9310021039189", "store": "coles", "name": "Lemon Light Ice Tea Drink", "brand": "Lipton", "price": 1.9, "orgPrice": 3.8, "imagePath": "https://shop.coles.com.au/wcsstore/Coles-CAS/images/6/3/4/6344465.jpg", "cupPrice": "$1.27 per 1l", "unit": "ea", "packageSize": "1.5l", "barcode": ["9310021039189"], "isAvailable": true, "categoryIds": ["drinks"]}, {"id": "c3709750p-9300830053469", "store": "coles", "name": "Peach & Nectarine Flavour Ice Tea", "brand": "Lipton", "price": 1.9, "orgPrice": 3.8, "imagePath": "https://shop.coles.com.au/wcsstore/Coles-CAS/images/3/7/0/3709750.jpg", "cupPrice": "$1.27 per 1l", "unit": "ea", "packageSize": "1.5l", "barcode": ["9300830053469"], "isAvailable": true, "categoryIds": ["drinks"]}, {"id": "c3291045p-9310640000959", "store": "coles", "name": "Raspberry G2 Sports Drink", "brand": "Gatorade", "price": 1.75, "orgPrice": 3.5, "imagePath": "https://shop.coles.com.au/wcsstore/Coles-CAS/images/3/2/9/3291045.jpg", "cupPrice": "$0.29 per 100ml", "unit": "ea", "packageSize": "600ml", "barcode": ["9310640000959", "400003396269"], "isAvailable": true, "categoryIds": ["drinks"]}, {"id": "c3291056p-9310640000935", "store": "coles", "name": "Glacier Freeze G2 Sports Drink", "brand": "Gatorade", "price": 1.75, "orgPrice": 3.5, "imagePath": "https://shop.coles.com.au/wcsstore/Coles-CAS/images/3/2/9/3291056.jpg", "cupPrice": "$2.92 per 1l", "unit": "ea", "packageSize": "600ml", "barcode": ["9310640000935", "400003396276"], "isAvailable": true, "categoryIds": ["drinks"]}, {"id": "c2869478p-9311770592475", "store": "coles", "name": "Odourless High Strength Wild Fish Oil Capsules", "brand": "Swisse", "price": 17.5, "orgPrice": 35, "imagePath": "https://shop.coles.com.au/wcsstore/Coles-CAS/images/2/8/6/2869478.jpg", "cupPrice": "$0.04 per 1ea", "unit": "ea", "packageSize": "400 pack", "barcode": ["9311770592475"], "isAvailable": true, "categoryIds": ["health-beauty"]}, {"id": "c3469351p-9311770595582", "store": "coles", "name": "Ultiboost Magnesium 150mg 200 Tablets", "brand": "Swisse", "price": 19.5, "orgPrice": 39, "imagePath": "https://shop.coles.com.au/wcsstore/Coles-CAS/images/3/4/6/3469351.jpg", "cupPrice": "$19.50 per 1ea", "unit": "ea", "packageSize": "1 pack", "barcode": ["9311770595582"], "isAvailable": true, "categoryIds": ["health-beauty"]}, {"id": "c7514855p-9311770588522", "store": "coles", "name": "Ultiboost Iron Tablets", "brand": "Swisse", "price": 5, "orgPrice": 10, "imagePath": "https://shop.coles.com.au/wcsstore/Coles-CAS/images/7/5/1/7514855.jpg", "cupPrice": "$16.67 per 100ea", "unit": "ea", "packageSize": "30 pack", "barcode": ["9311770588522"], "isAvailable": true, "categoryIds": ["health-beauty"]}, {"id": "c9676010p-9314807060770", "store": "coles", "name": "Slim Right Chocolate Weight Loss Powder", "brand": "Nature's Way", "price": 7.25, "orgPrice": 14.5, "imagePath": "https://shop.coles.com.au/wcsstore/Coles-CAS/images/9/6/7/9676010.jpg", "cupPrice": "$1.93 per 100g", "unit": "ea", "packageSize": "375g", "barcode": ["9314807060770", "9314807008147"], "isAvailable": true, "categoryIds": ["health-beauty"]}, {"id": "c2897327p-9314807059361", "store": "coles", "name": "Adults Vita Gummies Magnesium", "brand": "Nature's Way", "price": 10, "orgPrice": 20, "imagePath": "https://shop.coles.com.au/wcsstore/Coles-CAS/images/2/8/9/2897327.jpg", "cupPrice": "$12.50 per 100ea", "unit": "ea", "packageSize": "80 pack", "barcode": ["9314807059361"], "isAvailable": true, "categoryIds": ["health-beauty"]}, {"id": "c3453260p-9314807066239", "store": "coles", "name": "Adult Vita Gummie Immune Support Tablets", "brand": "Nature's Way", "price": 10, "orgPrice": 20, "imagePath": "https://shop.coles.com.au/wcsstore/Coles-CAS/images/3/4/5/3453260.jpg", "cupPrice": "$0.15 per 1ea", "unit": "ea", "packageSize": "65 pack", "barcode": ["9314807066239"], "isAvailable": true, "categoryIds": ["health-beauty"]}, {"id": "c1281437p-9311770593199", "store": "coles", "name": "Ultiboost Relax & Sleep 60 Tablets", "brand": "Swisse", "price": 16, "orgPrice": 32, "imagePath": "https://shop.coles.com.au/wcsstore/Coles-CAS/images/1/2/8/1281437.jpg", "cupPrice": "$16.00 per 1ea", "unit": "ea", "packageSize": "1 pack", "barcode": ["9311770593199"], "isAvailable": true, "categoryIds": ["health-beauty"]}, {"id": "c4173135p-9314807009427", "store": "coles", "name": "Slim Right Vanilla Weight Loss Powder", "brand": "Nature's Way", "price": 7.25, "orgPrice": 14.5, "imagePath": "https://shop.coles.com.au/wcsstore/Coles-CAS/images/4/1/7/4173135.jpg", "cupPrice": "$1.93 per 100g", "unit": "ea", "packageSize": "375g", "barcode": ["9314807009427", "400003456598", "9314807060763"], "isAvailable": true, "categoryIds": ["health-beauty"]}, {"id": "c2265764p-9314807046392", "store": "coles", "name": "Men's Vita Gummies Multivitamins", "brand": "Nature's Way", "price": 10, "orgPrice": 20, "imagePath": "https://shop.coles.com.au/wcsstore/Coles-CAS/images/2/2/6/2265764.jpg", "cupPrice": "$10.00 per 100ea", "unit": "ea", "packageSize": "100 pack", "barcode": ["9314807046392"], "isAvailable": true, "categoryIds": ["health-beauty"]}, {"id": "c7514786p-9311770588515", "store": "coles", "name": "Ultiboost Calcium + Vitamin D Tablets", "brand": "Swisse", "price": 8, "orgPrice": 16, "imagePath": "https://shop.coles.com.au/wcsstore/Coles-CAS/images/7/5/1/7514786.jpg", "cupPrice": "$8.89 per 100ea", "unit": "ea", "packageSize": "90 pack", "barcode": ["9311770588515", "9311770589888"], "isAvailable": true, "categoryIds": ["health-beauty"]}, {"id": "c3453250p-9314807066222", "store": "coles", "name": "Adult Vita Gummies Calcium + Vitamin D Tablets", "brand": "Nature's Way", "price": 10, "orgPrice": 20, "imagePath": "https://shop.coles.com.au/wcsstore/Coles-CAS/images/3/4/5/3453250.jpg", "cupPrice": "$0.15 per 1ea", "unit": "ea", "packageSize": "65 pack", "barcode": ["9314807066222"], "isAvailable": true, "categoryIds": ["health-beauty"]}, {"id": "c1783694p-9311770595834", "store": "coles", "name": "Ultiboost Magnesium Calcium + D3 120 Tablets", "brand": "Swisse", "price": 12.5, "orgPrice": 25, "imagePath": "https://shop.coles.com.au/wcsstore/Coles-CAS/images/1/7/8/1783694.jpg", "cupPrice": "$12.50 per 1ea", "unit": "ea", "packageSize": "1 pack", "barcode": ["9311770595834"], "isAvailable": true, "categoryIds": ["health-beauty"]}, {"id": "c6279807p-9311770587266", "store": "coles", "name": "Men's Ultivite 50+ Multi Vitamin 60 Tablets", "brand": "Swisse", "price": 18, "orgPrice": 36, "imagePath": "https://shop.coles.com.au/wcsstore/Coles-CAS/images/6/2/7/6279807.jpg", "cupPrice": "$18.00 per 1ea", "unit": "ea", "packageSize": "1 pack", "barcode": ["9311770587266"], "isAvailable": true, "categoryIds": ["health-beauty"]}, {"id": "c9676031p-9314807060787", "store": "coles", "name": "Slim Right Strawberry Weight Loss Drink Powder", "brand": "Nature's Way", "price": 7.25, "orgPrice": 14.5, "imagePath": "https://shop.coles.com.au/wcsstore/Coles-CAS/images/9/6/7/9676031.jpg", "cupPrice": "$1.93 per 100g", "unit": "ea", "packageSize": "375g", "barcode": ["9314807060787", "400003456604", "9314807008154"], "isAvailable": true, "categoryIds": ["health-beauty"]}, {"id": "c3287434p", "store": "coles", "name": "Men's Ultivite Multivitamin", "brand": "Swisse", "price": 10, "orgPrice": 20, "imagePath": "https://shop.coles.com.au/wcsstore/Coles-CAS/images/3/2/8/3287434.jpg", "cupPrice": "$0.33 per 1ea", "unit": "ea", "packageSize": "30 pack", "barcode": null, "isAvailable": true, "categoryIds": ["health-beauty"]}, {"id": "c3287456p", "store": "coles", "name": "Women's Ultivite Multivitamin 30 Tablets", "brand": "Swisse", "price": 10, "orgPrice": 20, "imagePath": "https://shop.coles.com.au/wcsstore/Coles-CAS/images/3/2/8/3287456.jpg", "cupPrice": "$10.00 per 1ea", "unit": "ea", "packageSize": "1 pack", "barcode": null, "isAvailable": true, "categoryIds": ["health-beauty"]}, {"id": "c3468870p-9311770601788", "store": "coles", "name": "Ultinatal Breastfeeding Support Tablets", "brand": "Swisse", "price": 14.5, "orgPrice": 29, "imagePath": "https://shop.coles.com.au/wcsstore/Coles-CAS/images/3/4/6/3468870.jpg", "cupPrice": "$0.16 per 1ea", "unit": "ea", "packageSize": "90 pack", "barcode": ["9311770601788"], "isAvailable": true, "categoryIds": ["health-beauty"]}, {"id": "c2911745p-9311770591676", "store": "coles", "name": "Ultiboost Mega B + Tablets", "brand": "Swisse", "price": 21, "orgPrice": 42, "imagePath": "https://shop.coles.com.au/wcsstore/Coles-CAS/images/2/9/1/2911745.jpg", "cupPrice": "$35.00 per 100ea", "unit": "ea", "packageSize": "60 pack", "barcode": ["9311770591676"], "isAvailable": true, "categoryIds": ["health-beauty"]}, {"id": "c7588159p-9314807022778", "store": "coles", "name": "Protein Figure Vanilla Powder", "brand": "Nature's Way", "price": 13, "orgPrice": 26, "imagePath": "https://shop.coles.com.au/wcsstore/Coles-CAS/images/7/5/8/7588159.jpg", "cupPrice": "$3.25 per 100g", "unit": "ea", "packageSize": "400g", "barcode": ["9314807022778"], "isAvailable": true, "categoryIds": ["health-beauty"]}, {"id": "c3516848p-9327693000485", "store": "coles", "name": "Signature Cleansing Hand Wash", "brand": "Sukin", "price": 8.97, "orgPrice": 17.95, "imagePath": "https://shop.coles.com.au/wcsstore/Coles-CAS/images/3/5/1/3516848.jpg", "cupPrice": "$8.97 per 1l", "unit": "ea", "packageSize": "1l", "barcode": ["9327693000485"], "isAvailable": true, "categoryIds": ["health-beauty"]}, {"id": "c3516724p-9327693000140", "store": "coles", "name": "Signature Cleansing Hand Wash", "brand": "Sukin", "price": 4.97, "orgPrice": 9.95, "imagePath": "https://shop.coles.com.au/wcsstore/Coles-CAS/images/3/5/1/3516724.jpg", "cupPrice": "$0.99 per 100ml", "unit": "ea", "packageSize": "500ml", "barcode": ["9327693000140", "9327693007170"], "isAvailable": true, "categoryIds": ["health-beauty"]}, {"id": "c6811527p-9325344001751", "store": "coles", "name": "Ultra Thin with Wings Regular Pads", "brand": "Libra", "price": 2.1, "orgPrice": null, "imagePath": "https://shop.coles.com.au/wcsstore/Coles-CAS/images/6/8/1/6811527.jpg", "cupPrice": "$0.15 per 1ea", "unit": "ea", "packageSize": "14 pack", "barcode": ["9325344001751", "9310004342312"], "isAvailable": true, "categoryIds": ["health-beauty"]}, {"id": "c6913742p-4902430734936", "store": "coles", "name": "Regenerist Advanced Anti-Ageing Micro-Sculpting Face Cream", "brand": "Olay", "price": 24.5, "orgPrice": 49, "imagePath": "https://shop.coles.com.au/wcsstore/Coles-CAS/images/6/9/1/6913742.jpg", "cupPrice": "$49.00 per 100g", "unit": "ea", "packageSize": "50g", "barcode": ["4902430734936", "75609019326", "075609019326", "4902430367042"], "isAvailable": true, "categoryIds": ["health-beauty"]}, {"id": "c5531401p-9310004342268", "store": "coles", "name": "Goodnights Extra Long with Wings Pads", "brand": "Libra", "price": 2.1, "orgPrice": null, "imagePath": "https://shop.coles.com.au/wcsstore/Coles-CAS/images/5/5/3/5531401.jpg", "cupPrice": "$0.21 per 1ea", "unit": "ea", "packageSize": "10 pack", "barcode": ["9310004342268", "9325344001690"], "isAvailable": true, "categoryIds": ["health-beauty"]}, {"id": "c9131391p-9311770590006", "store": "coles", "name": "Ultiboost Magnesium Tablets", "brand": "Swisse", "price": 17.5, "orgPrice": 35, "imagePath": "https://shop.coles.com.au/wcsstore/Coles-CAS/images/9/1/3/9131391.jpg", "cupPrice": "$14.58 per 100ea", "unit": "ea", "packageSize": "120 pack", "barcode": ["9311770590006"], "isAvailable": true, "categoryIds": ["health-beauty"]}, {"id": "c1651354p-4902430558730", "store": "coles", "name": "Regenerist Micro-Sculpting Night Face Cream Moisturiser", "brand": "Olay", "price": 24.5, "orgPrice": 49, "imagePath": "https://shop.coles.com.au/wcsstore/Coles-CAS/images/1/6/5/1651354.jpg", "cupPrice": "$49.00 per 100g", "unit": "ea", "packageSize": "50g", "barcode": ["4902430558730", "4902430735087", "4902430585538"], "isAvailable": true, "categoryIds": ["health-beauty"]}, {"id": "c4920339p-5011451103979", "store": "coles", "name": "Cleansing Facial Wipes", "brand": "Simple", "price": 3.75, "orgPrice": 7.5, "imagePath": "https://shop.coles.com.au/wcsstore/Coles-CAS/images/4/9/2/4920339.jpg", "cupPrice": "$0.15 per 1ea", "unit": "ea", "packageSize": "25 pack", "barcode": ["5011451103979"], "isAvailable": true, "categoryIds": ["health-beauty"]}, {"id": "c6889761p-4902430359818", "store": "coles", "name": "Total Effects 7 in One Touch of Foundation BB Cr\u00e8me Face Cream SPF 15", "brand": "Olay", "price": 16.75, "orgPrice": 33.5, "imagePath": "https://shop.coles.com.au/wcsstore/Coles-CAS/images/6/8/8/6889761.jpg", "cupPrice": "$33.50 per 100g", "unit": "ea", "packageSize": "50g", "barcode": ["4902430359818", "4902430182003"], "isAvailable": true, "categoryIds": ["health-beauty"]}, {"id": "c9114268p-9314807025786", "store": "coles", "name": "Vita Gummies Vitamin C", "brand": "Nature's Way", "price": 10, "orgPrice": 20, "imagePath": "https://shop.coles.com.au/wcsstore/Coles-CAS/images/9/1/1/9114268.jpg", "cupPrice": "$8.33 per 100ea", "unit": "ea", "packageSize": "120 pack", "barcode": ["9314807025786"], "isAvailable": true, "categoryIds": ["health-beauty"]}, {"id": "c3552149p-9327693008436", "store": "coles", "name": "Lime & Coconut Cleansing Hand Wash", "brand": "Sukin", "price": 4.97, "orgPrice": 9.95, "imagePath": "https://shop.coles.com.au/wcsstore/Coles-CAS/images/3/5/5/3552149.jpg", "cupPrice": "$0.99 per 100ml", "unit": "ea", "packageSize": "500ml", "barcode": ["9327693008436", "9327693008412"], "isAvailable": true, "categoryIds": ["health-beauty"]}, {"id": "c6685987p-9325344001232", "store": "coles", "name": "Maternity Extra Long with Wings Pads", "brand": "Libra", "price": 2.1, "orgPrice": null, "imagePath": "https://shop.coles.com.au/wcsstore/Coles-CAS/images/6/6/8/6685987.jpg", "cupPrice": "$0.21 per 1ea", "unit": "ea", "packageSize": "10 pack", "barcode": ["9325344001232"], "isAvailable": true, "categoryIds": ["health-beauty"]}, {"id": "c5998138p-4902430360111", "store": "coles", "name": "Total Effects 7 In One Normal Day Face Cream SPF 15", "brand": "Olay", "price": 16.75, "orgPrice": 33.5, "imagePath": "https://shop.coles.com.au/wcsstore/Coles-CAS/images/5/9/9/5998138.jpg", "cupPrice": "$33.50 per 100g", "unit": "ea", "packageSize": "50g", "barcode": ["4902430360111", "4902430051231"], "isAvailable": true, "categoryIds": ["health-beauty"]}, {"id": "c2350273p-4902430644266", "store": "coles", "name": "Clean & Balanced Shampoo", "brand": "Head & Shoulders", "price": 6, "orgPrice": 12, "imagePath": "https://shop.coles.com.au/wcsstore/Coles-CAS/images/2/3/5/2350273.jpg", "cupPrice": "$0.97 per 100ml", "unit": "ea", "packageSize": "620ml", "barcode": ["4902430644266"], "isAvailable": true, "categoryIds": ["health-beauty"]}, {"id": "c2869456p", "store": "coles", "name": "High Strength C", "brand": "Swisse", "price": 20, "orgPrice": 40, "imagePath": "https://shop.coles.com.au/wcsstore/Coles-CAS/images/2/8/6/2869456.jpg", "cupPrice": "$0.13 per 1ea", "unit": "ea", "packageSize": "150 pack", "barcode": null, "isAvailable": true, "categoryIds": ["health-beauty"]}, {"id": "c2994050p-9327693000225", "store": "coles", "name": "Signature Botanical Body Wash", "brand": "Sukin", "price": 8.97, "orgPrice": 17.95, "imagePath": "https://shop.coles.com.au/wcsstore/Coles-CAS/images/2/9/9/2994050.jpg", "cupPrice": "$8.97 per 1l", "unit": "ea", "packageSize": "1l", "barcode": ["9327693000225"], "isAvailable": true, "categoryIds": ["health-beauty"]}, {"id": "c69696p-9300618553105", "store": "coles", "name": "Moisturising Cream", "brand": "Olay", "price": 6.5, "orgPrice": 13, "imagePath": "https://shop.coles.com.au/wcsstore/Coles-CAS/images/6/9/6/69696.jpg", "cupPrice": "$6.50 per 100g", "unit": "ea", "packageSize": "100g", "barcode": ["9300618553105"], "isAvailable": true, "categoryIds": ["health-beauty"]}, {"id": "c9114075p-9314807025533", "store": "coles", "name": "Vita Gummies 120 Multivitamins Pastilles", "brand": "Nature's Way", "price": 10, "orgPrice": 20, "imagePath": "https://shop.coles.com.au/wcsstore/Coles-CAS/images/9/1/1/9114075.jpg", "cupPrice": "$10.00 per 1ea", "unit": "ea", "packageSize": "1 pack", "barcode": ["9314807025533"], "isAvailable": true, "categoryIds": ["health-beauty"]}, {"id": "c9114235p-5012254050132", "store": "coles", "name": "Blemish Control Apricot Scrub", "brand": "St Ives", "price": 5, "orgPrice": 10, "imagePath": "https://shop.coles.com.au/wcsstore/Coles-CAS/images/9/1/1/9114235.jpg", "cupPrice": "$3.33 per 100ml", "unit": "ea", "packageSize": "150ml", "barcode": ["5012254050132"], "isAvailable": true, "categoryIds": ["health-beauty"]}, {"id": "c2265775p-9314807046408", "store": "coles", "name": "Women's Vita Gummies Multivitamins", "brand": "Nature's Way", "price": 10, "orgPrice": 20, "imagePath": "https://shop.coles.com.au/wcsstore/Coles-CAS/images/2/2/6/2265775.jpg", "cupPrice": "$10.00 per 100ea", "unit": "ea", "packageSize": "100 pack", "barcode": ["9314807046408"], "isAvailable": true, "categoryIds": ["health-beauty"]}, {"id": "c2686026p-9325344002802", "store": "coles", "name": "Ultra Thins Regular Pads", "brand": "Libra", "price": 2.1, "orgPrice": null, "imagePath": "https://shop.coles.com.au/wcsstore/Coles-CAS/images/2/6/8/2686026.jpg", "cupPrice": "$0.15 per 1ea", "unit": "ea", "packageSize": "14 pack", "barcode": ["9325344002802"], "isAvailable": true, "categoryIds": ["health-beauty"]}, {"id": "c8099067p-9311770588843", "store": "coles", "name": "Ultiboost Odourless Wild Fish Oil 1000mg Capsules", "brand": "Swisse", "price": 14, "orgPrice": 28, "imagePath": "https://shop.coles.com.au/wcsstore/Coles-CAS/images/8/0/9/8099067.jpg", "cupPrice": "$3.50 per 100ea", "unit": "ea", "packageSize": "400 pack", "barcode": ["9311770588843"], "isAvailable": true, "categoryIds": ["health-beauty"]}, {"id": "c8146305p-9325344000082", "store": "coles", "name": "Girl Regular Pads With Wings", "brand": "Libra", "price": 2.1, "orgPrice": null, "imagePath": "https://shop.coles.com.au/wcsstore/Coles-CAS/images/8/1/4/8146305.jpg", "cupPrice": "$0.18 per 1ea", "unit": "ea", "packageSize": "12 pack", "barcode": ["9325344000082"], "isAvailable": true, "categoryIds": ["health-beauty"]}, {"id": "c6940778p-9311770587617", "store": "coles", "name": "Ultiboost Sleep Tablets", "brand": "Swisse", "price": 11, "orgPrice": 22, "imagePath": "https://shop.coles.com.au/wcsstore/Coles-CAS/images/6/9/4/6940778.jpg", "cupPrice": "$18.33 per 100ea", "unit": "ea", "packageSize": "60 pack", "barcode": ["9311770587617"], "isAvailable": true, "categoryIds": ["health-beauty"]}, {"id": "c6811505p-9310004342329", "store": "coles", "name": "Ultra Thins Super with Wings Pads", "brand": "Libra", "price": 2.1, "orgPrice": null, "imagePath": "https://shop.coles.com.au/wcsstore/Coles-CAS/images/6/8/1/6811505.jpg", "cupPrice": "$0.18 per 1ea", "unit": "ea", "packageSize": "12 pack", "barcode": ["9310004342329", "9325344001768"], "isAvailable": true, "categoryIds": ["health-beauty"]}, {"id": "c4919930p-400001240717", "store": "coles", "name": "Regenerist Advanced Anti-Ageing Revitalising Night Face Cream", "brand": "Olay", "price": 16.75, "orgPrice": 33.5, "imagePath": "https://shop.coles.com.au/wcsstore/Coles-CAS/images/4/9/1/4919930.jpg", "cupPrice": "$33.50 per 100g", "unit": "ea", "packageSize": "50g", "barcode": ["400001240717", "4902430937009", "4902430735001", "4902430433617"], "isAvailable": true, "categoryIds": ["health-beauty"]}, {"id": "c1168762p-4902430469852", "store": "coles", "name": "Regenerist Advanced Anti-Ageing Micro-Sculpting UV Day Face Cream SPF 30", "brand": "Olay", "price": 24.5, "orgPrice": 49, "imagePath": "https://shop.coles.com.au/wcsstore/Coles-CAS/images/1/1/6/1168762.jpg", "cupPrice": "$49.00 per 100ml", "unit": "ea", "packageSize": "50ml", "barcode": ["4902430469852", "4902430529938"], "isAvailable": true, "categoryIds": ["health-beauty"]}, {"id": "c8536853p-9325344000129", "store": "coles", "name": "Ultra Thin Pads Goodnights With Wings", "brand": "Libra", "price": 2.1, "orgPrice": null, "imagePath": "https://shop.coles.com.au/wcsstore/Coles-CAS/images/8/5/3/8536853.jpg", "cupPrice": "$0.21 per 1ea", "unit": "ea", "packageSize": "10 pack", "barcode": ["9325344000129"], "isAvailable": true, "categoryIds": ["health-beauty"]}, {"id": "c2564415p-9314807052003", "store": "coles", "name": "Vita Gummies Hair- Skin & Nails", "brand": "Nature's Way", "price": 10, "orgPrice": 20, "imagePath": "https://shop.coles.com.au/wcsstore/Coles-CAS/images/2/5/6/2564415.jpg", "cupPrice": "$16.67 per 100ea", "unit": "ea", "packageSize": "60 pack", "barcode": ["9314807052003"], "isAvailable": true, "categoryIds": ["health-beauty"]}, {"id": "c2868817p-9311770597500", "store": "coles", "name": "Ultiboost Glucosamine Sulfate Tablets", "brand": "Swisse", "price": 21, "orgPrice": 42, "imagePath": "https://shop.coles.com.au/wcsstore/Coles-CAS/images/2/8/6/2868817.jpg", "cupPrice": "$0.12 per 1ea", "unit": "ea", "packageSize": "180 pack", "barcode": ["9311770597500"], "isAvailable": true, "categoryIds": ["health-beauty"]}, {"id": "c6811491p-9310004342336", "store": "coles", "name": "Regular with Wings Pads", "brand": "Libra", "price": 2.1, "orgPrice": null, "imagePath": "https://shop.coles.com.au/wcsstore/Coles-CAS/images/6/8/1/6811491.jpg", "cupPrice": "$0.15 per 1ea", "unit": "ea", "packageSize": "14 pack", "barcode": ["9310004342336", "9325344000471", "9325344001737"], "isAvailable": true, "categoryIds": ["health-beauty"]}, {"id": "c5293540p-4902430986717", "store": "coles", "name": "Complete UV Protection Normal To Dry Skin Moisturiser Lotion SPF 15+", "brand": "Olay", "price": 7.7, "orgPrice": 15.4, "imagePath": "https://shop.coles.com.au/wcsstore/Coles-CAS/images/5/2/9/5293540.jpg", "cupPrice": "$5.13 per 100ml", "unit": "ea", "packageSize": "150ml", "barcode": ["4902430986717"], "isAvailable": true, "categoryIds": ["health-beauty"]}, {"id": "c5398582p-9300632067091", "store": "coles", "name": "360 Degree Value Pack Medium Toothbrush", "brand": "Colgate", "price": 4, "orgPrice": 8, "imagePath": "https://shop.coles.com.au/wcsstore/Coles-CAS/images/5/3/9/5398582.jpg", "cupPrice": "$2.00 per 1ea", "unit": "ea", "packageSize": "2 pack", "barcode": ["9300632067091"], "isAvailable": true, "categoryIds": ["health-beauty"]}, {"id": "c5293529p-4902430951432", "store": "coles", "name": "Complete UV Protection Sensitive Moisturiser Lotion SPF 15+", "brand": "Olay", "price": 7.7, "orgPrice": 15.4, "imagePath": "https://shop.coles.com.au/wcsstore/Coles-CAS/images/5/2/9/5293529.jpg", "cupPrice": "$5.13 per 100ml", "unit": "ea", "packageSize": "150ml", "barcode": ["4902430951432", "400003159048"], "isAvailable": true, "categoryIds": ["health-beauty"]}, {"id": "c2350284p-4902430644273", "store": "coles", "name": "Smooth & Silky Conditioner", "brand": "Head & Shoulders", "price": 6, "orgPrice": 12, "imagePath": "https://shop.coles.com.au/wcsstore/Coles-CAS/images/2/3/5/2350284.jpg", "cupPrice": "$0.97 per 100ml", "unit": "ea", "packageSize": "620ml", "barcode": ["4902430644273"], "isAvailable": true, "categoryIds": ["health-beauty"]}, {"id": "c2350320p-4902430644310", "store": "coles", "name": "Smooth & Silky Shampoo", "brand": "Head & Shoulders", "price": 6, "orgPrice": 12, "imagePath": "https://shop.coles.com.au/wcsstore/Coles-CAS/images/2/3/5/2350320.jpg", "cupPrice": "$0.97 per 100ml", "unit": "ea", "packageSize": "620ml", "barcode": ["4902430644310"], "isAvailable": true, "categoryIds": ["health-beauty"]}, {"id": "c3128689p", "store": "coles", "name": "White Accelerator Blue Light Teeth Whitening System", "brand": "White Glo", "price": 17.5, "orgPrice": 35, "imagePath": "https://shop.coles.com.au/wcsstore/Coles-CAS/images/3/1/2/3128689.jpg", "cupPrice": "$17.50 per 1ea", "unit": "ea", "packageSize": "1 pack", "barcode": null, "isAvailable": true, "categoryIds": ["health-beauty"]}, {"id": "c6005700p-9300632069125", "store": "coles", "name": "360 Degree Value Pack Soft Toothbrush", "brand": "Colgate", "price": 4, "orgPrice": 8, "imagePath": "https://shop.coles.com.au/wcsstore/Coles-CAS/images/6/0/0/6005700.jpg", "cupPrice": "$2.00 per 1ea", "unit": "ea", "packageSize": "2 pack", "barcode": ["9300632069125"], "isAvailable": true, "categoryIds": ["health-beauty"]}, {"id": "c5984789p-4902430129411", "store": "coles", "name": "Total Effects Foaming Cleanser", "brand": "Olay", "price": 6.5, "orgPrice": 13, "imagePath": "https://shop.coles.com.au/wcsstore/Coles-CAS/images/5/9/8/5984789.jpg", "cupPrice": "$6.50 per 100g", "unit": "ea", "packageSize": "100g", "barcode": ["4902430129411"], "isAvailable": true, "categoryIds": ["health-beauty"]}, {"id": "c2859044p-4902430719582", "store": "coles", "name": "Eyes Pro-Retinol Anti-Ageing Eye Cream Treatment", "brand": "Olay", "price": 24.5, "orgPrice": 49, "imagePath": "https://shop.coles.com.au/wcsstore/Coles-CAS/images/2/8/5/2859044.jpg", "cupPrice": "$163.34 per 100ml", "unit": "ea", "packageSize": "15ml", "barcode": ["4902430719582"], "isAvailable": true, "categoryIds": ["health-beauty"]}, {"id": "c7514866p-9311770588492", "store": "coles", "name": "Ultiboost Vitamin D Capsules", "brand": "Swisse", "price": 5.5, "orgPrice": 11, "imagePath": "https://shop.coles.com.au/wcsstore/Coles-CAS/images/7/5/1/7514866.jpg", "cupPrice": "$9.17 per 100ea", "unit": "ea", "packageSize": "60 pack", "barcode": ["9311770588492"], "isAvailable": true, "categoryIds": ["health-beauty"]}, {"id": "c4920882p-5011451103931", "store": "coles", "name": "Light Moisturiser", "brand": "Simple", "price": 5.25, "orgPrice": 10.5, "imagePath": "https://shop.coles.com.au/wcsstore/Coles-CAS/images/4/9/2/4920882.jpg", "cupPrice": "$4.20 per 100ml", "unit": "ea", "packageSize": "125ml", "barcode": ["5011451103931"], "isAvailable": true, "categoryIds": ["health-beauty"]}, {"id": "c5037201p-9300618556519", "store": "coles", "name": "Sensitive Skin Moisturiser Cream", "brand": "Olay", "price": 6.5, "orgPrice": 13, "imagePath": "https://shop.coles.com.au/wcsstore/Coles-CAS/images/5/0/3/5037201.jpg", "cupPrice": "$6.50 per 100g", "unit": "ea", "packageSize": "100g", "barcode": ["9300618556519", "4902430497190"], "isAvailable": true, "categoryIds": ["health-beauty"]}, {"id": "c148850p-4902430116275", "store": "coles", "name": "Moisturising Lotion", "brand": "Olay", "price": 6.5, "orgPrice": 13, "imagePath": "https://shop.coles.com.au/wcsstore/Coles-CAS/images/1/4/8/148850.jpg", "cupPrice": "$4.33 per 100ml", "unit": "ea", "packageSize": "150ml", "barcode": ["4902430116275", "9300618551774"], "isAvailable": true, "categoryIds": ["health-beauty"]}, {"id": "c9245969p-4902430359733", "store": "coles", "name": "Total Effects 7 in One UV Protection Gentle Day Face Cream SPF 15", "brand": "Olay", "price": 16.75, "orgPrice": 33.5, "imagePath": "https://shop.coles.com.au/wcsstore/Coles-CAS/images/9/2/4/9245969.jpg", "cupPrice": "$33.50 per 100g", "unit": "ea", "packageSize": "50g", "barcode": ["4902430359733", "020800307703", "20800307703", "4902430033718", "4902430949477"], "isAvailable": true, "categoryIds": ["health-beauty"]}, {"id": "c2686004p-9325344002710", "store": "coles", "name": "Extra Regular Pads", "brand": "Libra", "price": 2.1, "orgPrice": null, "imagePath": "https://shop.coles.com.au/wcsstore/Coles-CAS/images/2/6/8/2686004.jpg", "cupPrice": "$0.15 per 1ea", "unit": "ea", "packageSize": "14 pack", "barcode": ["9325344002710", "9325344003052"], "isAvailable": true, "categoryIds": ["health-beauty"]}, {"id": "c7514979p-9311770588584", "store": "coles", "name": "Ultiboost Liver Detox Tablets", "brand": "Swisse", "price": 10.6, "orgPrice": 21.2, "imagePath": "https://shop.coles.com.au/wcsstore/Coles-CAS/images/7/5/1/7514979.jpg", "cupPrice": "$17.67 per 100ea", "unit": "ea", "packageSize": "60 pack", "barcode": ["9311770588584"], "isAvailable": true, "categoryIds": ["health-beauty"]}, {"id": "c1216253p-9314807069193", "store": "coles", "name": "Vita Gummies Daily Fibre Vitamins", "brand": "Nature's Way", "price": 10, "orgPrice": 20, "imagePath": "https://shop.coles.com.au/wcsstore/Coles-CAS/images/1/2/1/1216253.jpg", "cupPrice": "$9.09 per 100ea", "unit": "ea", "packageSize": "110 pack", "barcode": ["9314807069193", "9314807025762"], "isAvailable": true, "categoryIds": ["health-beauty"]}, {"id": "c3445499p-8717163687611", "store": "coles", "name": "Kind To Skin Biodegradable Facial Wipes", "brand": "Simple", "price": 3.75, "orgPrice": 7.5, "imagePath": "https://shop.coles.com.au/wcsstore/Coles-CAS/images/3/4/4/3445499.jpg", "cupPrice": "$0.15 per 1ea", "unit": "ea", "packageSize": "25 each", "barcode": ["8717163687611"], "isAvailable": true, "categoryIds": ["health-beauty"]}, {"id": "c6279818p-9311770587259", "store": "coles", "name": "Ultivite Women's 50+ Multi Vitamins", "brand": "Swisse", "price": 18, "orgPrice": 36, "imagePath": "https://shop.coles.com.au/wcsstore/Coles-CAS/images/6/2/7/6279818.jpg", "cupPrice": "$30.00 per 100ea", "unit": "ea", "packageSize": "60 pack", "barcode": ["9311770587259"], "isAvailable": true, "categoryIds": ["health-beauty"]}, {"id": "c6280464p-93388139", "store": "coles", "name": "Men's Ultivite Multi Vitamin Tablets", "brand": "Swisse", "price": 14.5, "orgPrice": 29, "imagePath": "https://shop.coles.com.au/wcsstore/Coles-CAS/images/6/2/8/6280464.jpg", "cupPrice": "$24.17 per 100ea", "unit": "ea", "packageSize": "60 pack", "barcode": ["93388139"], "isAvailable": true, "categoryIds": ["health-beauty"]}, {"id": "c9120329p-9311770589666", "store": "coles", "name": "Ultiboost Zinc+ Tablets", "brand": "Swisse", "price": 8.1, "orgPrice": 16.2, "imagePath": "https://shop.coles.com.au/wcsstore/Coles-CAS/images/9/1/2/9120329.jpg", "cupPrice": "$13.50 per 100ea", "unit": "ea", "packageSize": "60 pack", "barcode": ["9311770589666"], "isAvailable": true, "categoryIds": ["health-beauty"]}, {"id": "c3036059p-9325344002994", "store": "coles", "name": "Invisible Sport Regular Pads With Wings", "brand": "Libra", "price": 2.3, "orgPrice": 4.6, "imagePath": "https://shop.coles.com.au/wcsstore/Coles-CAS/images/3/0/3/3036059.jpg", "cupPrice": "$0.19 per 1ea", "unit": "ea", "packageSize": "12 pack", "barcode": ["9325344002994"], "isAvailable": true, "categoryIds": ["health-beauty"]}, {"id": "c3301546p-9325344002116", "store": "coles", "name": "Girl Goodnight Pads With Wings", "brand": "Libra", "price": 2, "orgPrice": 4, "imagePath": "https://shop.coles.com.au/wcsstore/Coles-CAS/images/3/3/0/3301546.jpg", "cupPrice": "$0.20 per 1ea", "unit": "ea", "packageSize": "10 pack", "barcode": ["9325344002116"], "isAvailable": true, "categoryIds": ["health-beauty"]}, {"id": "c2994618p-9327693000430", "store": "coles", "name": "Signature Botanical Body Wash", "brand": "Sukin", "price": 4.97, "orgPrice": 9.95, "imagePath": "https://shop.coles.com.au/wcsstore/Coles-CAS/images/2/9/9/2994618.jpg", "cupPrice": "$0.99 per 100ml", "unit": "ea", "packageSize": "500ml", "barcode": ["9327693000430"], "isAvailable": true, "categoryIds": ["health-beauty"]}, {"id": "c6811480p-9310004342343", "store": "coles", "name": "Extra Super with Wings Pads", "brand": "Libra", "price": 2.1, "orgPrice": null, "imagePath": "https://shop.coles.com.au/wcsstore/Coles-CAS/images/6/8/1/6811480.jpg", "cupPrice": "$0.18 per 1ea", "unit": "ea", "packageSize": "12 pack", "barcode": ["9310004342343", "9325344000488"], "isAvailable": true, "categoryIds": ["health-beauty"]}, {"id": "c7514902p-9311770588508", "store": "coles", "name": "Ultiboost Magnesium Tablets", "brand": "Swisse", "price": 10.5, "orgPrice": 21, "imagePath": "https://shop.coles.com.au/wcsstore/Coles-CAS/images/7/5/1/7514902.jpg", "cupPrice": "$17.50 per 100ea", "unit": "ea", "packageSize": "60 pack", "barcode": ["9311770588508"], "isAvailable": true, "categoryIds": ["health-beauty"]}, {"id": "c6280475p-93454117", "store": "coles", "name": "Ultivite Women's Formula 1 Multi Vitamins", "brand": "Swisse", "price": 14.5, "orgPrice": 29, "imagePath": "https://shop.coles.com.au/wcsstore/Coles-CAS/images/6/2/8/6280475.jpg", "cupPrice": "$24.17 per 100ea", "unit": "ea", "packageSize": "60 pack", "barcode": ["93454117"], "isAvailable": true, "categoryIds": ["health-beauty"]}, {"id": "c9925861p-9314807026981", "store": "coles", "name": "Vita Gummies Vitamin D3 1000iu", "brand": "Nature's Way", "price": 10.5, "orgPrice": 21, "imagePath": "https://shop.coles.com.au/wcsstore/Coles-CAS/images/9/9/2/9925861.jpg", "cupPrice": "$8.75 per 100ea", "unit": "ea", "packageSize": "120 pack", "barcode": ["9314807026981"], "isAvailable": true, "categoryIds": ["health-beauty"]}, {"id": "c3509365p-8850006480830", "store": "coles", "name": "Luminous Oils Coconut Oil With Frangipani Body Wash", "brand": "Palmolive", "price": 3, "orgPrice": 6, "imagePath": "https://shop.coles.com.au/wcsstore/Coles-CAS/images/3/5/0/3509365.jpg", "cupPrice": "$0.75 per 100ml", "unit": "ea", "packageSize": "400ml", "barcode": ["8850006480830", "8850006480878"], "isAvailable": true, "categoryIds": ["health-beauty"]}, {"id": "c3730429p-4902430917681", "store": "coles", "name": "Eyes Retinol 24 Night Rye Cream", "brand": "Olay", "price": 30, "orgPrice": 60, "imagePath": "https://shop.coles.com.au/wcsstore/Coles-CAS/images/3/7/3/3730429.jpg", "cupPrice": "$200.01 per 100ml", "unit": "ea", "packageSize": "15ml", "barcode": ["4902430917681"], "isAvailable": true, "categoryIds": ["health-beauty"]}, {"id": "c7782628p-400003156351", "store": "coles", "name": "Provital Revitalizing Night Cream", "brand": "Olay", "price": 8.75, "orgPrice": 17.5, "imagePath": "https://shop.coles.com.au/wcsstore/Coles-CAS/images/7/7/8/7782628.jpg", "cupPrice": "$17.50 per 100g", "unit": "ea", "packageSize": "50g", "barcode": ["400003156351", "4902430483322"], "isAvailable": true, "categoryIds": ["health-beauty"]}, {"id": "c2686037p-9325344002819", "store": "coles", "name": "Ultra Thins Super Pads", "brand": "Libra", "price": 2.1, "orgPrice": null, "imagePath": "https://shop.coles.com.au/wcsstore/Coles-CAS/images/2/6/8/2686037.jpg", "cupPrice": "$0.18 per 1ea", "unit": "ea", "packageSize": "12 pack", "barcode": ["9325344002819"], "isAvailable": true, "categoryIds": ["health-beauty"]}, {"id": "c3036070p-9325344002987", "store": "coles", "name": "Invisible Sport Regular Pads", "brand": "Libra", "price": 2.3, "orgPrice": 4.6, "imagePath": "https://shop.coles.com.au/wcsstore/Coles-CAS/images/3/0/3/3036070.jpg", "cupPrice": "$0.19 per 1ea", "unit": "ea", "packageSize": "12 pack", "barcode": ["9325344002987"], "isAvailable": true, "categoryIds": ["health-beauty"]}, {"id": "c3731997p-9300830053407", "store": "coles", "name": "Energising Coconut & Coffee Scrub", "brand": "St Ives", "price": 5, "orgPrice": 10, "imagePath": "https://shop.coles.com.au/wcsstore/Coles-CAS/images/3/7/3/3731997.jpg", "cupPrice": "$3.57 per 100ml", "unit": "ea", "packageSize": "140ml", "barcode": ["9300830053407"], "isAvailable": true, "categoryIds": ["health-beauty"]}, {"id": "c7204235p-4902430240604", "store": "coles", "name": "Regenerist Cream Cleanser", "brand": "Olay", "price": 8.7, "orgPrice": 17.4, "imagePath": "https://shop.coles.com.au/wcsstore/Coles-CAS/images/7/2/0/7204235.jpg", "cupPrice": "$8.70 per 100g", "unit": "ea", "packageSize": "100g", "barcode": ["4902430240604"], "isAvailable": true, "categoryIds": ["health-beauty"]}, {"id": "c9114086p-9314807025779", "store": "coles", "name": "Vita Gummies Omega 3", "brand": "Nature's Way", "price": 10, "orgPrice": 20, "imagePath": "https://shop.coles.com.au/wcsstore/Coles-CAS/images/9/1/1/9114086.jpg", "cupPrice": "$9.09 per 100ea", "unit": "ea", "packageSize": "110 pack", "barcode": ["9314807025779", "9314807066703"], "isAvailable": true, "categoryIds": ["health-beauty"]}, {"id": "c2350240p-4902430644259", "store": "coles", "name": "Apple Fresh Shampoo", "brand": "Head & Shoulders", "price": 6, "orgPrice": 12, "imagePath": "https://shop.coles.com.au/wcsstore/Coles-CAS/images/2/3/5/2350240.jpg", "cupPrice": "$0.97 per 100ml", "unit": "ea", "packageSize": "620ml", "barcode": ["4902430644259"], "isAvailable": true, "categoryIds": ["health-beauty"]}, {"id": "c2350310p-4902430644303", "store": "coles", "name": "Itchy Scalp Care Shampoo", "brand": "Head & Shoulders", "price": 6, "orgPrice": 12, "imagePath": "https://shop.coles.com.au/wcsstore/Coles-CAS/images/2/3/5/2350310.jpg", "cupPrice": "$0.97 per 100ml", "unit": "ea", "packageSize": "620ml", "barcode": ["4902430644303"], "isAvailable": true, "categoryIds": ["health-beauty"]}, {"id": "c3469260p-93555166", "store": "coles", "name": "Ultibiotic Daily Digestive Probiotic 30 Capsules", "brand": "Swisse", "price": 16, "orgPrice": 32, "imagePath": "https://shop.coles.com.au/wcsstore/Coles-CAS/images/3/4/6/3469260.jpg", "cupPrice": "$16.00 per 1ea", "unit": "ea", "packageSize": "1 pack", "barcode": ["93555166"], "isAvailable": true, "categoryIds": ["health-beauty"]}, {"id": "c3569742p-4902430734066", "store": "coles", "name": "Regenerist Luminous Serum", "brand": "Olay", "price": 26.5, "orgPrice": 53, "imagePath": "https://shop.coles.com.au/wcsstore/Coles-CAS/images/3/5/6/3569742.jpg", "cupPrice": "$88.34 per 100ml", "unit": "ea", "packageSize": "30ml", "barcode": ["4902430734066"], "isAvailable": true, "categoryIds": ["health-beauty"]}, {"id": "c2350295p-4902430644280", "store": "coles", "name": "Dry Scalp Shampoo", "brand": "Head & Shoulders", "price": 6, "orgPrice": 12, "imagePath": "https://shop.coles.com.au/wcsstore/Coles-CAS/images/2/3/5/2350295.jpg", "cupPrice": "$0.97 per 100ml", "unit": "ea", "packageSize": "620ml", "barcode": ["4902430644280"], "isAvailable": true, "categoryIds": ["health-beauty"]}, {"id": "c3447406p-8710447474419", "store": "coles", "name": "Daily Skin Detox Purifying Facial Cleanser", "brand": "Simple", "price": 5.5, "orgPrice": 11, "imagePath": "https://shop.coles.com.au/wcsstore/Coles-CAS/images/3/4/4/3447406.jpg", "cupPrice": "$3.67 per 100ml", "unit": "ea", "packageSize": "150ml", "barcode": ["8710447474419"], "isAvailable": true, "categoryIds": ["health-beauty"]}, {"id": "c3468869p-93554701", "store": "coles", "name": "Ultinatal Pre-conception & Pregnancy Multivitamin 60 Capsules", "brand": "Swisse", "price": 14.5, "orgPrice": 29, "imagePath": "https://shop.coles.com.au/wcsstore/Coles-CAS/images/3/4/6/3468869.jpg", "cupPrice": "$14.50 per 1ea", "unit": "ea", "packageSize": "1 pack", "barcode": ["93554701"], "isAvailable": true, "categoryIds": ["health-beauty"]}, {"id": "c3537473p-4902430893664", "store": "coles", "name": "Magnemasks Advanced Anti Wrinkle Sheet Mask", "brand": "Olay", "price": 5.5, "orgPrice": 11, "imagePath": "https://shop.coles.com.au/wcsstore/Coles-CAS/images/3/5/3/3537473.jpg", "cupPrice": "$22.92 per 100g", "unit": "ea", "packageSize": "1 each", "barcode": ["4902430893664"], "isAvailable": true, "categoryIds": ["health-beauty"]}, {"id": "c3537462p-4902430800099", "store": "coles", "name": "Regenerist UV Whip Active Moisturiser SPF 30", "brand": "Olay", "price": 24.5, "orgPrice": 49, "imagePath": "https://shop.coles.com.au/wcsstore/Coles-CAS/images/3/5/3/3537462.jpg", "cupPrice": "$49.00 per 100g", "unit": "ea", "packageSize": "50g", "barcode": ["4902430800099"], "isAvailable": true, "categoryIds": ["health-beauty"]}, {"id": "c8944259p-075609001659", "store": "coles", "name": "Total Effects 7 in One Normal Day Face Cream", "brand": "Olay", "price": 16.75, "orgPrice": 33.5, "imagePath": "https://shop.coles.com.au/wcsstore/Coles-CAS/images/8/9/4/8944259.jpg", "cupPrice": "$33.50 per 100g", "unit": "ea", "packageSize": "50g", "barcode": ["075609001659", "4902430359764", "4902430092944"], "isAvailable": true, "categoryIds": ["health-beauty"]}, {"id": "c2620695p-9319871000783", "store": "coles", "name": "Diamond Series Whitening System", "brand": "White Glo", "price": 10, "orgPrice": 20, "imagePath": "https://shop.coles.com.au/wcsstore/Coles-CAS/images/2/6/2/2620695.jpg", "cupPrice": "$10.00 per 1ea", "unit": "ea", "packageSize": "1 pack", "barcode": ["9319871000783"], "isAvailable": true, "categoryIds": ["health-beauty"]}, {"id": "c3445568p-075609197437", "store": "coles", "name": "Brightening Eye Cream", "brand": "Olay", "price": 24.5, "orgPrice": 49, "imagePath": "https://shop.coles.com.au/wcsstore/Coles-CAS/images/3/4/4/3445568.jpg", "cupPrice": "$163.34 per 100ml", "unit": "ea", "packageSize": "15ml", "barcode": ["075609197437"], "isAvailable": true, "categoryIds": ["health-beauty"]}, {"id": "c3714331p-9327693008382", "store": "coles", "name": "Botanical Body Wash Pineapple & Coconut", "brand": "Sukin", "price": 4.97, "orgPrice": 9.95, "imagePath": "https://shop.coles.com.au/wcsstore/Coles-CAS/images/3/7/1/3714331.jpg", "cupPrice": "$0.99 per 100ml", "unit": "ea", "packageSize": "500ml", "barcode": ["9327693008382"], "isAvailable": true, "categoryIds": ["health-beauty"]}, {"id": "c5293212p-4902430979160", "store": "coles", "name": "Complete Defence Moisturising Lotion SPF 25", "brand": "Olay", "price": 7.5, "orgPrice": 15, "imagePath": "https://shop.coles.com.au/wcsstore/Coles-CAS/images/5/2/9/5293212.jpg", "cupPrice": "$10.00 per 100ml", "unit": "ea", "packageSize": "75ml", "barcode": ["4902430979160", "4902430755641"], "isAvailable": true, "categoryIds": ["health-beauty"]}, {"id": "c1167850p-4902430479561", "store": "coles", "name": "Regenerist Eye Serum Revitalising Fragrance Free", "brand": "Olay", "price": 17.5, "orgPrice": 35, "imagePath": "https://shop.coles.com.au/wcsstore/Coles-CAS/images/1/1/6/1167850.jpg", "cupPrice": "$116.67 per 100ml", "unit": "ea", "packageSize": "15ml", "barcode": ["4902430479561", "4902430529945"], "isAvailable": true, "categoryIds": ["health-beauty"]}, {"id": "c3445590p-4902430799881", "store": "coles", "name": "Regenerist Whip Active Moisturiser", "brand": "Olay", "price": 24.5, "orgPrice": 49, "imagePath": "https://shop.coles.com.au/wcsstore/Coles-CAS/images/3/4/4/3445590.jpg", "cupPrice": "$4.90 per 10g", "unit": "ea", "packageSize": "50g", "barcode": ["4902430799881"], "isAvailable": true, "categoryIds": ["health-beauty"]}, {"id": "c3469330p-9311770601719", "store": "coles", "name": "Ultiboost High Strength  Co-Enzyme Q10 300mg 90 Capsules", "brand": "Swisse", "price": 25, "orgPrice": 50, "imagePath": "https://shop.coles.com.au/wcsstore/Coles-CAS/images/3/4/6/3469330.jpg", "cupPrice": "$25.00 per 1ea", "unit": "ea", "packageSize": "1 pack", "barcode": ["9311770601719"], "isAvailable": true, "categoryIds": ["health-beauty"]}, {"id": "c3509376p-8850006480854", "store": "coles", "name": "Luminous Oils Shower Gel", "brand": "Palmolive", "price": 3, "orgPrice": 6, "imagePath": "https://shop.coles.com.au/wcsstore/Coles-CAS/images/3/5/0/3509376.jpg", "cupPrice": "$0.75 per 100ml", "unit": "ea", "packageSize": "400ml", "barcode": ["8850006480854"], "isAvailable": true, "categoryIds": ["health-beauty"]}, {"id": "c3714353p-9327693008399", "store": "coles", "name": "Botanical Body Wash Bergamot & Patchouli", "brand": "Sukin", "price": 4.97, "orgPrice": 9.95, "imagePath": "https://shop.coles.com.au/wcsstore/Coles-CAS/images/3/7/1/3714353.jpg", "cupPrice": "$0.99 per 100ml", "unit": "ea", "packageSize": "500ml", "barcode": ["9327693008399"], "isAvailable": true, "categoryIds": ["health-beauty"]}, {"id": "c2873170p-9300632088386", "store": "coles", "name": "360 Sensitive Manual Toothbrush", "brand": "Colgate", "price": 4, "orgPrice": 8, "imagePath": "https://shop.coles.com.au/wcsstore/Coles-CAS/images/2/8/7/2873170.jpg", "cupPrice": "$2.00 per 1ea", "unit": "ea", "packageSize": "2 pack", "barcode": ["9300632088386"], "isAvailable": true, "categoryIds": ["health-beauty"]}, {"id": "c3730407p-075609197451", "store": "coles", "name": "Mist Hydrating Face Spray Energizing Essence", "brand": "Olay", "price": 17.5, "orgPrice": 35, "imagePath": "https://shop.coles.com.au/wcsstore/Coles-CAS/images/3/7/3/3730407.jpg", "cupPrice": "$17.86 per 100ml", "unit": "ea", "packageSize": "98ml", "barcode": ["075609197451"], "isAvailable": true, "categoryIds": ["health-beauty"]}, {"id": "c3241502p", "store": "coles", "name": "Magnemasks Infusion Anti-Ageing Rejuvenating Starter Kit", "brand": "Olay", "price": 27.5, "orgPrice": 55, "imagePath": "https://shop.coles.com.au/wcsstore/Coles-CAS/images/3/2/4/3241502.jpg", "cupPrice": "$27.50 per 1ea", "unit": "ea", "packageSize": "1 pack", "barcode": null, "isAvailable": true, "categoryIds": ["health-beauty"]}, {"id": "c3479570p-9311770602938", "store": "coles", "name": "Ultiboost Lemon & Honey Magnesium + Sleep Powder", "brand": "Swisse", "price": 20, "orgPrice": 40, "imagePath": "https://shop.coles.com.au/wcsstore/Coles-CAS/images/3/4/7/3479570.jpg", "cupPrice": "$11.11 per 100g", "unit": "ea", "packageSize": "180g", "barcode": ["9311770602938"], "isAvailable": true, "categoryIds": ["health-beauty"]}, {"id": "c6557149p-5000394206434", "store": "coles", "name": "Ultra Alkaline AA Batteries", "brand": "Duracell", "price": 8.75, "orgPrice": 17.5, "imagePath": "https://shop.coles.com.au/wcsstore/Coles-CAS/images/6/5/5/6557149.jpg", "cupPrice": "$0.88 per 1ea", "unit": "ea", "packageSize": "10 pack", "barcode": ["5000394206434", "5000394014978", "5000394091467", "5000394003712"], "isAvailable": true, "categoryIds": ["household"]}, {"id": "c9735935p-9300615055664", "store": "coles", "name": "Super Strength Lemon Dishwashing Liquid", "brand": "Morning Fresh", "price": 3.75, "orgPrice": 7.5, "imagePath": "https://shop.coles.com.au/wcsstore/Coles-CAS/images/9/7/3/9735935.jpg", "cupPrice": "$0.42 per 100ml", "unit": "ea", "packageSize": "900ml", "barcode": ["9300615055664"], "isAvailable": true, "categoryIds": ["household"]}, {"id": "c2860768p-4015400897095", "store": "coles", "name": "Original All In One Lemon Dishwasher Tablets", "brand": "Fairy", "price": 13.3, "orgPrice": null, "imagePath": "https://shop.coles.com.au/wcsstore/Coles-CAS/images/2/8/6/2860768.jpg", "cupPrice": "$0.30 per 1ea", "unit": "ea", "packageSize": "44 pack", "barcode": ["4015400897095"], "isAvailable": true, "categoryIds": ["household"]}, {"id": "c3514740p-8001090985460", "store": "coles", "name": "Platinum Plus Lemon Dishwashing Tablets", "brand": "Fairy", "price": 17.5, "orgPrice": 35, "imagePath": "https://shop.coles.com.au/wcsstore/Coles-CAS/images/3/5/1/3514740.jpg", "cupPrice": "$0.39 per 1ea", "unit": "ea", "packageSize": "45 pack", "barcode": ["8001090985460"], "isAvailable": true, "categoryIds": ["household"]}, {"id": "c3514730p-8001090985439", "store": "coles", "name": "Platinum Plus Lemon Dishwashing Tablets", "brand": "Fairy", "price": 14.1, "orgPrice": 30, "imagePath": "https://shop.coles.com.au/wcsstore/Coles-CAS/images/3/5/1/3514730.jpg", "cupPrice": "$0.47 per 1ea", "unit": "ea", "packageSize": "30 pack", "barcode": ["8001090985439"], "isAvailable": true, "categoryIds": ["household"]}, {"id": "c3774581p-9350376003848", "store": "coles", "name": "Advanced Clean Laundry Liquid", "brand": "Cold Power", "price": 8.75, "orgPrice": 17.5, "imagePath": "https://shop.coles.com.au/wcsstore/Coles-CAS/images/3/7/7/3774581.jpg", "cupPrice": "$4.38 per 1l", "unit": "ea", "packageSize": "2l", "barcode": ["9350376003848"], "isAvailable": true, "categoryIds": ["household"]}, {"id": "c5091513p-9300615055695", "store": "coles", "name": "Super Strength Lime Fresh Dishwashing Liquid", "brand": "Morning Fresh", "price": 3.75, "orgPrice": 7.5, "imagePath": "https://shop.coles.com.au/wcsstore/Coles-CAS/images/5/0/9/5091513.jpg", "cupPrice": "$0.42 per 100ml", "unit": "ea", "packageSize": "900ml", "barcode": ["9300615055695"], "isAvailable": true, "categoryIds": ["household"]}, {"id": "c3208890p", "store": "coles", "name": "Raspberry & Crisp Apple Dishwashing Liquid", "brand": "Morning Fresh", "price": 3.75, "orgPrice": 7.5, "imagePath": "https://shop.coles.com.au/wcsstore/Coles-CAS/images/3/2/0/3208890.jpg", "cupPrice": "$0.42 per 100ml", "unit": "ea", "packageSize": "900ml", "barcode": null, "isAvailable": true, "categoryIds": ["household"]}, {"id": "c3514729p-8001090985491", "store": "coles", "name": "Platinum Plus Lemon Dishwasher Tablets", "brand": "Fairy", "price": 8, "orgPrice": 16, "imagePath": "https://shop.coles.com.au/wcsstore/Coles-CAS/images/3/5/1/3514729.jpg", "cupPrice": "$0.53 per 1ea", "unit": "ea", "packageSize": "15 pack", "barcode": ["8001090985491"], "isAvailable": true, "categoryIds": ["household"]}, {"id": "c3774923p-9350376004524", "store": "coles", "name": "Advanced Clean Laundry Powder", "brand": "Cold Power", "price": 8.75, "orgPrice": 17.5, "imagePath": "https://shop.coles.com.au/wcsstore/Coles-CAS/images/3/7/7/3774923.jpg", "cupPrice": "$4.38 per 1kg", "unit": "ea", "packageSize": "2kg", "barcode": ["9350376004524"], "isAvailable": true, "categoryIds": ["household"]}, {"id": "c7754134p-5000394091481", "store": "coles", "name": "Ultra Alkaline AAA Batteries", "brand": "Duracell", "price": 8.75, "orgPrice": 17.5, "imagePath": "https://shop.coles.com.au/wcsstore/Coles-CAS/images/7/7/5/7754134.jpg", "cupPrice": "$1.09 per 1ea", "unit": "ea", "packageSize": "8 pack", "barcode": ["5000394091481"], "isAvailable": true, "categoryIds": ["household"]}, {"id": "c9736075p-9300615055671", "store": "coles", "name": "Super Strength Original Dishwashing Liquid", "brand": "Morning Fresh", "price": 3.75, "orgPrice": 7.5, "imagePath": "https://shop.coles.com.au/wcsstore/Coles-CAS/images/9/7/3/9736075.jpg", "cupPrice": "$0.42 per 100ml", "unit": "ea", "packageSize": "900ml", "barcode": ["9300615055671"], "isAvailable": true, "categoryIds": ["household"]}, {"id": "c3774606p-9350376003923", "store": "coles", "name": "Advanced Clean Sensitive Pure Clean Laundry Liquid", "brand": "Cold Power", "price": 8.75, "orgPrice": 17.5, "imagePath": "https://shop.coles.com.au/wcsstore/Coles-CAS/images/3/7/7/3774606.jpg", "cupPrice": "$4.38 per 1l", "unit": "ea", "packageSize": "2l", "barcode": ["9350376003923"], "isAvailable": true, "categoryIds": ["household"]}, {"id": "c3774934p-9350376004579", "store": "coles", "name": "Sensitive Pure Clean Laundry Powder", "brand": "Cold Power", "price": 8.75, "orgPrice": 17.5, "imagePath": "https://shop.coles.com.au/wcsstore/Coles-CAS/images/3/7/7/3774934.jpg", "cupPrice": "$4.38 per 1kg", "unit": "ea", "packageSize": "2kg", "barcode": ["9350376004579"], "isAvailable": true, "categoryIds": ["household"]}, {"id": "c7319328p-9300632072750", "store": "coles", "name": "Soft & Sensitive Fabric Conditioner", "brand": "Cuddly", "price": 4.5, "orgPrice": 9, "imagePath": "https://shop.coles.com.au/wcsstore/Coles-CAS/images/7/3/1/7319328.jpg", "cupPrice": "$4.50 per 1l", "unit": "ea", "packageSize": "1l", "barcode": ["9300632072750"], "isAvailable": true, "categoryIds": ["household"]}, {"id": "c3035806p-9350376000199", "store": "coles", "name": "Care & Renew Laundry Liquid For Colours", "brand": "Lovables", "price": 6, "orgPrice": 12, "imagePath": "https://shop.coles.com.au/wcsstore/Coles-CAS/images/3/0/3/3035806.jpg", "cupPrice": "$4.00 per 1l", "unit": "ea", "packageSize": "1.5l", "barcode": ["9350376000199"], "isAvailable": true, "categoryIds": ["household"]}, {"id": "c3035792p-9350376000205", "store": "coles", "name": "Care & Renew Laundry Liquid For Blacks & Darks", "brand": "Lovables", "price": 6, "orgPrice": 12, "imagePath": "https://shop.coles.com.au/wcsstore/Coles-CAS/images/3/0/3/3035792.jpg", "cupPrice": "$4.00 per 1l", "unit": "ea", "packageSize": "1.5l", "barcode": ["9350376000205"], "isAvailable": true, "categoryIds": ["household"]}, {"id": "c3774592p-9350376003886", "store": "coles", "name": "Lemon Advanced Laundry Liquid", "brand": "Cold Power", "price": 8.75, "orgPrice": 17.5, "imagePath": "https://shop.coles.com.au/wcsstore/Coles-CAS/images/3/7/7/3774592.jpg", "cupPrice": "$4.38 per 1l", "unit": "ea", "packageSize": "2l", "barcode": ["9350376003886"], "isAvailable": true, "categoryIds": ["household"]}, {"id": "c3774264p-9350376003695", "store": "coles", "name": "Profession 7 In 1 Laundry Liquid", "brand": "Dynamo", "price": 6, "orgPrice": 12, "imagePath": "https://shop.coles.com.au/wcsstore/Coles-CAS/images/3/7/7/3774264.jpg", "cupPrice": "$6.67 per 1l", "unit": "ea", "packageSize": "900ml", "barcode": ["9350376003695"], "isAvailable": true, "categoryIds": ["household"]}, {"id": "c8689093p-4902430345156", "store": "coles", "name": "Air Effects Thai Dragon Fruit Air Freshener", "brand": "Ambi Pur", "price": 4, "orgPrice": 6, "imagePath": "https://shop.coles.com.au/wcsstore/Coles-CAS/images/8/6/8/8689093.jpg", "cupPrice": "$1.45 per 100g", "unit": "ea", "packageSize": "275g", "barcode": ["4902430345156"], "isAvailable": true, "categoryIds": ["household"]}, {"id": "c7319306p-9300632072736", "store": "coles", "name": "Sunshine Fresh Fabric Conditioner", "brand": "Cuddly", "price": 4.5, "orgPrice": 9, "imagePath": "https://shop.coles.com.au/wcsstore/Coles-CAS/images/7/3/1/7319306.jpg", "cupPrice": "$4.50 per 1l", "unit": "ea", "packageSize": "1l", "barcode": ["9300632072736"], "isAvailable": true, "categoryIds": ["household"]}, {"id": "c3196168p", "store": "coles", "name": "Professional Capsules", "brand": "Dynamo", "price": 6.25, "orgPrice": 12.5, "imagePath": "https://shop.coles.com.au/wcsstore/Coles-CAS/images/3/1/9/3196168.jpg", "cupPrice": "$0.39 per 1ea", "unit": "ea", "packageSize": "16 pack", "barcode": null, "isAvailable": true, "categoryIds": ["household"]}, {"id": "c3645013p-3086123566385", "store": "coles", "name": "Mega Lighters", "brand": "Bic", "price": 6, "orgPrice": 12, "imagePath": "https://shop.coles.com.au/wcsstore/Coles-CAS/images/3/6/4/3645013.jpg", "cupPrice": "$3.00 per 1ea", "unit": "ea", "packageSize": "2 pack", "barcode": ["3086123566385"], "isAvailable": true, "categoryIds": ["household"]}, {"id": "c3777921p-9350376003619", "store": "coles", "name": "Profession Oxi Plus Liquid", "brand": "Dynamo", "price": 6, "orgPrice": 12, "imagePath": "https://shop.coles.com.au/wcsstore/Coles-CAS/images/3/7/7/3777921.jpg", "cupPrice": "$6.67 per 1l", "unit": "ea", "packageSize": "900ml", "barcode": ["9350376003619"], "isAvailable": true, "categoryIds": ["household"]}, {"id": "c3774526p-9350376003947", "store": "coles", "name": "Clean & Fresh Advanced Laundry Liquid", "brand": "Cold Power", "price": 8.75, "orgPrice": 17.5, "imagePath": "https://shop.coles.com.au/wcsstore/Coles-CAS/images/3/7/7/3774526.jpg", "cupPrice": "$4.86 per 1l", "unit": "ea", "packageSize": "1.8l", "barcode": ["9350376003947"], "isAvailable": true, "categoryIds": ["household"]}, {"id": "c9805510p-9325005013208", "store": "coles", "name": "Super Microfibre with Telescopic Handle Mop", "brand": "Vileda", "price": 10, "orgPrice": 19.5, "imagePath": "https://shop.coles.com.au/wcsstore/Coles-CAS/images/9/8/0/9805510.jpg", "cupPrice": "$10.00 per 1ea", "unit": "ea", "packageSize": "1 each", "barcode": ["9325005013208", "6923282610344"], "isAvailable": true, "categoryIds": ["household"]}, {"id": "c3203977p", "store": "coles", "name": "Platinum Lemon Dishwashing Liquid", "brand": "Fairy", "price": 3.5, "orgPrice": 7, "imagePath": "https://shop.coles.com.au/wcsstore/Coles-CAS/images/3/2/0/3203977.jpg", "cupPrice": "$0.56 per 100ml", "unit": "ea", "packageSize": "625ml", "barcode": null, "isAvailable": true, "categoryIds": ["household"]}, {"id": "c8162130p-4902430304757", "store": "coles", "name": "Air Effects Linen & Sky Air Freshener", "brand": "Ambi Pur", "price": 4, "orgPrice": 6, "imagePath": "https://shop.coles.com.au/wcsstore/Coles-CAS/images/8/1/6/8162130.jpg", "cupPrice": "$1.45 per 100g", "unit": "ea", "packageSize": "275g", "barcode": ["4902430304757"], "isAvailable": true, "categoryIds": ["household"]}, {"id": "c7665420p-9350461579128", "store": "coles", "name": "Mens Low Cut Sports Socks size 6-10", "brand": "Bonds", "price": 7, "orgPrice": 14, "imagePath": "https://shop.coles.com.au/wcsstore/Coles-CAS/images/7/6/6/7665420.jpg", "cupPrice": "", "unit": "ea", "packageSize": "3 pack", "barcode": ["9350461579128", "9351950252249", "9354779518657", "9350461829544", "9351257794077", "9352762292102", "9354009874997", "9354779888941", "9313366849444", "9354009768555", "9354009256960", "9354009322160", "9351950629621", "9354009349662", "9351950035644", "9354779203263", "9312997179616", "9351950660594", "9352762793302", "9312758503902", "9352762229115", "9312997170699", "9310308928502", "9312997389633", "9351950133517", "9351257054720", "9351257246026", "9351257623827", "9351257431378", "9352762500375", "9312997835338", "9354779782522", "9310259600922", "9350461829520", "9312758941551", "9313022205492", "9354009195740"], "isAvailable": true, "categoryIds": ["household"]}, {"id": "c3196667p", "store": "coles", "name": "Black Wash Laundry Liquid 1L", "brand": "Radiant", "price": 5, "orgPrice": 10, "imagePath": "https://shop.coles.com.au/wcsstore/Coles-CAS/images/3/1/9/3196667.jpg", "cupPrice": "$5.00 per 1l", "unit": "ea", "packageSize": "1l", "barcode": null, "isAvailable": true, "categoryIds": ["household"]}, {"id": "c3414655p-9300701781033", "store": "coles", "name": "Vanilla & Soft Cashmere Essential Oils", "brand": "Air Wick", "price": 5.5, "orgPrice": 11, "imagePath": "https://shop.coles.com.au/wcsstore/Coles-CAS/images/3/4/1/3414655.jpg", "cupPrice": "$2.62 per 10ml", "unit": "ea", "packageSize": "21ml", "barcode": ["9300701781033"], "isAvailable": true, "categoryIds": ["household"]}, {"id": "c7790921p-9313366860203", "store": "coles", "name": "Womens Low Cut Logo Socks Assorted Size 3-8", "brand": "Bonds", "price": 7, "orgPrice": 14, "imagePath": "https://shop.coles.com.au/wcsstore/Coles-CAS/images/7/7/9/7790921.jpg", "cupPrice": "", "unit": "ea", "packageSize": "3 pack", "barcode": ["9313366860203", "9351257047517", "9351257047531", "9351257382748", "9312997389541", "9352762788360", "9354009319269", "9350461645861", "9312997170620", "9354779877648", "9310308972307", "9354009349617", "9352762076528", "9313366860227", "9313366859863", "9310259442430", "9354009194835", "9351257608732", "9350461704377", "9351950685856", "9351257824200", "9312997584335", "9354009319283", "9351257254793", "9351257608756", "9354009768463", "9312997074119", "9351257608794", "9350461645885", "9354009875024", "9312997835345", "9350461335953", "9354779517681", "9310259603602", "9312997330789", "9352762253066", "9351950053815", "9351950599368", "9312997179562", "9310308933353"], "isAvailable": true, "categoryIds": ["household"]}, {"id": "c3203933p", "store": "coles", "name": "Platinum Dishwashing Liquid Original", "brand": "Fairy", "price": 3.5, "orgPrice": 7, "imagePath": "https://shop.coles.com.au/wcsstore/Coles-CAS/images/3/2/0/3203933.jpg", "cupPrice": "$0.56 per 100ml", "unit": "ea", "packageSize": "625ml", "barcode": null, "isAvailable": true, "categoryIds": ["household"]}, {"id": "c5215343p-9326489556229", "store": "coles", "name": "Mens Guyfront Trunks Large", "brand": "Bonds", "price": 11, "orgPrice": 20, "imagePath": "https://shop.coles.com.au/wcsstore/Coles-CAS/images/5/2/1/5215343.jpg", "cupPrice": "", "unit": "ea", "packageSize": "1 pack", "barcode": ["9326489556229", "9326489675883", "9311497965361", "9351257056052", "9352762787134", "9351950494397", "9352762000738", "9354779510248", "9354779873015", "9312997342089", "9351257800419", "9351950072496", "9342830294336", "9354009329350", "9352762780432", "9312997339966", "9312997027917", "9311497965354", "9311497460712", "9352762787066", "9313022343729", "9354779530703", "9337367016261", "9352762767976", "9310259861927", "9312997186577", "9312997020123", "9312997581532", "9354779510217", "9313366909582", "9352762780104", "9354779877488", "9354779556574", "9312688848708", "9354779556376", "9310308801362", "9352762554163", "9354009767343", "9337367229357", "9354009814153", "9352762253882", "9351950017596", "9352762216719", "9354009034759", "9350461836771", "9313022343736", "9312993757221", "9351257431408", "9351257277938", "9312758955152", "9351257800402", "9354779877518", "9354009433774", "9351950664387", "9313366988037", "9354009814184", "9354779556543", "9354779872988", "9354779556406", "9351257518420", "9311497460811", "9311497460668", "9352762780319"], "isAvailable": true, "categoryIds": ["household"]}, {"id": "c2458837p-9300632086078", "store": "coles", "name": "Japanese Cherry Blossom Fabric Conditioner", "brand": "Cuddly", "price": 4.5, "orgPrice": 9, "imagePath": "https://shop.coles.com.au/wcsstore/Coles-CAS/images/2/4/5/2458837.jpg", "cupPrice": "$5.00 per 1l", "unit": "ea", "packageSize": "900ml", "barcode": ["9300632086078"], "isAvailable": true, "categoryIds": ["household"]}, {"id": "c3774537p-9350376003978", "store": "coles", "name": "Advanced Clean & Smooth Laundry Liquid", "brand": "Cold Power", "price": 8.75, "orgPrice": 17.5, "imagePath": "https://shop.coles.com.au/wcsstore/Coles-CAS/images/3/7/7/3774537.jpg", "cupPrice": "$4.86 per 1l", "unit": "ea", "packageSize": "1.8l", "barcode": ["9350376003978"], "isAvailable": true, "categoryIds": ["household"]}, {"id": "c3629797p-9354779513607", "store": "coles", "name": "1089s Ladies Bikini Briefs Size 12", "brand": "Bonds", "price": 9, "orgPrice": 18, "imagePath": "https://shop.coles.com.au/wcsstore/Coles-CAS/images/3/6/2/3629797.jpg", "cupPrice": "$4.50 per 1ea", "unit": "ea", "packageSize": "2 pack", "barcode": ["9354779513607", "9354779882147", "9312997180100", "9354779528274", "400003549146", "9312997180155", "9312997314758", "9312997034052", "9352762620226", "9312997314703", "9354779527949", "9352762620172"], "isAvailable": true, "categoryIds": ["household"]}, {"id": "c3629786p-400003549139", "store": "coles", "name": "1089s Ladies Bikini Briefs Size 10", "brand": "Bonds", "price": 9, "orgPrice": 18, "imagePath": "https://shop.coles.com.au/wcsstore/Coles-CAS/images/3/6/2/3629786.jpg", "cupPrice": "$4.50 per 1ea", "unit": "ea", "packageSize": "2 pack", "barcode": ["400003549139", "9354779882130", "9312997180094", "9312997180148", "9354779513591", "9354779528267", "9352762620219", "9312997034045", "9312997314697", "9352762620165", "9354779527932", "9312997314741"], "isAvailable": true, "categoryIds": ["household"]}, {"id": "c3764817p-9351950017626", "store": "coles", "name": "Men's Guyfront Trunk Size XL", "brand": "Bonds", "price": 11, "orgPrice": 22, "imagePath": "https://shop.coles.com.au/wcsstore/Coles-CAS/images/3/7/6/3764817.jpg", "cupPrice": "$11.00 per 1ea", "unit": "ea", "packageSize": "1 pack", "barcode": ["9351950017626", "9352762787097", "9312997314000", "9342830294343", "9312997186614", "9312997581563", "9311497966863", "9312997342119", "9312997339997"], "isAvailable": true, "categoryIds": ["household"]}, {"id": "c3565388p-8850006930687", "store": "coles", "name": "Charcoal & Lime Fabric Conditioner", "brand": "Cuddly", "price": 4.5, "orgPrice": 9, "imagePath": "https://shop.coles.com.au/wcsstore/Coles-CAS/images/3/5/6/3565388.jpg", "cupPrice": "$5.00 per 1l", "unit": "ea", "packageSize": "900ml", "barcode": ["8850006930687"], "isAvailable": true, "categoryIds": ["household"]}, {"id": "c3432410p-9300701799328", "store": "coles", "name": "Vanilla & Cashmere Essential Oil Fragmatic Spray", "brand": "Air Wick", "price": 7.5, "orgPrice": 15, "imagePath": "https://shop.coles.com.au/wcsstore/Coles-CAS/images/3/4/3/3432410.jpg", "cupPrice": "$4.31 per 100g", "unit": "ea", "packageSize": "174g", "barcode": ["9300701799328"], "isAvailable": true, "categoryIds": ["household"]}, {"id": "c3738792p-8850006934272", "store": "coles", "name": "Wild Rose Fabric Conditioner", "brand": "Cuddly", "price": 5, "orgPrice": 10, "imagePath": "https://shop.coles.com.au/wcsstore/Coles-CAS/images/3/7/3/3738792.jpg", "cupPrice": "$5.88 per 1l", "unit": "ea", "packageSize": "850ml", "barcode": ["8850006934272"], "isAvailable": true, "categoryIds": ["household"]}, {"id": "c3738806p-8850006934289", "store": "coles", "name": "Ocean Wave Fabric Conditioner", "brand": "Cuddly", "price": 5, "orgPrice": 10, "imagePath": "https://shop.coles.com.au/wcsstore/Coles-CAS/images/3/7/3/3738806.jpg", "cupPrice": "$5.88 per 1l", "unit": "ea", "packageSize": "850ml", "barcode": ["8850006934289"], "isAvailable": true, "categoryIds": ["household"]}, {"id": "c3738817p-8850006934296", "store": "coles", "name": "Morning Sun Fabric Conditioner", "brand": "Cuddly", "price": 5, "orgPrice": 10, "imagePath": "https://shop.coles.com.au/wcsstore/Coles-CAS/images/3/7/3/3738817.jpg", "cupPrice": "$5.88 per 1l", "unit": "ea", "packageSize": "850ml", "barcode": ["8850006934296"], "isAvailable": true, "categoryIds": ["household"]}, {"id": "c3058969p-4902430571906", "store": "coles", "name": "Premium Clip Aqua Car Air Freshener Refill", "brand": "Ambi Pur", "price": 5, "orgPrice": 10, "imagePath": "https://shop.coles.com.au/wcsstore/Coles-CAS/images/3/0/5/3058969.jpg", "cupPrice": "$6.67 per 10ml", "unit": "ea", "packageSize": "7.5ml", "barcode": ["4902430571906"], "isAvailable": true, "categoryIds": ["household"]}, {"id": "c3505932p-810005410953", "store": "coles", "name": "Sensitive 80 Wipes", "brand": "Rascal And Friends", "price": 2.5, "orgPrice": 5, "imagePath": "https://shop.coles.com.au/wcsstore/Coles-CAS/images/3/5/0/3505932.jpg", "cupPrice": "$2.50 per 1ea", "unit": "ea", "packageSize": "1 pack", "barcode": ["810005410953"], "isAvailable": true, "categoryIds": ["baby"]}, {"id": "w147488-9310037148196", "store": "woolworths", "name": "Ingham's Quick Cook Crumbed Sweet Chilli Chicken Tenders", "brand": "Ingham's", "price": 4.5, "orgPrice": 9, "imagePath": "https://cdn0.woolworths.media/content/wowproductimages/large/147488.jpg", "cupPrice": "$10.23 / 1kg", "unit": "each", "packageSize": "440g", "barcode": ["9310037148196"], "isAvailable": true, "categoryIds": ["meat-seafood-deli"]}, {"id": "w248019-9310037148189", "store": "woolworths", "name": "Ingham's Quick Cook Crumbed Southern Style Tenders", "brand": "Ingham's", "price": 4.5, "orgPrice": 9, "imagePath": "https://cdn0.woolworths.media/content/wowproductimages/large/248019.jpg", "cupPrice": "$10.23 / 1kg", "unit": "each", "packageSize": "440g", "barcode": ["9310037148189"], "isAvailable": true, "categoryIds": ["meat-seafood-deli"]}, {"id": "w769243-0276964000008", "store": "woolworths", "name": "Woolworths Chicken Kiev Garlic", "brand": "Woolworths", "price": 1.3, "orgPrice": 2.6, "imagePath": "https://cdn0.woolworths.media/content/wowproductimages/large/769243.jpg", "cupPrice": "$1.30 / 1ea", "unit": "each", "packageSize": "each", "barcode": ["0276964000008"], "isAvailable": true, "categoryIds": ["meat-seafood-deli"]}, {"id": "w236288-9310023135988", "store": "woolworths", "name": "Mighty Soft Raisin Toast ", "brand": "Mighty Soft", "price": 2.75, "orgPrice": 5.5, "imagePath": "https://cdn0.woolworths.media/content/wowproductimages/large/236288.jpg", "cupPrice": "$0.46 / 100g", "unit": "each", "packageSize": "600g", "barcode": ["9310023135988"], "isAvailable": true, "categoryIds": ["bakery"]}, {"id": "w897795-0280725000008", "store": "woolworths", "name": "Woolworths Fruit Bun Iced", "brand": "Woolworths", "price": 2, "orgPrice": 4, "imagePath": "https://cdn0.woolworths.media/content/wowproductimages/large/897795.jpg", "cupPrice": "$0.42 / 100g", "unit": "each", "packageSize": "480g", "barcode": ["0280725000008"], "isAvailable": true, "categoryIds": ["bakery"]}, {"id": "w761604-41570081013", "store": "woolworths", "name": "Almond Breeze Unsweetened Almond Milk", "brand": "Almond Breeze", "price": 1.25, "orgPrice": 2.5, "imagePath": "https://cdn0.woolworths.media/content/wowproductimages/large/761604.jpg", "cupPrice": "$1.25 / 1l", "unit": "each", "packageSize": "1l", "barcode": ["41570081013"], "isAvailable": true, "categoryIds": ["dairy-eggs-fridge"]}, {"id": "w39482-9315090207033", "store": "woolworths", "name": "Australia's Own Like Milk Unsweetened ", "brand": "Australia's Own", "price": 2, "orgPrice": 4, "imagePath": "https://cdn0.woolworths.media/content/wowproductimages/large/039482.jpg", "cupPrice": "$2.00 / 1l", "unit": "each", "packageSize": "1l", "barcode": ["9315090207033"], "isAvailable": true, "categoryIds": ["dairy-eggs-fridge"]}, {"id": "w796060-41570108918", "store": "woolworths", "name": "Blue Diamond Almond Breeze Unsweetened Vanilla Almond Milk", "brand": "Blue Diamond", "price": 1.25, "orgPrice": 2.7, "imagePath": "https://cdn0.woolworths.media/content/wowproductimages/large/796060.jpg", "cupPrice": "$1.25 / 1l", "unit": "each", "packageSize": "1l", "barcode": ["41570108918"], "isAvailable": true, "categoryIds": ["dairy-eggs-fridge"]}, {"id": "w65223-9300605131668", "store": "woolworths", "name": "Nestle Harvest Gourmet Plant Based Incredible Vegan Burger", "brand": "Nestle", "price": 6, "orgPrice": 12, "imagePath": "https://cdn0.woolworths.media/content/wowproductimages/large/065223.jpg", "cupPrice": "$26.55 / 1kg", "unit": "each", "packageSize": "226g", "barcode": ["9300605131668"], "isAvailable": true, "categoryIds": ["dairy-eggs-fridge"]}, {"id": "w30588-9315090209723", "store": "woolworths", "name": "Arnold's Farm Snack Bar Banana Split ", "brand": "Arnold's Farm", "price": 2.5, "orgPrice": 5, "imagePath": "https://cdn0.woolworths.media/content/wowproductimages/large/030588.jpg", "cupPrice": "$1.19 / 100g", "unit": "each", "packageSize": "210g", "barcode": ["9315090209723"], "isAvailable": true, "categoryIds": ["pantry"]}, {"id": "w28981-9315090209730", "store": "woolworths", "name": "Arnold's Farm Snack Bar Peanut Butter ", "brand": "Arnold's Farm", "price": 2.5, "orgPrice": 5, "imagePath": "https://cdn0.woolworths.media/content/wowproductimages/large/028981.jpg", "cupPrice": "$1.19 / 100g", "unit": "each", "packageSize": "210g", "barcode": ["9315090209730"], "isAvailable": true, "categoryIds": ["pantry"]}, {"id": "w28951-9315090209747", "store": "woolworths", "name": "Arnold's Farm Snack Bar Raspberry Ripple ", "brand": "Arnold's Farm", "price": 2.5, "orgPrice": 5, "imagePath": "https://cdn0.woolworths.media/content/wowproductimages/large/028951.jpg", "cupPrice": "$1.19 / 100g", "unit": "each", "packageSize": "210g", "barcode": ["9315090209747"], "isAvailable": true, "categoryIds": ["pantry"]}, {"id": "w117833-9310072001210", "store": "woolworths", "name": "Arnott's Tim Tam Chewy Caramel", "brand": "Arnott's", "price": 1.82, "orgPrice": 3.65, "imagePath": "https://cdn0.woolworths.media/content/wowproductimages/large/117833.jpg", "cupPrice": "$1.04 / 100g", "unit": "each", "packageSize": "175g", "barcode": ["9310072001210"], "isAvailable": true, "categoryIds": ["pantry"]}, {"id": "w32257-9310072013855", "store": "woolworths", "name": "Arnott's Tim Tam Choc Double Coated", "brand": "Arnott's", "price": 1.82, "orgPrice": 3.65, "imagePath": "https://cdn0.woolworths.media/content/wowproductimages/large/032257.jpg", "cupPrice": "$0.91 / 100g", "unit": "each", "packageSize": "200g", "barcode": ["9310072013855"], "isAvailable": true, "categoryIds": ["pantry"]}, {"id": "w574338-9310072029979", "store": "woolworths", "name": "Arnott's Tim Tam Choc Mint", "brand": "Arnott's", "price": 1.82, "orgPrice": 3.65, "imagePath": "https://cdn0.woolworths.media/content/wowproductimages/large/574338.jpg", "cupPrice": "$1.14 / 100g", "unit": "each", "packageSize": "160g", "barcode": ["9310072029979"], "isAvailable": true, "categoryIds": ["pantry"]}, {"id": "w36066-9310072000282", "store": "woolworths", "name": "Arnott's Tim Tam Chocolate Original", "brand": "Arnott's", "price": 1.82, "orgPrice": 3.65, "imagePath": "https://cdn0.woolworths.media/content/wowproductimages/large/036066.jpg", "cupPrice": "$0.91 / 100g", "unit": "each", "packageSize": "200g", "barcode": ["9310072000282"], "isAvailable": true, "categoryIds": ["pantry"]}, {"id": "w89972-9310072012599", "store": "woolworths", "name": "Arnott's Tim Tam Classic Dark", "brand": "Arnott's", "price": 1.82, "orgPrice": 3.65, "imagePath": "https://cdn0.woolworths.media/content/wowproductimages/large/089972.jpg", "cupPrice": "$0.91 / 100g", "unit": "each", "packageSize": "200g", "barcode": ["9310072012599"], "isAvailable": true, "categoryIds": ["pantry"]}, {"id": "w332047-9310072025155", "store": "woolworths", "name": "Arnott's Tim Tam White", "brand": "Arnott's", "price": 1.82, "orgPrice": 3.65, "imagePath": "https://cdn0.woolworths.media/content/wowproductimages/large/332047.jpg", "cupPrice": "$1.10 / 100g", "unit": "each", "packageSize": "165g", "barcode": ["9310072025155"], "isAvailable": true, "categoryIds": ["pantry"]}, {"id": "w80436-9310072031538", "store": "woolworths", "name": "Arnott's Tim Tam Crafted Collection Manuka Honey & Cream", "brand": "Arnott's", "price": 1.82, "orgPrice": 3.65, "imagePath": "https://cdn0.woolworths.media/content/wowproductimages/large/080436.jpg", "cupPrice": "$1.14 / 100g", "unit": "each", "packageSize": "160g", "barcode": ["9310072031538"], "isAvailable": true, "categoryIds": ["pantry"]}, {"id": "w80434-9310072031514", "store": "woolworths", "name": "Arnott's Tim Tam Crafted Collection Murray River Salted Caramel", "brand": "Arnott's", "price": 1.82, "orgPrice": 3.65, "imagePath": "https://cdn0.woolworths.media/content/wowproductimages/large/080434.jpg", "cupPrice": "$1.04 / 100g", "unit": "each", "packageSize": "160g", "barcode": ["9310072031514"], "isAvailable": true, "categoryIds": ["pantry"]}, {"id": "w80399-9310072031545", "store": "woolworths", "name": "Arnott's Tim Tam Crafted Gisborne Orange & Dark Chocolate", "brand": "Arnott's", "price": 1.82, "orgPrice": 3.65, "imagePath": "https://cdn0.woolworths.media/content/wowproductimages/large/080399.jpg", "cupPrice": "$1.14 / 100g", "unit": "each", "packageSize": "160g", "barcode": ["9310072031545"], "isAvailable": true, "categoryIds": ["pantry"]}, {"id": "w80435-9310072031521", "store": "woolworths", "name": "Arnott's Tim Tam Crafted Sunshine Coast Strawberries & Cream", "brand": "Arnott's", "price": 1.82, "orgPrice": 3.65, "imagePath": "https://cdn0.woolworths.media/content/wowproductimages/large/080435.jpg", "cupPrice": "$1.14 / 100g", "unit": "each", "packageSize": "160g", "barcode": ["9310072031521"], "isAvailable": true, "categoryIds": ["pantry"]}, {"id": "w51628-5000159523073", "store": "woolworths", "name": "Bounty Chocolate Bar ", "brand": "Bounty", "price": 0.89, "orgPrice": 2, "imagePath": "https://cdn0.woolworths.media/content/wowproductimages/large/051628.jpg", "cupPrice": "$1.59 / 100g", "unit": "each", "packageSize": "56g", "barcode": ["5000159523073"], "isAvailable": true, "categoryIds": ["pantry"]}, {"id": "w82144-9310015248757", "store": "woolworths", "name": "Burger Rings Bag ", "brand": "Burger Rings", "price": 1, "orgPrice": 2, "imagePath": "https://cdn0.woolworths.media/content/wowproductimages/large/082144.jpg", "cupPrice": "$1.11 / 100g", "unit": "each", "packageSize": "90g", "barcode": ["9310015248757"], "isAvailable": true, "categoryIds": ["pantry"]}, {"id": "w691303-9310034000695", "store": "woolworths", "name": "Cadbury Barni Multipack Chocolate Filled", "brand": "Cadbury", "price": 2, "orgPrice": 4, "imagePath": "https://cdn0.woolworths.media/content/wowproductimages/large/691303.jpg", "cupPrice": "$1.33 / 100g", "unit": "each", "packageSize": "150g", "barcode": ["9310034000695"], "isAvailable": true, "categoryIds": ["pantry"]}, {"id": "w25975-9310034001340", "store": "woolworths", "name": "Cadbury Biscuit Bar Chocolate ", "brand": "Cadbury", "price": 2, "orgPrice": 4, "imagePath": "https://cdn0.woolworths.media/content/wowproductimages/large/025975.jpg", "cupPrice": "$1.54 / 100g", "unit": "each", "packageSize": "130g", "barcode": ["9310034001340"], "isAvailable": true, "categoryIds": ["pantry"]}, {"id": "w25974-9310034001357", "store": "woolworths", "name": "Cadbury Biscuit Bar Classic ", "brand": "Cadbury", "price": 2, "orgPrice": 4, "imagePath": "https://cdn0.woolworths.media/content/wowproductimages/large/025974.jpg", "cupPrice": "$1.54 / 100g", "unit": "each", "packageSize": "130g", "barcode": ["9310034001357"], "isAvailable": true, "categoryIds": ["pantry"]}, {"id": "w225067-9300617302834", "store": "woolworths", "name": "Cadbury Boost ", "brand": "Cadbury", "price": 1, "orgPrice": 2, "imagePath": "https://cdn0.woolworths.media/content/wowproductimages/large/225067.jpg", "cupPrice": "$1.67 / 100g", "unit": "each", "packageSize": "60g bar", "barcode": ["9300617302834"], "isAvailable": true, "categoryIds": ["pantry"]}, {"id": "w320108-9300617408741", "store": "woolworths", "name": "Cadbury Cherry Ripe ", "brand": "Cadbury", "price": 1, "orgPrice": 2, "imagePath": "https://cdn0.woolworths.media/content/wowproductimages/large/320108.jpg", "cupPrice": "$1.92 / 100g", "unit": "each", "packageSize": "52g bar", "barcode": ["9300617408741"], "isAvailable": true, "categoryIds": ["pantry"]}, {"id": "w843820-9300617045182", "store": "woolworths", "name": "Cadbury Cherry Ripe Double Dipped", "brand": "Cadbury", "price": 1, "orgPrice": 2, "imagePath": "https://cdn0.woolworths.media/content/wowproductimages/large/843820.jpg", "cupPrice": "$2.13 / 100g", "unit": "each", "packageSize": "47g bar", "barcode": ["9300617045182"], "isAvailable": true, "categoryIds": ["pantry"]}, {"id": "w98368-9300617322863", "store": "woolworths", "name": "Cadbury Crunchie ", "brand": "Cadbury", "price": 1, "orgPrice": 2, "imagePath": "https://cdn0.woolworths.media/content/wowproductimages/large/098368.jpg", "cupPrice": "$2.00 / 100g", "unit": "each", "packageSize": "50g bar", "barcode": ["9300617322863"], "isAvailable": true, "categoryIds": ["pantry"]}, {"id": "w8877-9300617041962", "store": "woolworths", "name": "Cadbury Dairy Milk Chocolate Caramello", "brand": "Cadbury", "price": 1, "orgPrice": 2, "imagePath": "https://cdn0.woolworths.media/content/wowproductimages/large/008877.jpg", "cupPrice": "$1.82 / 100g", "unit": "each", "packageSize": "55g bar", "barcode": ["9300617041962"], "isAvailable": true, "categoryIds": ["pantry"]}, {"id": "w328896-9300617043089", "store": "woolworths", "name": "Cadbury Dairy Milk Chocolate Fruit & Nut", "brand": "Cadbury", "price": 1, "orgPrice": 2, "imagePath": "https://cdn0.woolworths.media/content/wowproductimages/large/328896.jpg", "cupPrice": "$2.00 / 100g", "unit": "each", "packageSize": "50g bar", "barcode": ["9300617043089"], "isAvailable": true, "categoryIds": ["pantry"]}, {"id": "w8874-9300617042068", "store": "woolworths", "name": "Cadbury Dairy Milk Chocolate Hazelnut", "brand": "Cadbury", "price": 1, "orgPrice": 2, "imagePath": "https://cdn0.woolworths.media/content/wowproductimages/large/008874.jpg", "cupPrice": "$1.82 / 100g", "unit": "each", "packageSize": "55g bar", "barcode": ["9300617042068"], "isAvailable": true, "categoryIds": ["pantry"]}, {"id": "w320105-9300617042310", "store": "woolworths", "name": "Cadbury Dairy Milk Chocolate ", "brand": "Cadbury", "price": 1, "orgPrice": 2, "imagePath": "https://cdn0.woolworths.media/content/wowproductimages/large/320105.jpg", "cupPrice": "$2.00 / 100g", "unit": "each", "packageSize": "50g bar", "barcode": ["9300617042310"], "isAvailable": true, "categoryIds": ["pantry"]}, {"id": "w3158-9300617320319", "store": "woolworths", "name": "Cadbury Dairy Milk Chocolate ", "brand": "Cadbury", "price": 1, "orgPrice": 2, "imagePath": "https://cdn0.woolworths.media/content/wowproductimages/large/003158.jpg", "cupPrice": "$1.82 / 100g", "unit": "each", "packageSize": "55g roll", "barcode": ["9300617320319"], "isAvailable": true, "categoryIds": ["pantry"]}, {"id": "w701666-9300617070146", "store": "woolworths", "name": "Cadbury Dairy Milk Freddo Milky Top Bar", "brand": "Cadbury", "price": 1, "orgPrice": 2, "imagePath": "https://cdn0.woolworths.media/content/wowproductimages/large/701666.jpg", "cupPrice": "$2.22 / 100g", "unit": "each", "packageSize": "45g", "barcode": ["9300617070146"], "isAvailable": true, "categoryIds": ["pantry"]}, {"id": "w142709-9300617042266", "store": "woolworths", "name": "Cadbury Dream White Chocolate White Chocolate", "brand": "Cadbury", "price": 1, "orgPrice": 2, "imagePath": "https://cdn0.woolworths.media/content/wowproductimages/large/142709.jpg", "cupPrice": "$2.00 / 100g", "unit": "each", "packageSize": "50g bar", "barcode": ["9300617042266"], "isAvailable": true, "categoryIds": ["pantry"]}, {"id": "w98372-93617406", "store": "woolworths", "name": "Cadbury Flake ", "brand": "Cadbury", "price": 1, "orgPrice": 2, "imagePath": "https://cdn0.woolworths.media/content/wowproductimages/large/098372.jpg", "cupPrice": "$3.33 / 100g", "unit": "each", "packageSize": "30g bar", "barcode": ["93617406"], "isAvailable": true, "categoryIds": ["pantry"]}, {"id": "w98390-9300617320289", "store": "woolworths", "name": "Cadbury Fry's Turkish Delight ", "brand": "Cadbury", "price": 1, "orgPrice": 2, "imagePath": "https://cdn0.woolworths.media/content/wowproductimages/large/098390.jpg", "cupPrice": "$1.82 / 100g", "unit": "each", "packageSize": "55g bar", "barcode": ["9300617320289"], "isAvailable": true, "categoryIds": ["pantry"]}, {"id": "w65271-9300617067160", "store": "woolworths", "name": "Cadbury Peppermint Bar ", "brand": "Cadbury", "price": 1, "orgPrice": 2, "imagePath": "https://cdn0.woolworths.media/content/wowproductimages/large/065271.jpg", "cupPrice": "$1.82 / 100g", "unit": "each", "packageSize": "55g", "barcode": ["9300617067160"], "isAvailable": true, "categoryIds": ["pantry"]}, {"id": "w320106-9300617408642", "store": "woolworths", "name": "Cadbury Picnic ", "brand": "Cadbury", "price": 1, "orgPrice": 2, "imagePath": "https://cdn0.woolworths.media/content/wowproductimages/large/320106.jpg", "cupPrice": "$2.17 / 100g", "unit": "each", "packageSize": "46g bar", "barcode": ["9300617408642"], "isAvailable": true, "categoryIds": ["pantry"]}, {"id": "w87855-9300617325079", "store": "woolworths", "name": "Cadbury Time Out ", "brand": "Cadbury", "price": 1, "orgPrice": 2, "imagePath": "https://cdn0.woolworths.media/content/wowproductimages/large/087855.jpg", "cupPrice": "$2.50 / 100g", "unit": "each", "packageSize": "40g bar", "barcode": ["9300617325079"], "isAvailable": true, "categoryIds": ["pantry"]}, {"id": "w320104-9300617408710", "store": "woolworths", "name": "Cadbury Twirl ", "brand": "Cadbury", "price": 1, "orgPrice": 2, "imagePath": "https://cdn0.woolworths.media/content/wowproductimages/large/320104.jpg", "cupPrice": "$2.56 / 100g", "unit": "each", "packageSize": "39g bar", "barcode": ["9300617408710"], "isAvailable": true, "categoryIds": ["pantry"]}, {"id": "w65270-9300617288084", "store": "woolworths", "name": "Cadbury Twirl Caramilk ", "brand": "Cadbury", "price": 1, "orgPrice": 2, "imagePath": "https://cdn0.woolworths.media/content/wowproductimages/large/065270.jpg", "cupPrice": "$2.56 / 100g", "unit": "each", "packageSize": "39g", "barcode": ["9300617288084"], "isAvailable": true, "categoryIds": ["pantry"]}, {"id": "w30825-9300644043618", "store": "woolworths", "name": "Campbell's Real Beef Liquid Stock", "brand": "Campbell's", "price": 2, "orgPrice": 4, "imagePath": "https://cdn0.woolworths.media/content/wowproductimages/large/030825.jpg", "cupPrice": "$0.20 / 100ml", "unit": "each", "packageSize": "1l", "barcode": ["9300644043618"], "isAvailable": true, "categoryIds": ["pantry"]}, {"id": "w172643-9300644432603", "store": "woolworths", "name": "Campbell's Real Beef Liquid Stock Salt Reduced", "brand": "Campbell's", "price": 2, "orgPrice": 4, "imagePath": "https://cdn0.woolworths.media/content/wowproductimages/large/172643.jpg", "cupPrice": "$0.20 / 100ml", "unit": "each", "packageSize": "1l", "barcode": ["9300644432603"], "isAvailable": true, "categoryIds": ["pantry"]}, {"id": "w77750-9300644043601", "store": "woolworths", "name": "Campbell's Real Chicken Liquid Stock", "brand": "Campbell's", "price": 2, "orgPrice": 4, "imagePath": "https://cdn0.woolworths.media/content/wowproductimages/large/077750.jpg", "cupPrice": "$0.20 / 100ml", "unit": "each", "packageSize": "1l", "barcode": ["9300644043601"], "isAvailable": true, "categoryIds": ["pantry"]}, {"id": "w144283-9300644043632", "store": "woolworths", "name": "Campbell's Real Chicken Liquid Stock Salt Reduced", "brand": "Campbell's", "price": 2, "orgPrice": 4, "imagePath": "https://cdn0.woolworths.media/content/wowproductimages/large/144283.jpg", "cupPrice": "$0.20 / 100ml", "unit": "each", "packageSize": "1l", "barcode": ["9300644043632"], "isAvailable": true, "categoryIds": ["pantry"]}, {"id": "w83437-9300644705288", "store": "woolworths", "name": "Campbell's Real Liquid Stock Malaysian Laksa Style", "brand": "Campbell's", "price": 2, "orgPrice": 4, "imagePath": "https://cdn0.woolworths.media/content/wowproductimages/large/083437.jpg", "cupPrice": "$0.20 / 100ml", "unit": "each", "packageSize": "1l", "barcode": ["9300644705288"], "isAvailable": true, "categoryIds": ["pantry"]}, {"id": "w83444-9300644705158", "store": "woolworths", "name": "Campbell's Real Stock Thai Noodle Soup Base", "brand": "Campbell's", "price": 2, "orgPrice": 4, "imagePath": "https://cdn0.woolworths.media/content/wowproductimages/large/083444.jpg", "cupPrice": "$0.20 / 100ml", "unit": "each", "packageSize": "1l", "barcode": ["9300644705158"], "isAvailable": true, "categoryIds": ["pantry"]}, {"id": "w30856-9300644043625", "store": "woolworths", "name": "Campbell's Real Vegetable Liquid Stock", "brand": "Campbell's", "price": 2, "orgPrice": 4, "imagePath": "https://cdn0.woolworths.media/content/wowproductimages/large/030856.jpg", "cupPrice": "$0.20 / 100ml", "unit": "each", "packageSize": "1l", "barcode": ["9300644043625"], "isAvailable": true, "categoryIds": ["pantry"]}, {"id": "w172638-9300644433006", "store": "woolworths", "name": "Campbell's Real Vegetable Liquid Stock Salt Reduced", "brand": "Campbell's", "price": 2, "orgPrice": 4, "imagePath": "https://cdn0.woolworths.media/content/wowproductimages/large/172638.jpg", "cupPrice": "$0.20 / 100ml", "unit": "each", "packageSize": "1l", "barcode": ["9300644433006"], "isAvailable": true, "categoryIds": ["pantry"]}, {"id": "w80741-9310015248764", "store": "woolworths", "name": "Cheetos Cheese & Bacon Balls ", "brand": "Cheetos", "price": 1, "orgPrice": 2, "imagePath": "https://cdn0.woolworths.media/content/wowproductimages/large/080741.jpg", "cupPrice": "$1.11 / 100g", "unit": "each", "packageSize": "90g", "barcode": ["9310015248764"], "isAvailable": true, "categoryIds": ["pantry"]}, {"id": "w82140-9310015248801", "store": "woolworths", "name": "Cheetos Flaming Hot Puffs ", "brand": "Cheetos", "price": 1, "orgPrice": 2, "imagePath": "https://cdn0.woolworths.media/content/wowproductimages/large/082140.jpg", "cupPrice": "$1.25 / 100g", "unit": "each", "packageSize": "80g", "barcode": ["9310015248801"], "isAvailable": true, "categoryIds": ["pantry"]}, {"id": "w660337-9310988016346", "store": "woolworths", "name": "Cheezels Cheese Box ", "brand": "Cheezels", "price": 1.25, "orgPrice": 2.5, "imagePath": "https://cdn0.woolworths.media/content/wowproductimages/large/660337.jpg", "cupPrice": "$1.00 / 100g", "unit": "each", "packageSize": "125g", "barcode": ["9310988016346"], "isAvailable": true, "categoryIds": ["pantry"]}, {"id": "w55501-9310988017145", "store": "woolworths", "name": "Cheezels Minis Pizza ", "brand": "Cheezels", "price": 1.25, "orgPrice": 2.5, "imagePath": "https://cdn0.woolworths.media/content/wowproductimages/large/055501.jpg", "cupPrice": "$1.00 / 100g", "unit": "each", "packageSize": "125g", "barcode": ["9310988017145"], "isAvailable": true, "categoryIds": ["pantry"]}, {"id": "w82711-9300830057597", "store": "woolworths", "name": "Continental Soup Sensations Cheesy Broccoli & Potato", "brand": "Continental", "price": 1.25, "orgPrice": 2.5, "imagePath": "https://cdn0.woolworths.media/content/wowproductimages/large/082711.jpg", "cupPrice": "$2.23 / 100g", "unit": "each", "packageSize": "56g", "barcode": ["9300830057597"], "isAvailable": true, "categoryIds": ["pantry"]}, {"id": "w82796-9300830057573", "store": "woolworths", "name": "Continental Soup Sensations Creamy Roast Chicken & Spring Onion", "brand": "Continental", "price": 1.25, "orgPrice": 2.5, "imagePath": "https://cdn0.woolworths.media/content/wowproductimages/large/082796.jpg", "cupPrice": "$2.05 / 100g", "unit": "each", "packageSize": "61g", "barcode": ["9300830057573"], "isAvailable": true, "categoryIds": ["pantry"]}, {"id": "w82417-9300830057542", "store": "woolworths", "name": "Continental Soup Sensations Farmhouse Potato & Leek", "brand": "Continental", "price": 1.25, "orgPrice": 2.5, "imagePath": "https://cdn0.woolworths.media/content/wowproductimages/large/082417.jpg", "cupPrice": "$2.08 / 100g", "unit": "each", "packageSize": "60g", "barcode": ["9300830057542"], "isAvailable": true, "categoryIds": ["pantry"]}, {"id": "w80788-9300830057566", "store": "woolworths", "name": "Continental Soup Sensations Garden Cauliflower & Four Cheese", "brand": "Continental", "price": 1.25, "orgPrice": 2.5, "imagePath": "https://cdn0.woolworths.media/content/wowproductimages/large/080788.jpg", "cupPrice": "$2.02 / 100g", "unit": "each", "packageSize": "62g", "barcode": ["9300830057566"], "isAvailable": true, "categoryIds": ["pantry"]}, {"id": "w82418-9300830057580", "store": "woolworths", "name": "Continental Soup Sensations Harvest Pumpkin & Sour Cream", "brand": "Continental", "price": 1.25, "orgPrice": 2.5, "imagePath": "https://cdn0.woolworths.media/content/wowproductimages/large/082418.jpg", "cupPrice": "$1.79 / 100g", "unit": "each", "packageSize": "70g", "barcode": ["9300830057580"], "isAvailable": true, "categoryIds": ["pantry"]}, {"id": "w82828-9300830057504", "store": "woolworths", "name": "Continental Soup Sensations Moroccan Vegetable Medley", "brand": "Continental", "price": 1.25, "orgPrice": 2.5, "imagePath": "https://cdn0.woolworths.media/content/wowproductimages/large/082828.jpg", "cupPrice": "$1.84 / 100g", "unit": "each", "packageSize": "68g", "barcode": ["9300830057504"], "isAvailable": true, "categoryIds": ["pantry"]}, {"id": "w81497-9300830057528", "store": "woolworths", "name": "Continental Soup Sensations Mushroom & Bacon", "brand": "Continental", "price": 1.25, "orgPrice": 2.5, "imagePath": "https://cdn0.woolworths.media/content/wowproductimages/large/081497.jpg", "cupPrice": "$2.60 / 100g", "unit": "each", "packageSize": "48g", "barcode": ["9300830057528"], "isAvailable": true, "categoryIds": ["pantry"]}, {"id": "w82852-9300830057559", "store": "woolworths", "name": "Continental Soup Sensations Vine Ripened Tomato & Ricotta", "brand": "Continental", "price": 1.25, "orgPrice": 2.5, "imagePath": "https://cdn0.woolworths.media/content/wowproductimages/large/082852.jpg", "cupPrice": "$2.31 / 100g", "unit": "each", "packageSize": "54g", "barcode": ["9300830057559"], "isAvailable": true, "categoryIds": ["pantry"]}, {"id": "w586822-9310015243714", "store": "woolworths", "name": "Doritos Cheese Supreme ", "brand": "Doritos", "price": 1.05, "orgPrice": 2.1, "imagePath": "https://cdn0.woolworths.media/content/wowproductimages/large/586822.jpg", "cupPrice": "$1.75 / 100g", "unit": "each", "packageSize": "60g", "barcode": ["9310015243714"], "isAvailable": true, "categoryIds": ["pantry"]}, {"id": "w90354-9310015249600", "store": "woolworths", "name": "Doritos Collide Burn & Xtra Powwer Sour Cream", "brand": "Doritos", "price": 1.75, "orgPrice": 3.5, "imagePath": "https://cdn0.woolworths.media/content/wowproductimages/large/090354.jpg", "cupPrice": "$1.17 / 100g", "unit": "each", "packageSize": "150g", "barcode": ["9310015249600"], "isAvailable": true, "categoryIds": ["pantry"]}, {"id": "w83161-9310015248436", "store": "woolworths", "name": "Doritos Grilled Cheese Burger Chips ", "brand": "Doritos", "price": 1.75, "orgPrice": 3.5, "imagePath": "https://cdn0.woolworths.media/content/wowproductimages/large/083161.jpg", "cupPrice": "$1.17 / 100g", "unit": "each", "packageSize": "150g", "barcode": ["9310015248436"], "isAvailable": true, "categoryIds": ["pantry"]}, {"id": "w826731-9310015241925", "store": "woolworths", "name": "Doritos Share Pack Cheese Supreme", "brand": "Doritos", "price": 1.75, "orgPrice": 3.5, "imagePath": "https://cdn0.woolworths.media/content/wowproductimages/large/826731.jpg", "cupPrice": "$1.03 / 100g", "unit": "each", "packageSize": "170g", "barcode": ["9310015241925"], "isAvailable": true, "categoryIds": ["pantry"]}, {"id": "w826726-9310015241932", "store": "woolworths", "name": "Doritos Share Pack Mexicana", "brand": "Doritos", "price": 1.75, "orgPrice": 3.5, "imagePath": "https://cdn0.woolworths.media/content/wowproductimages/large/826726.jpg", "cupPrice": "$1.03 / 100g", "unit": "each", "packageSize": "170g", "barcode": ["9310015241932"], "isAvailable": true, "categoryIds": ["pantry"]}, {"id": "w826700-9310015241918", "store": "woolworths", "name": "Doritos Share Pack Nacho Cheese", "brand": "Doritos", "price": 1.75, "orgPrice": 3.5, "imagePath": "https://cdn0.woolworths.media/content/wowproductimages/large/826700.jpg", "cupPrice": "$1.03 / 100g", "unit": "each", "packageSize": "170g", "barcode": ["9310015241918"], "isAvailable": true, "categoryIds": ["pantry"]}, {"id": "w826732-9310015241949", "store": "woolworths", "name": "Doritos Share Pack Original", "brand": "Doritos", "price": 1.75, "orgPrice": 3.5, "imagePath": "https://cdn0.woolworths.media/content/wowproductimages/large/826732.jpg", "cupPrice": "$1.03 / 100g", "unit": "each", "packageSize": "170g", "barcode": ["9310015241949"], "isAvailable": true, "categoryIds": ["pantry"]}, {"id": "w82145-9310015248443", "store": "woolworths", "name": "Doritos Spicy Buffalo Wings ", "brand": "Doritos", "price": 1.75, "orgPrice": 3.5, "imagePath": "https://cdn0.woolworths.media/content/wowproductimages/large/082145.jpg", "cupPrice": "$1.17 / 100g", "unit": "each", "packageSize": "150g", "barcode": ["9310015248443"], "isAvailable": true, "categoryIds": ["pantry"]}, {"id": "w320102-9300617408963", "store": "woolworths", "name": "Europe Nougat Honey Log ", "brand": "Europe", "price": 1, "orgPrice": 2, "imagePath": "https://cdn0.woolworths.media/content/wowproductimages/large/320102.jpg", "cupPrice": "$2.50 / 100g", "unit": "each", "packageSize": "40g bar", "barcode": ["9300617408963"], "isAvailable": true, "categoryIds": ["pantry"]}, {"id": "w320103-9300617408802", "store": "woolworths", "name": "Europe Summer Roll ", "brand": "Europe", "price": 1, "orgPrice": 2, "imagePath": "https://cdn0.woolworths.media/content/wowproductimages/large/320103.jpg", "cupPrice": "$2.50 / 100g", "unit": "each", "packageSize": "40g bar", "barcode": ["9300617408802"], "isAvailable": true, "categoryIds": ["pantry"]}, {"id": "w8896-8000500003787", "store": "woolworths", "name": "Ferrero Rocher Chocolates ", "brand": "Ferrero", "price": 6.3, "orgPrice": 12.6, "imagePath": "https://cdn0.woolworths.media/content/wowproductimages/large/008896.jpg", "cupPrice": "$3.15 / 100g", "unit": "each", "packageSize": "16 pack", "barcode": ["8000500003787"], "isAvailable": true, "categoryIds": ["pantry"]}, {"id": "w62661-9421904804234", "store": "woolworths", "name": "Goodnessme Fruit Nuggets Raspberry & Blueberry Duo", "brand": "Goodnessme", "price": 2, "orgPrice": 4, "imagePath": "https://cdn0.woolworths.media/content/wowproductimages/large/062661.jpg", "cupPrice": "$1.67 / 100g", "unit": "each", "packageSize": "8 pack", "barcode": ["9421904804234"], "isAvailable": true, "categoryIds": ["pantry"]}, {"id": "w62660-9421904804241", "store": "woolworths", "name": "Goodnessme Fruit Sticks Strawberry & Blueberry Duo", "brand": "Goodnessme", "price": 2, "orgPrice": 4, "imagePath": "https://cdn0.woolworths.media/content/wowproductimages/large/062660.jpg", "cupPrice": "$1.67 / 100g", "unit": "each", "packageSize": "8 pack", "barcode": ["9421904804241"], "isAvailable": true, "categoryIds": ["pantry"]}, {"id": "w53375-9300617074755", "store": "woolworths", "name": "Green & Black's Dark Chocolate Crisps Raisin & Hazelnuts", "brand": "Green & Black's", "price": 2.75, "orgPrice": 5.5, "imagePath": "https://cdn0.woolworths.media/content/wowproductimages/large/053375.jpg", "cupPrice": "$2.29 / 100g", "unit": "each", "packageSize": "120g", "barcode": ["9300617074755"], "isAvailable": true, "categoryIds": ["pantry"]}, {"id": "w53378-9300617074731", "store": "woolworths", "name": "Green & Black's Dark Chocolate Crisps Slated Caramel & Almonds", "brand": "Green & Black's", "price": 2.75, "orgPrice": 5.5, "imagePath": "https://cdn0.woolworths.media/content/wowproductimages/large/053378.jpg", "cupPrice": "$2.29 / 100g", "unit": "each", "packageSize": "120g", "barcode": ["9300617074731"], "isAvailable": true, "categoryIds": ["pantry"]}, {"id": "w2514-9300617074489", "store": "woolworths", "name": "Green & Black's Organic Dark Chocolate 70% Cocoa", "brand": "Green & Black's", "price": 2.12, "orgPrice": 4.25, "imagePath": "https://cdn0.woolworths.media/content/wowproductimages/large/002514.jpg", "cupPrice": "$2.36 / 100g", "unit": "each", "packageSize": "90g", "barcode": ["9300617074489"], "isAvailable": true, "categoryIds": ["pantry"]}, {"id": "w21568-9300657008369", "store": "woolworths", "name": "Greenseas Tuna Chunk In Olive Oil", "brand": "Greenseas", "price": 1, "orgPrice": 2, "imagePath": "https://cdn0.woolworths.media/content/wowproductimages/large/021568.jpg", "cupPrice": "$10.53 / 1kg", "unit": "each", "packageSize": "95g", "barcode": ["9300657008369"], "isAvailable": true, "categoryIds": ["pantry"]}, {"id": "w37250-9300657008444", "store": "woolworths", "name": "Greenseas Tuna Chunk In Spring Water", "brand": "Greenseas", "price": 1, "orgPrice": 2, "imagePath": "https://cdn0.woolworths.media/content/wowproductimages/large/037250.jpg", "cupPrice": "$10.53 / 1kg", "unit": "each", "packageSize": "95g", "barcode": ["9300657008444"], "isAvailable": true, "categoryIds": ["pantry"]}, {"id": "w32153-93657341", "store": "woolworths", "name": "Greenseas Tuna Chunks In Brine", "brand": "Greenseas", "price": 1, "orgPrice": 2, "imagePath": "https://cdn0.woolworths.media/content/wowproductimages/large/032153.jpg", "cupPrice": "$10.53 / 1kg", "unit": "each", "packageSize": "95g", "barcode": ["93657341"], "isAvailable": true, "categoryIds": ["pantry"]}, {"id": "w7733-93305143", "store": "woolworths", "name": "Greenseas Tuna Lemon Pepper", "brand": "Greenseas", "price": 1, "orgPrice": 2, "imagePath": "https://cdn0.woolworths.media/content/wowproductimages/large/007733.jpg", "cupPrice": "$10.53 / 1kg", "unit": "each", "packageSize": "95g", "barcode": ["93305143"], "isAvailable": true, "categoryIds": ["pantry"]}, {"id": "w7707-93305150", "store": "woolworths", "name": "Greenseas Tuna Natural Smoked Flavour", "brand": "Greenseas", "price": 1, "orgPrice": 2, "imagePath": "https://cdn0.woolworths.media/content/wowproductimages/large/007707.jpg", "cupPrice": "$10.53 / 1kg", "unit": "each", "packageSize": "95g", "barcode": ["93305150"], "isAvailable": true, "categoryIds": ["pantry"]}, {"id": "w21569-93657686", "store": "woolworths", "name": "Greenseas Tuna Sandwich Flakes", "brand": "Greenseas", "price": 1, "orgPrice": 2, "imagePath": "https://cdn0.woolworths.media/content/wowproductimages/large/021569.jpg", "cupPrice": "$10.53 / 1kg", "unit": "each", "packageSize": "95g", "barcode": ["93657686"], "isAvailable": true, "categoryIds": ["pantry"]}, {"id": "w185814-9300657029357", "store": "woolworths", "name": "Greenseas Tuna Spicy Chilli", "brand": "Greenseas", "price": 1, "orgPrice": 2, "imagePath": "https://cdn0.woolworths.media/content/wowproductimages/large/185814.jpg", "cupPrice": "$10.53 / 1kg", "unit": "each", "packageSize": "95g", "barcode": ["9300657029357"], "isAvailable": true, "categoryIds": ["pantry"]}, {"id": "w185815-9300657029364", "store": "woolworths", "name": "Greenseas Tuna Sundried Tomato & Onion", "brand": "Greenseas", "price": 1, "orgPrice": 2, "imagePath": "https://cdn0.woolworths.media/content/wowproductimages/large/185815.jpg", "cupPrice": "$10.53 / 1kg", "unit": "each", "packageSize": "95g", "barcode": ["9300657029364"], "isAvailable": true, "categoryIds": ["pantry"]}, {"id": "w85719-93430906", "store": "woolworths", "name": "Greenseas Tuna Sweet Chilli", "brand": "Greenseas", "price": 1, "orgPrice": 2, "imagePath": "https://cdn0.woolworths.media/content/wowproductimages/large/085719.jpg", "cupPrice": "$10.53 / 1kg", "unit": "each", "packageSize": "95g", "barcode": ["93430906"], "isAvailable": true, "categoryIds": ["pantry"]}, {"id": "w7648-93305174", "store": "woolworths", "name": "Greenseas Tuna Tomato & Onion", "brand": "Greenseas", "price": 1, "orgPrice": 2, "imagePath": "https://cdn0.woolworths.media/content/wowproductimages/large/007648.jpg", "cupPrice": "$10.53 / 1kg", "unit": "each", "packageSize": "95g", "barcode": ["93305174"], "isAvailable": true, "categoryIds": ["pantry"]}, {"id": "w34331-9300657005009", "store": "woolworths", "name": "Heinz Canned Soup Big Red Tomato", "brand": "Heinz", "price": 1.1, "orgPrice": 2.2, "imagePath": "https://cdn0.woolworths.media/content/wowproductimages/large/034331.jpg", "cupPrice": "$0.26 / 100g", "unit": "each", "packageSize": "420g", "barcode": ["9300657005009"], "isAvailable": true, "categoryIds": ["pantry"]}, {"id": "w79077-9300657006075", "store": "woolworths", "name": "Heinz Canned Soup Big Red Tomato Salt Reduced", "brand": "Heinz", "price": 1.1, "orgPrice": 2.2, "imagePath": "https://cdn0.woolworths.media/content/wowproductimages/large/079077.jpg", "cupPrice": "$0.26 / 100g", "unit": "each", "packageSize": "420g", "barcode": ["9300657006075"], "isAvailable": true, "categoryIds": ["pantry"]}, {"id": "w55718-9310055103887", "store": "woolworths", "name": "Kellogg's Nutri-grain Nuts & Bolts Smoky Bbq Trail Mix", "brand": "Kellogg's", "price": 2, "orgPrice": 4, "imagePath": "https://cdn0.woolworths.media/content/wowproductimages/large/055718.jpg", "cupPrice": "$16.67 / 1kg", "unit": "each", "packageSize": "120g", "barcode": ["9310055103887"], "isAvailable": true, "categoryIds": ["pantry"]}, {"id": "w55679-9310055103870", "store": "woolworths", "name": "Kellogg's Nutri-grain Nuts & Bolts Spice Trail Mix", "brand": "Kellogg's", "price": 2, "orgPrice": 4, "imagePath": "https://cdn0.woolworths.media/content/wowproductimages/large/055679.jpg", "cupPrice": "$16.67 / 1kg", "unit": "each", "packageSize": "120g", "barcode": ["9310055103870"], "isAvailable": true, "categoryIds": ["pantry"]}, {"id": "w66527-80052760", "store": "woolworths", "name": "Kinder Bueno Chocolate ", "brand": "Kinder", "price": 1, "orgPrice": 2, "imagePath": "https://cdn0.woolworths.media/content/wowproductimages/large/066527.jpg", "cupPrice": "$2.33 / 100g", "unit": "each", "packageSize": "43g bar", "barcode": ["80052760"], "isAvailable": true, "categoryIds": ["pantry"]}, {"id": "w532344-93698108", "store": "woolworths", "name": "Kinder Bueno White ", "brand": "Kinder", "price": 1, "orgPrice": 2, "imagePath": "https://cdn0.woolworths.media/content/wowproductimages/large/532344.jpg", "cupPrice": "$2.56 / 100g", "unit": "each", "packageSize": "39g", "barcode": ["93698108"], "isAvailable": true, "categoryIds": ["pantry"]}, {"id": "w253845-80050094", "store": "woolworths", "name": "Kinder Chocolate Maxi T1", "brand": "Kinder", "price": 0.5, "orgPrice": 1, "imagePath": "https://cdn0.woolworths.media/content/wowproductimages/large/253845.jpg", "cupPrice": "$1.39 / 100g", "unit": "each", "packageSize": "21g", "barcode": ["80050094"], "isAvailable": true, "categoryIds": ["pantry"]}, {"id": "w380595-8003340093116", "store": "woolworths", "name": "Lindt Lindor Chocolate Balls Cornet Assorted", "brand": "Lindt", "price": 10, "orgPrice": 20, "imagePath": "https://cdn0.woolworths.media/content/wowproductimages/large/380595.jpg", "cupPrice": "$2.97 / 100g", "unit": "each", "packageSize": "337g box", "barcode": ["8003340093116"], "isAvailable": true, "categoryIds": ["pantry"]}, {"id": "w380596-8003340093109", "store": "woolworths", "name": "Lindt Lindor Chocolate Balls Cornet Milk", "brand": "Lindt", "price": 10, "orgPrice": 20, "imagePath": "https://cdn0.woolworths.media/content/wowproductimages/large/380596.jpg", "cupPrice": "$2.97 / 100g", "unit": "each", "packageSize": "337g box", "barcode": ["8003340093109"], "isAvailable": true, "categoryIds": ["pantry"]}, {"id": "w60901-9310064005387", "store": "woolworths", "name": "Lucky Smart Snax Mind & Body Mix", "brand": "Lucky", "price": 2.5, "orgPrice": 5, "imagePath": "https://cdn0.woolworths.media/content/wowproductimages/large/060901.jpg", "cupPrice": "$17.86 / 1kg", "unit": "each", "packageSize": "140g", "barcode": ["9310064005387"], "isAvailable": true, "categoryIds": ["pantry"]}, {"id": "w60713-9310064004892", "store": "woolworths", "name": "Lucky Smart Snax Natural Antioxidants Mix", "brand": "Lucky", "price": 2.5, "orgPrice": 5, "imagePath": "https://cdn0.woolworths.media/content/wowproductimages/large/060713.jpg", "cupPrice": "$17.86 / 1kg", "unit": "each", "packageSize": "140g", "barcode": ["9310064004892"], "isAvailable": true, "categoryIds": ["pantry"]}, {"id": "w60912-9310064005431", "store": "woolworths", "name": "Lucky Smart Snax Protein Mix ", "brand": "Lucky", "price": 2.5, "orgPrice": 5, "imagePath": "https://cdn0.woolworths.media/content/wowproductimages/large/060912.jpg", "cupPrice": "$16.67 / 1kg", "unit": "each", "packageSize": "150g", "barcode": ["9310064005431"], "isAvailable": true, "categoryIds": ["pantry"]}, {"id": "w697823-9300682050142", "store": "woolworths", "name": "M&m's Caramel Chocolate Medium Bag", "brand": "M&m's", "price": 2.12, "orgPrice": 4.25, "imagePath": "https://cdn0.woolworths.media/content/wowproductimages/large/697823.jpg", "cupPrice": "$1.63 / 100g", "unit": "each", "packageSize": "130g", "barcode": ["9300682050142"], "isAvailable": true, "categoryIds": ["pantry"]}, {"id": "w460574-9300682047548", "store": "woolworths", "name": "M&m's Crispy Chocolate Medium Bag", "brand": "M&m's", "price": 2.12, "orgPrice": 4.25, "imagePath": "https://cdn0.woolworths.media/content/wowproductimages/large/460574.jpg", "cupPrice": "$1.46 / 100g", "unit": "each", "packageSize": "145g", "barcode": ["9300682047548"], "isAvailable": true, "categoryIds": ["pantry"]}, {"id": "w460247-9300682047623", "store": "woolworths", "name": "M&m's Milk Chocolate Medium Bag", "brand": "M&m's", "price": 2.12, "orgPrice": 4.25, "imagePath": "https://cdn0.woolworths.media/content/wowproductimages/large/460247.jpg", "cupPrice": "$1.18 / 100g", "unit": "each", "packageSize": "180g", "barcode": ["9300682047623"], "isAvailable": true, "categoryIds": ["pantry"]}, {"id": "w579-40000000396", "store": "woolworths", "name": "M&m's Mini's Chocolate Tube", "brand": "M&m's", "price": 0.89, "orgPrice": 2, "imagePath": "https://cdn0.woolworths.media/content/wowproductimages/large/000579.jpg", "cupPrice": "$2.54 / 100g", "unit": "each", "packageSize": "35g", "barcode": ["40000000396"], "isAvailable": true, "categoryIds": ["pantry"]}, {"id": "w460813-9300682047562", "store": "woolworths", "name": "M&m's Minis Chocolate Medium Bag", "brand": "M&m's", "price": 2.12, "orgPrice": 4.25, "imagePath": "https://cdn0.woolworths.media/content/wowproductimages/large/460813.jpg", "cupPrice": "$1.46 / 100g", "unit": "each", "packageSize": "145g", "barcode": ["9300682047562"], "isAvailable": true, "categoryIds": ["pantry"]}, {"id": "w75762-9300682056540", "store": "woolworths", "name": "M&m's Mint Medium Pouch ", "brand": "M&m's", "price": 2.12, "orgPrice": 4.25, "imagePath": "https://cdn0.woolworths.media/content/wowproductimages/large/075762.jpg", "cupPrice": "$1.33 / 100g", "unit": "each", "packageSize": "160g", "barcode": ["9300682056540"], "isAvailable": true, "categoryIds": ["pantry"]}, {"id": "w460570-9300682047647", "store": "woolworths", "name": "M&m's Peanut Chocolate Medium Bag", "brand": "M&m's", "price": 2.12, "orgPrice": 4.25, "imagePath": "https://cdn0.woolworths.media/content/wowproductimages/large/460570.jpg", "cupPrice": "$1.18 / 100g", "unit": "each", "packageSize": "180g", "barcode": ["9300682047647"], "isAvailable": true, "categoryIds": ["pantry"]}, {"id": "w75701-9300682056243", "store": "woolworths", "name": "Maltesers Extra Choc Medium Pouch ", "brand": "Maltesers", "price": 2.12, "orgPrice": 4.25, "imagePath": "https://cdn0.woolworths.media/content/wowproductimages/large/075701.jpg", "cupPrice": "$1.77 / 100g", "unit": "each", "packageSize": "120g", "barcode": ["9300682056243"], "isAvailable": true, "categoryIds": ["pantry"]}, {"id": "w54405-9300682055567", "store": "woolworths", "name": "Maltesers Milk Chocolate Buttons Medium Bag", "brand": "Maltesers", "price": 2.12, "orgPrice": 4.25, "imagePath": "https://cdn0.woolworths.media/content/wowproductimages/large/054405.jpg", "cupPrice": "$1.77 / 100g", "unit": "each", "packageSize": "120g", "barcode": ["9300682055567"], "isAvailable": true, "categoryIds": ["pantry"]}, {"id": "w460245-9300682047500", "store": "woolworths", "name": "Maltesers Milk Chocolate Medium Bag", "brand": "Maltesers", "price": 2.12, "orgPrice": 4.25, "imagePath": "https://cdn0.woolworths.media/content/wowproductimages/large/460245.jpg", "cupPrice": "$1.51 / 100g", "unit": "each", "packageSize": "140g", "barcode": ["9300682047500"], "isAvailable": true, "categoryIds": ["pantry"]}, {"id": "w90681-9300682057257", "store": "woolworths", "name": "Mars Caramel Sundae Chocolate Bar ", "brand": "Mars", "price": 0.89, "orgPrice": 2, "imagePath": "https://cdn0.woolworths.media/content/wowproductimages/large/090681.jpg", "cupPrice": "$1.96 / 100g", "unit": "each", "packageSize": "45.5g", "barcode": ["9300682057257"], "isAvailable": true, "categoryIds": ["pantry"]}, {"id": "w98378-93682459", "store": "woolworths", "name": "Mars Chocolate Bar", "brand": "Mars", "price": 0.89, "orgPrice": 2, "imagePath": "https://cdn0.woolworths.media/content/wowproductimages/large/098378.jpg", "cupPrice": "$1.68 / 100g", "unit": "each", "packageSize": "53g", "barcode": ["93682459"], "isAvailable": true, "categoryIds": ["pantry"]}, {"id": "w76173-9300682056441", "store": "woolworths", "name": "Mars Pods Smores Chocolate Medium Bag", "brand": "Mars", "price": 2.12, "orgPrice": 4.25, "imagePath": "https://cdn0.woolworths.media/content/wowproductimages/large/076173.jpg", "cupPrice": "$1.33 / 100g", "unit": "each", "packageSize": "160g", "barcode": ["9300682056441"], "isAvailable": true, "categoryIds": ["pantry"]}, {"id": "w893090-9300682046480", "store": "woolworths", "name": "Milky Way Chocolate Bar ", "brand": "Milky Way", "price": 0.89, "orgPrice": 2, "imagePath": "https://cdn0.woolworths.media/content/wowproductimages/large/893090.jpg", "cupPrice": "$1.68 / 100g", "unit": "each", "packageSize": "53g", "barcode": ["9300682046480"], "isAvailable": true, "categoryIds": ["pantry"]}, {"id": "w76623-9300605129702", "store": "woolworths", "name": "Nestle Kit Kat Gooey Caramel ", "brand": "Nestle", "price": 1, "orgPrice": 2, "imagePath": "https://cdn0.woolworths.media/content/wowproductimages/large/076623.jpg", "cupPrice": "$2.22 / 100g", "unit": "each", "packageSize": "45g", "barcode": ["9300605129702"], "isAvailable": true, "categoryIds": ["pantry"]}, {"id": "w76621-9300605129696", "store": "woolworths", "name": "Nestle Kit Kat Mint Chocolate Fudge ", "brand": "Nestle", "price": 1, "orgPrice": 2, "imagePath": "https://cdn0.woolworths.media/content/wowproductimages/large/076621.jpg", "cupPrice": "$2.22 / 100g", "unit": "each", "packageSize": "45g", "barcode": ["9300605129696"], "isAvailable": true, "categoryIds": ["pantry"]}, {"id": "w82043-9310015249273", "store": "woolworths", "name": "Off The Eaten Path Pea & Pinto Bean Sticks Cheddar & Chives", "brand": "Off The Eaten Path", "price": 2, "orgPrice": 4, "imagePath": "https://cdn0.woolworths.media/content/wowproductimages/large/082043.jpg", "cupPrice": "$2.00 / 100g", "unit": "each", "packageSize": "100g", "barcode": ["9310015249273"], "isAvailable": true, "categoryIds": ["pantry"]}, {"id": "w857027-9310015246357", "store": "woolworths", "name": "Off The Eaten Path Pea & Pinto Bean Sticks Sea Salt", "brand": "Off The Eaten Path", "price": 2, "orgPrice": 4, "imagePath": "https://cdn0.woolworths.media/content/wowproductimages/large/857027.jpg", "cupPrice": "$2.00 / 100g", "unit": "each", "packageSize": "100g", "barcode": ["9310015246357"], "isAvailable": true, "categoryIds": ["pantry"]}, {"id": "w81969-9310015249280", "store": "woolworths", "name": "Off The Eaten Path Pea & Pinto Bean Sticks Sweet Chilli & Sour Cream", "brand": "Off The Eaten Path", "price": 2, "orgPrice": 4, "imagePath": "https://cdn0.woolworths.media/content/wowproductimages/large/081969.jpg", "cupPrice": "$2.00 / 100g", "unit": "each", "packageSize": "100g", "barcode": ["9310015249280"], "isAvailable": true, "categoryIds": ["pantry"]}, {"id": "w68619-9300695002305", "store": "woolworths", "name": "Old El Paso Burrito Dinner Kit", "brand": "Old El Paso", "price": 3.25, "orgPrice": 6.5, "imagePath": "https://cdn0.woolworths.media/content/wowproductimages/large/068619.jpg", "cupPrice": "$0.67 / 100g", "unit": "each", "packageSize": "485g", "barcode": ["9300695002305"], "isAvailable": true, "categoryIds": ["pantry"]}, {"id": "w760341-8410076471987", "store": "woolworths", "name": "Old El Paso Chili & Garlic Mexican Rice Kit", "brand": "Old El Paso", "price": 3.25, "orgPrice": 6.5, "imagePath": "https://cdn0.woolworths.media/content/wowproductimages/large/760341.jpg", "cupPrice": "$0.92 / 100g", "unit": "each", "packageSize": "355g", "barcode": ["8410076471987"], "isAvailable": true, "categoryIds": ["pantry"]}, {"id": "w31429-9300695001810", "store": "woolworths", "name": "Old El Paso Enchilada Dinner Kit", "brand": "Old El Paso", "price": 3.25, "orgPrice": 6.5, "imagePath": "https://cdn0.woolworths.media/content/wowproductimages/large/031429.jpg", "cupPrice": "$0.63 / 100g", "unit": "each", "packageSize": "520g", "barcode": ["9300695001810"], "isAvailable": true, "categoryIds": ["pantry"]}, {"id": "w248678-9300695008383", "store": "woolworths", "name": "Old El Paso Fajita Dinner Kit", "brand": "Old El Paso", "price": 3.25, "orgPrice": 6.5, "imagePath": "https://cdn0.woolworths.media/content/wowproductimages/large/248678.jpg", "cupPrice": "$0.67 / 100g", "unit": "each", "packageSize": "485g", "barcode": ["9300695008383"], "isAvailable": true, "categoryIds": ["pantry"]}, {"id": "w88332-9300695008772", "store": "woolworths", "name": "Old El Paso Fiery Soft Taco Kit Hot ", "brand": "Old El Paso", "price": 3.25, "orgPrice": 6.5, "imagePath": "https://cdn0.woolworths.media/content/wowproductimages/large/088332.jpg", "cupPrice": "$0.80 / 100g", "unit": "each", "packageSize": "405g", "barcode": ["9300695008772"], "isAvailable": true, "categoryIds": ["pantry"]}, {"id": "w680455-8410076473967", "store": "woolworths", "name": "Old El Paso Gluten Free Soft Taco Kit", "brand": "Old El Paso", "price": 3.5, "orgPrice": 7, "imagePath": "https://cdn0.woolworths.media/content/wowproductimages/large/680455.jpg", "cupPrice": "$0.84 / 100g", "unit": "each", "packageSize": "418g", "barcode": ["8410076473967"], "isAvailable": true, "categoryIds": ["pantry"]}, {"id": "w8396-8410076474247", "store": "woolworths", "name": "Old El Paso Gluten Free Enchilada Kit ", "brand": "Old El Paso", "price": 3.5, "orgPrice": 7, "imagePath": "https://cdn0.woolworths.media/content/wowproductimages/large/008396.jpg", "cupPrice": "$0.68 / 100g", "unit": "each", "packageSize": "518g", "barcode": ["8410076474247"], "isAvailable": true, "categoryIds": ["pantry"]}, {"id": "w251433-9300695008420", "store": "woolworths", "name": "Old El Paso Hard N Soft Taco Kit", "brand": "Old El Paso", "price": 3.5, "orgPrice": 7, "imagePath": "https://cdn0.woolworths.media/content/wowproductimages/large/251433.jpg", "cupPrice": "$1.00 / 100g", "unit": "each", "packageSize": "350g", "barcode": ["9300695008420"], "isAvailable": true, "categoryIds": ["pantry"]}, {"id": "w210693-9300695003739", "store": "woolworths", "name": "Old El Paso Jumbo Taco Kit", "brand": "Old El Paso", "price": 3.25, "orgPrice": 6.5, "imagePath": "https://cdn0.woolworths.media/content/wowproductimages/large/210693.jpg", "cupPrice": "$0.94 / 100g", "unit": "each", "packageSize": "345g", "barcode": ["9300695003739"], "isAvailable": true, "categoryIds": ["pantry"]}, {"id": "w93453-9300695001254", "store": "woolworths", "name": "Old El Paso Mexican Sweet Paprika Taco Kit", "brand": "Old El Paso", "price": 3.25, "orgPrice": 6.5, "imagePath": "https://cdn0.woolworths.media/content/wowproductimages/large/093453.jpg", "cupPrice": "$1.12 / 100g", "unit": "each", "packageSize": "290g", "barcode": ["9300695001254"], "isAvailable": true, "categoryIds": ["pantry"]}, {"id": "w511956-9300695007195", "store": "woolworths", "name": "Old El Paso Mini Taco Kit ", "brand": "Old El Paso", "price": 3.5, "orgPrice": 7, "imagePath": "https://cdn0.woolworths.media/content/wowproductimages/large/511956.jpg", "cupPrice": "$1.27 / 100g", "unit": "each", "packageSize": "275g", "barcode": ["9300695007195"], "isAvailable": true, "categoryIds": ["pantry"]}, {"id": "w2037-9300695001872", "store": "woolworths", "name": "Old El Paso Soft Taco Dinner Kit", "brand": "Old El Paso", "price": 3.25, "orgPrice": 6.5, "imagePath": "https://cdn0.woolworths.media/content/wowproductimages/large/002037.jpg", "cupPrice": "$0.80 / 100g", "unit": "each", "packageSize": "405g", "barcode": ["9300695001872"], "isAvailable": true, "categoryIds": ["pantry"]}, {"id": "w787266-8410076472182", "store": "woolworths", "name": "Old El Paso Stand 'n Stuff Soft Taco Kit", "brand": "Old El Paso", "price": 3.5, "orgPrice": 7, "imagePath": "https://cdn0.woolworths.media/content/wowproductimages/large/787266.jpg", "cupPrice": "$1.01 / 100g", "unit": "each", "packageSize": "348g", "barcode": ["8410076472182"], "isAvailable": true, "categoryIds": ["pantry"]}, {"id": "w228154-9300695003975", "store": "woolworths", "name": "Old El Paso Stand N Stuff Taco Kit", "brand": "Old El Paso", "price": 3.5, "orgPrice": 7, "imagePath": "https://cdn0.woolworths.media/content/wowproductimages/large/228154.jpg", "cupPrice": "$1.19 / 100g", "unit": "each", "packageSize": "295g", "barcode": ["9300695003975"], "isAvailable": true, "categoryIds": ["pantry"]}, {"id": "w262265-9300695004576", "store": "woolworths", "name": "Old El Paso Taco Soft Crispy Chicken Dinner Kit", "brand": "Old El Paso", "price": 3.25, "orgPrice": 6.5, "imagePath": "https://cdn0.woolworths.media/content/wowproductimages/large/262265.jpg", "cupPrice": "$0.88 / 100g", "unit": "each", "packageSize": "370g", "barcode": ["9300695004576"], "isAvailable": true, "categoryIds": ["pantry"]}, {"id": "w819744-9310034001197", "store": "woolworths", "name": "Oreo Wafer Bites Vanilla", "brand": "Oreo", "price": 0.75, "orgPrice": 1.5, "imagePath": "https://cdn0.woolworths.media/content/wowproductimages/large/819744.jpg", "cupPrice": "$1.60 / 100g", "unit": "each", "packageSize": "47g", "barcode": ["9310034001197"], "isAvailable": true, "categoryIds": ["pantry"]}, {"id": "w460628-9300682047913", "store": "woolworths", "name": "Pods Mars Chocolate Medium Bag", "brand": "Pods", "price": 2.12, "orgPrice": 4.25, "imagePath": "https://cdn0.woolworths.media/content/wowproductimages/large/460628.jpg", "cupPrice": "$1.33 / 100g", "unit": "each", "packageSize": "160g", "barcode": ["9300682047913"], "isAvailable": true, "categoryIds": ["pantry"]}, {"id": "w460811-9300682047944", "store": "woolworths", "name": "Pods Snickers Chocolate Medium Bag", "brand": "Pods", "price": 2.12, "orgPrice": 4.25, "imagePath": "https://cdn0.woolworths.media/content/wowproductimages/large/460811.jpg", "cupPrice": "$1.33 / 100g", "unit": "each", "packageSize": "160g", "barcode": ["9300682047944"], "isAvailable": true, "categoryIds": ["pantry"]}, {"id": "w82858-9310015248818", "store": "woolworths", "name": "Red Rock Deli Honey Soy Chicken Chips ", "brand": "Red Rock Deli", "price": 1.05, "orgPrice": 2.1, "imagePath": "https://cdn0.woolworths.media/content/wowproductimages/large/082858.jpg", "cupPrice": "$2.10 / 100g", "unit": "each", "packageSize": "50g", "barcode": ["9310015248818"], "isAvailable": true, "categoryIds": ["pantry"]}, {"id": "w58321-9326666010285", "store": "woolworths", "name": "Sam's Pantry Baked Caramel Granola With Multigrain", "brand": "Sam's Pantry", "price": 2.5, "orgPrice": 5, "imagePath": "https://cdn0.woolworths.media/content/wowproductimages/large/058321.jpg", "cupPrice": "$0.56 / 100g", "unit": "each", "packageSize": "450g", "barcode": ["9326666010285"], "isAvailable": true, "categoryIds": ["pantry"]}, {"id": "w58313-9326666010209", "store": "woolworths", "name": "Sam's Pantry Berry & Chia Bircher With Pink Lady Apple Natural Muesli", "brand": "Sam's Pantry", "price": 2.5, "orgPrice": 5, "imagePath": "https://cdn0.woolworths.media/content/wowproductimages/large/058313.jpg", "cupPrice": "$0.50 / 100g", "unit": "each", "packageSize": "500g", "barcode": ["9326666010209"], "isAvailable": true, "categoryIds": ["pantry"]}, {"id": "w58250-9326666010254", "store": "woolworths", "name": "Sam's Pantry Berry Baked Granola With Infused Wholegrains", "brand": "Sam's Pantry", "price": 2.5, "orgPrice": 5, "imagePath": "https://cdn0.woolworths.media/content/wowproductimages/large/058250.jpg", "cupPrice": "$0.56 / 100g", "unit": "each", "packageSize": "450g", "barcode": ["9326666010254"], "isAvailable": true, "categoryIds": ["pantry"]}, {"id": "w58315-9326666010247", "store": "woolworths", "name": "Sam's Pantry Butter Baked Oats With Roasted Almonds Toasted Muesli", "brand": "Sam's Pantry", "price": 2.5, "orgPrice": 5, "imagePath": "https://cdn0.woolworths.media/content/wowproductimages/large/058315.jpg", "cupPrice": "$0.53 / 100g", "unit": "each", "packageSize": "475g", "barcode": ["9326666010247"], "isAvailable": true, "categoryIds": ["pantry"]}, {"id": "w78313-9326666010353", "store": "woolworths", "name": "Sam's Pantry Creamy Warm Vanilla Porridge Sachets", "brand": "Sam's Pantry", "price": 2.5, "orgPrice": 5, "imagePath": "https://cdn0.woolworths.media/content/wowproductimages/large/078313.jpg", "cupPrice": "$0.74 / 100g", "unit": "each", "packageSize": "8 pack", "barcode": ["9326666010353"], "isAvailable": true, "categoryIds": ["pantry"]}, {"id": "w58249-9326666010230", "store": "woolworths", "name": "Sam's Pantry Crispy Coconut With Golden Flakes Toasted Muesli", "brand": "Sam's Pantry", "price": 2.5, "orgPrice": 5, "imagePath": "https://cdn0.woolworths.media/content/wowproductimages/large/058249.jpg", "cupPrice": "$0.53 / 100g", "unit": "each", "packageSize": "475g", "barcode": ["9326666010230"], "isAvailable": true, "categoryIds": ["pantry"]}, {"id": "w79726-9326666010346", "store": "woolworths", "name": "Sam's Pantry Decadent Salted Caramel Porridge Sachets", "brand": "Sam's Pantry", "price": 2.5, "orgPrice": 5, "imagePath": "https://cdn0.woolworths.media/content/wowproductimages/large/079726.jpg", "cupPrice": "$0.74 / 100g", "unit": "each", "packageSize": "8 pack", "barcode": ["9326666010346"], "isAvailable": true, "categoryIds": ["pantry"]}, {"id": "w58314-9326666010223", "store": "woolworths", "name": "Sam's Pantry Fruit Toast-ed With Super Seeds Toasted Muesli", "brand": "Sam's Pantry", "price": 2.5, "orgPrice": 5, "imagePath": "https://cdn0.woolworths.media/content/wowproductimages/large/058314.jpg", "cupPrice": "$0.53 / 100g", "unit": "each", "packageSize": "475g", "barcode": ["9326666010223"], "isAvailable": true, "categoryIds": ["pantry"]}, {"id": "w58319-9326666010278", "store": "woolworths", "name": "Sam's Pantry Honey Oat Bake With Roasted Almonds Granola", "brand": "Sam's Pantry", "price": 2.5, "orgPrice": 5, "imagePath": "https://cdn0.woolworths.media/content/wowproductimages/large/058319.jpg", "cupPrice": "$0.56 / 100g", "unit": "each", "packageSize": "450g", "barcode": ["9326666010278"], "isAvailable": true, "categoryIds": ["pantry"]}, {"id": "w58251-9326666010261", "store": "woolworths", "name": "Sam's Pantry Nut Butter Granola With Vine Fruits", "brand": "Sam's Pantry", "price": 2.5, "orgPrice": 5, "imagePath": "https://cdn0.woolworths.media/content/wowproductimages/large/058251.jpg", "cupPrice": "$0.56 / 100g", "unit": "each", "packageSize": "450g", "barcode": ["9326666010261"], "isAvailable": true, "categoryIds": ["pantry"]}, {"id": "w78316-9326666010308", "store": "woolworths", "name": "Sam's Pantry Pink Lady Apple & Cinnamon Porridge Sachets", "brand": "Sam's Pantry", "price": 2.5, "orgPrice": 5, "imagePath": "https://cdn0.woolworths.media/content/wowproductimages/large/078316.jpg", "cupPrice": "$0.74 / 100g", "unit": "each", "packageSize": "8 pack", "barcode": ["9326666010308"], "isAvailable": true, "categoryIds": ["pantry"]}, {"id": "w78286-9326666010322", "store": "woolworths", "name": "Sam's Pantry Rich Hot Choc Porridge Sachets", "brand": "Sam's Pantry", "price": 2.5, "orgPrice": 5, "imagePath": "https://cdn0.woolworths.media/content/wowproductimages/large/078286.jpg", "cupPrice": "$0.74 / 100g", "unit": "each", "packageSize": "8 pack", "barcode": ["9326666010322"], "isAvailable": true, "categoryIds": ["pantry"]}, {"id": "w78315-9326666010315", "store": "woolworths", "name": "Sam's Pantry Scorched Honey Almond Porridge Sachets", "brand": "Sam's Pantry", "price": 2.5, "orgPrice": 5, "imagePath": "https://cdn0.woolworths.media/content/wowproductimages/large/078315.jpg", "cupPrice": "$0.74 / 100g", "unit": "each", "packageSize": "8 pack", "barcode": ["9326666010315"], "isAvailable": true, "categoryIds": ["pantry"]}, {"id": "w78289-9326666010360", "store": "woolworths", "name": "Sam's Pantry Special Harvest Quick Oats ", "brand": "Sam's Pantry", "price": 2.5, "orgPrice": 5, "imagePath": "https://cdn0.woolworths.media/content/wowproductimages/large/078289.jpg", "cupPrice": "$0.25 / 100g", "unit": "each", "packageSize": "1kg", "barcode": ["9326666010360"], "isAvailable": true, "categoryIds": ["pantry"]}, {"id": "w78290-9326666010377", "store": "woolworths", "name": "Sam's Pantry Special Harvest Rolled Oats ", "brand": "Sam's Pantry", "price": 2.5, "orgPrice": 5, "imagePath": "https://cdn0.woolworths.media/content/wowproductimages/large/078290.jpg", "cupPrice": "$0.25 / 100g", "unit": "each", "packageSize": "1kg", "barcode": ["9326666010377"], "isAvailable": true, "categoryIds": ["pantry"]}, {"id": "w78288-9326666010339", "store": "woolworths", "name": "Sam's Pantry Super Berries & Cream Porridge Sachets", "brand": "Sam's Pantry", "price": 2.5, "orgPrice": 5, "imagePath": "https://cdn0.woolworths.media/content/wowproductimages/large/078288.jpg", "cupPrice": "$0.74 / 100g", "unit": "each", "packageSize": "8 pack", "barcode": ["9326666010339"], "isAvailable": true, "categoryIds": ["pantry"]}, {"id": "w58248-9326666010216", "store": "woolworths", "name": "Sam's Pantry Swiss Muesli With Fruits & Nuts Natural Muesli", "brand": "Sam's Pantry", "price": 2.5, "orgPrice": 5, "imagePath": "https://cdn0.woolworths.media/content/wowproductimages/large/058248.jpg", "cupPrice": "$0.50 / 100g", "unit": "each", "packageSize": "500g", "barcode": ["9326666010216"], "isAvailable": true, "categoryIds": ["pantry"]}, {"id": "w347863-9300613105460", "store": "woolworths", "name": "Skittles Fruits Lollies Large Bag ", "brand": "Skittles", "price": 2.12, "orgPrice": 4.3, "imagePath": "https://cdn0.woolworths.media/content/wowproductimages/large/347863.jpg", "cupPrice": "$1.06 / 100g", "unit": "each", "packageSize": "200g", "barcode": ["9300613105460"], "isAvailable": true, "categoryIds": ["pantry"]}, {"id": "w348781-9300613105446", "store": "woolworths", "name": "Skittles Sours Lollies Large Bag ", "brand": "Skittles", "price": 2.12, "orgPrice": 4.3, "imagePath": "https://cdn0.woolworths.media/content/wowproductimages/large/348781.jpg", "cupPrice": "$1.12 / 100g", "unit": "each", "packageSize": "190g", "barcode": ["9300613105446"], "isAvailable": true, "categoryIds": ["pantry"]}, {"id": "w586678-9310015243677", "store": "woolworths", "name": "Smith's Cheese & Onion ", "brand": "Smith's", "price": 1.05, "orgPrice": 2.1, "imagePath": "https://cdn0.woolworths.media/content/wowproductimages/large/586678.jpg", "cupPrice": "$1.75 / 100g", "unit": "each", "packageSize": "60g", "barcode": ["9310015243677"], "isAvailable": true, "categoryIds": ["pantry"]}, {"id": "w586821-9310015243691", "store": "woolworths", "name": "Smith's Chicken ", "brand": "Smith's", "price": 1.05, "orgPrice": 2.1, "imagePath": "https://cdn0.woolworths.media/content/wowproductimages/large/586821.jpg", "cupPrice": "$1.75 / 100g", "unit": "each", "packageSize": "60g", "barcode": ["9310015243691"], "isAvailable": true, "categoryIds": ["pantry"]}, {"id": "w586813-9310015243684", "store": "woolworths", "name": "Smith's Original ", "brand": "Smith's", "price": 1.05, "orgPrice": 2.1, "imagePath": "https://cdn0.woolworths.media/content/wowproductimages/large/586813.jpg", "cupPrice": "$1.75 / 100g", "unit": "each", "packageSize": "60g", "barcode": ["9310015243684"], "isAvailable": true, "categoryIds": ["pantry"]}, {"id": "w586815-9310015243707", "store": "woolworths", "name": "Smith's Salt & Vinegar ", "brand": "Smith's", "price": 1.05, "orgPrice": 2.1, "imagePath": "https://cdn0.woolworths.media/content/wowproductimages/large/586815.jpg", "cupPrice": "$1.75 / 100g", "unit": "each", "packageSize": "60g", "barcode": ["9310015243707"], "isAvailable": true, "categoryIds": ["pantry"]}, {"id": "w785455-9300682052825", "store": "woolworths", "name": "Snickers Chocolate Bar", "brand": "Snickers", "price": 0.89, "orgPrice": 2, "imagePath": "https://cdn0.woolworths.media/content/wowproductimages/large/785455.jpg", "cupPrice": "$1.78 / 100g", "unit": "each", "packageSize": "50g", "barcode": ["9300682052825"], "isAvailable": true, "categoryIds": ["pantry"]}, {"id": "w87796-4607065738624", "store": "woolworths", "name": "Snickers Crisper Chocolate Bar ", "brand": "Snickers", "price": 0.89, "orgPrice": 2, "imagePath": "https://cdn0.woolworths.media/content/wowproductimages/large/087796.jpg", "cupPrice": "$2.23 / 100g", "unit": "each", "packageSize": "40g", "barcode": ["4607065738624"], "isAvailable": true, "categoryIds": ["pantry"]}, {"id": "w17299-9334279006069", "store": "woolworths", "name": "Street Kitchen Rice Paper Rolls Kit With Hoisin", "brand": "Street Kitchen", "price": 3, "orgPrice": 6, "imagePath": "https://cdn0.woolworths.media/content/wowproductimages/large/017299.jpg", "cupPrice": "$2.07 / 100g", "unit": "each", "packageSize": "145g", "barcode": ["9334279006069"], "isAvailable": true, "categoryIds": ["pantry"]}, {"id": "w354357-9310988009461", "store": "woolworths", "name": "Thins Cheese & Onion Chips", "brand": "Thins", "price": 1.75, "orgPrice": 3.5, "imagePath": "https://cdn0.woolworths.media/content/wowproductimages/large/354357.jpg", "cupPrice": "$1.00 / 100g", "unit": "each", "packageSize": "175g", "barcode": ["9310988009461"], "isAvailable": true, "categoryIds": ["pantry"]}, {"id": "w319967-9310988009478", "store": "woolworths", "name": "Thins Chips Chicken", "brand": "Thins", "price": 1.75, "orgPrice": 3.5, "imagePath": "https://cdn0.woolworths.media/content/wowproductimages/large/319967.jpg", "cupPrice": "$1.00 / 100g", "unit": "each", "packageSize": "175g", "barcode": ["9310988009478"], "isAvailable": true, "categoryIds": ["pantry"]}, {"id": "w274324-9310988009287", "store": "woolworths", "name": "Thins Chips Original", "brand": "Thins", "price": 1.75, "orgPrice": 3.5, "imagePath": "https://cdn0.woolworths.media/content/wowproductimages/large/274324.jpg", "cupPrice": "$1.00 / 100g", "unit": "each", "packageSize": "175g", "barcode": ["9310988009287"], "isAvailable": true, "categoryIds": ["pantry"]}, {"id": "w274326-9310988009294", "store": "woolworths", "name": "Thins Chips Light & Tangy", "brand": "Thins", "price": 1.75, "orgPrice": 3.5, "imagePath": "https://cdn0.woolworths.media/content/wowproductimages/large/274326.jpg", "cupPrice": "$1.00 / 100g", "unit": "each", "packageSize": "175g", "barcode": ["9310988009294"], "isAvailable": true, "categoryIds": ["pantry"]}, {"id": "w319951-9310988009270", "store": "woolworths", "name": "Thins Chips Salt & Vinegar", "brand": "Thins", "price": 1.75, "orgPrice": 3.5, "imagePath": "https://cdn0.woolworths.media/content/wowproductimages/large/319951.jpg", "cupPrice": "$1.00 / 100g", "unit": "each", "packageSize": "175g", "barcode": ["9310988009270"], "isAvailable": true, "categoryIds": ["pantry"]}, {"id": "w55497-9310988017664", "store": "woolworths", "name": "Thins Hot & Spicy Potato Chips ", "brand": "Thins", "price": 1.75, "orgPrice": 3.5, "imagePath": "https://cdn0.woolworths.media/content/wowproductimages/large/055497.jpg", "cupPrice": "$1.00 / 100g", "unit": "each", "packageSize": "175g", "barcode": ["9310988017664"], "isAvailable": true, "categoryIds": ["pantry"]}, {"id": "w47011-76145513", "store": "woolworths", "name": "Toblerone Milk Chocolate Bar ", "brand": "Toblerone", "price": 1, "orgPrice": 2, "imagePath": "https://cdn0.woolworths.media/content/wowproductimages/large/047011.jpg", "cupPrice": "$2.00 / 100g", "unit": "each", "packageSize": "50g", "barcode": ["76145513"], "isAvailable": true, "categoryIds": ["pantry"]}, {"id": "w81659-9310015248788", "store": "woolworths", "name": "Twisties Cheese Chips ", "brand": "Twisties", "price": 1, "orgPrice": 2, "imagePath": "https://cdn0.woolworths.media/content/wowproductimages/large/081659.jpg", "cupPrice": "$1.11 / 100g", "unit": "each", "packageSize": "90g", "barcode": ["9310015248788"], "isAvailable": true, "categoryIds": ["pantry"]}, {"id": "w82392-9310015248771", "store": "woolworths", "name": "Twisties Chicken Chips ", "brand": "Twisties", "price": 1, "orgPrice": 2, "imagePath": "https://cdn0.woolworths.media/content/wowproductimages/large/082392.jpg", "cupPrice": "$1.11 / 100g", "unit": "each", "packageSize": "90g", "barcode": ["9310015248771"], "isAvailable": true, "categoryIds": ["pantry"]}, {"id": "w657419-9300682051385", "store": "woolworths", "name": "Twix Chocolate Bar", "brand": "Twix", "price": 0.89, "orgPrice": 2, "imagePath": "https://cdn0.woolworths.media/content/wowproductimages/large/657419.jpg", "cupPrice": "$1.78 / 100g", "unit": "each", "packageSize": "50g", "barcode": ["9300682051385"], "isAvailable": true, "categoryIds": ["pantry"]}, {"id": "w471954-9350515001018", "store": "woolworths", "name": "Tyrrell's Chips Cheddar & Chives", "brand": "Tyrrell's", "price": 2.25, "orgPrice": 4.5, "imagePath": "https://cdn0.woolworths.media/content/wowproductimages/large/471954.jpg", "cupPrice": "$1.36 / 100g", "unit": "each", "packageSize": "165g bag", "barcode": ["9350515001018"], "isAvailable": true, "categoryIds": ["pantry"]}, {"id": "w471968-9350515001001", "store": "woolworths", "name": "Tyrrell's Chips Lightly Salted", "brand": "Tyrrell's", "price": 2.25, "orgPrice": 4.5, "imagePath": "https://cdn0.woolworths.media/content/wowproductimages/large/471968.jpg", "cupPrice": "$1.36 / 100g", "unit": "each", "packageSize": "165g bag", "barcode": ["9350515001001"], "isAvailable": true, "categoryIds": ["pantry"]}, {"id": "w61683-9350007005043", "store": "woolworths", "name": "Upbeat Blueberry Coconut Porridge", "brand": "Upbeat", "price": 2, "orgPrice": 4, "imagePath": "https://cdn0.woolworths.media/content/wowproductimages/large/061683.jpg", "cupPrice": "$3.08 / 100g", "unit": "each", "packageSize": "65g", "barcode": ["9350007005043"], "isAvailable": true, "categoryIds": ["pantry"]}, {"id": "w61682-9350007005029", "store": "woolworths", "name": "Upbeat Chocolate Porridge ", "brand": "Upbeat", "price": 2, "orgPrice": 4, "imagePath": "https://cdn0.woolworths.media/content/wowproductimages/large/061682.jpg", "cupPrice": "$3.08 / 100g", "unit": "each", "packageSize": "65g", "barcode": ["9350007005029"], "isAvailable": true, "categoryIds": ["pantry"]}, {"id": "w61687-9350007006026", "store": "woolworths", "name": "Upbeat Coconut Curried Lentils ", "brand": "Upbeat", "price": 2.5, "orgPrice": 5, "imagePath": "https://cdn0.woolworths.media/content/wowproductimages/large/061687.jpg", "cupPrice": "$3.13 / 100g", "unit": "each", "packageSize": "80g", "barcode": ["9350007006026"], "isAvailable": true, "categoryIds": ["pantry"]}, {"id": "w61686-9350007006019", "store": "woolworths", "name": "Upbeat Creamy Mushroom Buckwheat", "brand": "Upbeat", "price": 2.5, "orgPrice": 5, "imagePath": "https://cdn0.woolworths.media/content/wowproductimages/large/061686.jpg", "cupPrice": "$3.13 / 100g", "unit": "each", "packageSize": "80g", "barcode": ["9350007006019"], "isAvailable": true, "categoryIds": ["pantry"]}, {"id": "w61711-9350007005036", "store": "woolworths", "name": "Upbeat Spiced Apricot Buckwheat Porridge", "brand": "Upbeat", "price": 2, "orgPrice": 4, "imagePath": "https://cdn0.woolworths.media/content/wowproductimages/large/061711.jpg", "cupPrice": "$3.08 / 100g", "unit": "each", "packageSize": "65g", "barcode": ["9350007005036"], "isAvailable": true, "categoryIds": ["pantry"]}, {"id": "w61674-9350007005067", "store": "woolworths", "name": "Upbeat Tex Mex Quinoa ", "brand": "Upbeat", "price": 2.5, "orgPrice": 5, "imagePath": "https://cdn0.woolworths.media/content/wowproductimages/large/061674.jpg", "cupPrice": "$3.13 / 100g", "unit": "each", "packageSize": "80g", "barcode": ["9350007005067"], "isAvailable": true, "categoryIds": ["pantry"]}, {"id": "w61685-9350007005081", "store": "woolworths", "name": "Upbeat Thai Curry Lentils ", "brand": "Upbeat", "price": 2.5, "orgPrice": 5, "imagePath": "https://cdn0.woolworths.media/content/wowproductimages/large/061685.jpg", "cupPrice": "$3.13 / 100g", "unit": "each", "packageSize": "80g", "barcode": ["9350007005081"], "isAvailable": true, "categoryIds": ["pantry"]}, {"id": "w61684-9350007005050", "store": "woolworths", "name": "Upbeat Three Grain Raspberry Porridge", "brand": "Upbeat", "price": 2, "orgPrice": 4, "imagePath": "https://cdn0.woolworths.media/content/wowproductimages/large/061684.jpg", "cupPrice": "$2.86 / 100g", "unit": "each", "packageSize": "70g", "barcode": ["9350007005050"], "isAvailable": true, "categoryIds": ["pantry"]}, {"id": "w297415-94314243", "store": "woolworths", "name": "Whittaker's Almond Slab Milk Chocolate", "brand": "Whittaker's", "price": 1, "orgPrice": 2, "imagePath": "https://cdn0.woolworths.media/content/wowproductimages/large/297415.jpg", "cupPrice": "$2.22 / 100g", "unit": "each", "packageSize": "45g bar", "barcode": ["94314243"], "isAvailable": true, "categoryIds": ["pantry"]}, {"id": "w224461-94314205", "store": "woolworths", "name": "Whittaker's Coconut Slab Milk Chocolate", "brand": "Whittaker's", "price": 1, "orgPrice": 2, "imagePath": "https://cdn0.woolworths.media/content/wowproductimages/large/224461.jpg", "cupPrice": "$2.00 / 100g", "unit": "each", "packageSize": "50g bar", "barcode": ["94314205"], "isAvailable": true, "categoryIds": ["pantry"]}, {"id": "w71484-94314212", "store": "woolworths", "name": "Whittaker's Peanut Slab Milk Chocolate", "brand": "Whittaker's", "price": 1, "orgPrice": 2, "imagePath": "https://cdn0.woolworths.media/content/wowproductimages/large/071484.jpg", "cupPrice": "$2.00 / 100g", "unit": "each", "packageSize": "50g bar", "barcode": ["94314212"], "isAvailable": true, "categoryIds": ["pantry"]}, {"id": "w54540-7640110709122", "store": "woolworths", "name": "Whole Earth Stevia Tablets ", "brand": "Whole Earth", "price": 2.25, "orgPrice": 4.5, "imagePath": "https://cdn0.woolworths.media/content/wowproductimages/large/054540.jpg", "cupPrice": "$2.25 / 100ea", "unit": "each", "packageSize": "100 pack", "barcode": ["7640110709122"], "isAvailable": true, "categoryIds": ["pantry"]}, {"id": "w191046-9310161001480", "store": "woolworths", "name": "Bulla Creamy Classics Ice Cream Cookies & Cream", "brand": "Bulla", "price": 4.25, "orgPrice": 8.5, "imagePath": "https://cdn0.woolworths.media/content/wowproductimages/large/191046.jpg", "cupPrice": "$0.21 / 100ml", "unit": "each", "packageSize": "2l tub", "barcode": ["9310161001480"], "isAvailable": true, "categoryIds": ["freezer"]}, {"id": "w259612-9310161005488", "store": "woolworths", "name": "Bulla Creamy Classics Ice Cream Mint Choc Chip", "brand": "Bulla", "price": 4.25, "orgPrice": 8.5, "imagePath": "https://cdn0.woolworths.media/content/wowproductimages/large/259612.jpg", "cupPrice": "$0.21 / 100ml", "unit": "each", "packageSize": "2l tub", "barcode": ["9310161005488"], "isAvailable": true, "categoryIds": ["freezer"]}, {"id": "w191048-9310161001497", "store": "woolworths", "name": "Bulla Creamy Classics Ice Cream Rich Choc Chip", "brand": "Bulla", "price": 4.25, "orgPrice": 8.5, "imagePath": "https://cdn0.woolworths.media/content/wowproductimages/large/191048.jpg", "cupPrice": "$0.21 / 100ml", "unit": "each", "packageSize": "2l tub", "barcode": ["9310161001497"], "isAvailable": true, "categoryIds": ["freezer"]}, {"id": "w52304-9310161015203", "store": "woolworths", "name": "Bulla Creamy Classics Ice Cream Sandwich Vanilla Choc Fudge", "brand": "Bulla", "price": 4.25, "orgPrice": 8.5, "imagePath": "https://cdn0.woolworths.media/content/wowproductimages/large/052304.jpg", "cupPrice": "$0.71 / 100ml", "unit": "each", "packageSize": "4 pack", "barcode": ["9310161015203"], "isAvailable": true, "categoryIds": ["freezer"]}, {"id": "w191043-9310161001343", "store": "woolworths", "name": "Bulla Creamy Classics Ice Cream Vanilla", "brand": "Bulla", "price": 4.25, "orgPrice": 8.5, "imagePath": "https://cdn0.woolworths.media/content/wowproductimages/large/191043.jpg", "cupPrice": "$0.21 / 100ml", "unit": "each", "packageSize": "2l tub", "barcode": ["9310161001343"], "isAvailable": true, "categoryIds": ["freezer"]}, {"id": "w574618-9310161012110", "store": "woolworths", "name": "Bulla Creamy Classics Ice Cream Vanilla & Boysenberry", "brand": "Bulla", "price": 4.25, "orgPrice": 8.5, "imagePath": "https://cdn0.woolworths.media/content/wowproductimages/large/574618.jpg", "cupPrice": "$0.21 / 100ml", "unit": "each", "packageSize": "2l", "barcode": ["9310161012110"], "isAvailable": true, "categoryIds": ["freezer"]}, {"id": "w86921-9347043001955", "store": "woolworths", "name": "Cadbury Cherry Ripe Ice Cream Sticks ", "brand": "Cadbury", "price": 4.25, "orgPrice": 8.5, "imagePath": "https://cdn0.woolworths.media/content/wowproductimages/large/086921.jpg", "cupPrice": "$1.18 / 100ml", "unit": "each", "packageSize": "4 pack", "barcode": ["9347043001955"], "isAvailable": true, "categoryIds": ["freezer"]}, {"id": "w51739-9347043001740", "store": "woolworths", "name": "Cadbury Crunchie Bars ", "brand": "Cadbury", "price": 4.25, "orgPrice": 8.5, "imagePath": "https://cdn0.woolworths.media/content/wowproductimages/large/051739.jpg", "cupPrice": "$1.42 / 100ml", "unit": "each", "packageSize": "4 pack", "barcode": ["9347043001740"], "isAvailable": true, "categoryIds": ["freezer"]}, {"id": "w51738-9347042002793", "store": "woolworths", "name": "Connoisseur Bush Honey & Nougat Tub", "brand": "Connoisseur", "price": 5, "orgPrice": 10, "imagePath": "https://cdn0.woolworths.media/content/wowproductimages/large/051738.jpg", "cupPrice": "$1.06 / 100ml", "unit": "each", "packageSize": "470ml", "barcode": ["9347042002793"], "isAvailable": true, "categoryIds": ["freezer"]}, {"id": "w22497-9310076666361", "store": "woolworths", "name": "Golden Wok Asian Mini Dim Sims", "brand": "Golden Wok", "price": 5, "orgPrice": 10, "imagePath": "https://cdn0.woolworths.media/content/wowproductimages/large/022497.jpg", "cupPrice": "$0.76 / 100g", "unit": "each", "packageSize": "660g", "barcode": ["9310076666361"], "isAvailable": true, "categoryIds": ["freezer"]}, {"id": "w62048-9336529005990", "store": "woolworths", "name": "Heavenly Banquet Chicken & Ginger Dumplings ", "brand": "Heavenly Banquet", "price": 7.5, "orgPrice": 15, "imagePath": "https://cdn0.woolworths.media/content/wowproductimages/large/062048.jpg", "cupPrice": "$1.00 / 100g", "unit": "each", "packageSize": "750g", "barcode": ["9336529005990"], "isAvailable": true, "categoryIds": ["freezer"]}, {"id": "w62049-9336529006003", "store": "woolworths", "name": "Heavenly Banquet Pork & Prawn Dumplings ", "brand": "Heavenly Banquet", "price": 7.5, "orgPrice": 15, "imagePath": "https://cdn0.woolworths.media/content/wowproductimages/large/062049.jpg", "cupPrice": "$1.00 / 100g", "unit": "each", "packageSize": "750g", "barcode": ["9336529006003"], "isAvailable": true, "categoryIds": ["freezer"]}, {"id": "w62047-9336529005983", "store": "woolworths", "name": "Heavenly Banquet Pork & Spring Onion Dumpling ", "brand": "Heavenly Banquet", "price": 7.5, "orgPrice": 15, "imagePath": "https://cdn0.woolworths.media/content/wowproductimages/large/062047.jpg", "cupPrice": "$1.00 / 100g", "unit": "each", "packageSize": "750g", "barcode": ["9336529005983"], "isAvailable": true, "categoryIds": ["freezer"]}, {"id": "w87392-9311008461016", "store": "woolworths", "name": "Louis & Marie Meringue Semifreddo ", "brand": "Louis & Marie", "price": 4, "orgPrice": 8, "imagePath": "https://cdn0.woolworths.media/content/wowproductimages/large/087392.jpg", "cupPrice": "$3.33 / 100g", "unit": "each", "packageSize": "120g", "barcode": ["9311008461016"], "isAvailable": true, "categoryIds": ["freezer"]}, {"id": "w765590-9310375000026", "store": "woolworths", "name": "Marathon Spring Rolls 4pk", "brand": "Marathon", "price": 3.25, "orgPrice": 6.5, "imagePath": "https://cdn0.woolworths.media/content/wowproductimages/large/765590.jpg", "cupPrice": "$0.51 / 100g", "unit": "each", "packageSize": "640g", "barcode": ["9310375000026"], "isAvailable": true, "categoryIds": ["freezer"]}, {"id": "w822821-9310174172245", "store": "woolworths", "name": "Mccain Oh My Veg Brussel Sprouts With Balsamic Glaze & Red Onion", "brand": "Mccain", "price": 1.75, "orgPrice": 3.5, "imagePath": "https://cdn0.woolworths.media/content/wowproductimages/large/822821.jpg", "cupPrice": "$8.75 / 1kg", "unit": "each", "packageSize": "200g", "barcode": ["9310174172245"], "isAvailable": true, "categoryIds": ["freezer"]}, {"id": "w822831-9310174172252", "store": "woolworths", "name": "Mccain Oh My Veg Garlic Butter Beans & Mushroom", "brand": "Mccain", "price": 1.75, "orgPrice": 3.5, "imagePath": "https://cdn0.woolworths.media/content/wowproductimages/large/822831.jpg", "cupPrice": "$8.75 / 1kg", "unit": "each", "packageSize": "200g", "barcode": ["9310174172252"], "isAvailable": true, "categoryIds": ["freezer"]}, {"id": "w822850-9310174172276", "store": "woolworths", "name": "Mccain Ohmyveg Moroccan Spice Mix ", "brand": "Mccain", "price": 1.75, "orgPrice": 3.5, "imagePath": "https://cdn0.woolworths.media/content/wowproductimages/large/822850.jpg", "cupPrice": "$7.61 / 1kg", "unit": "each", "packageSize": "230g", "barcode": ["9310174172276"], "isAvailable": true, "categoryIds": ["freezer"]}, {"id": "w679660-9339687034307", "store": "woolworths", "name": "Woolworths Frozen Lemon Slices ", "brand": "Woolworths", "price": 2, "orgPrice": 4, "imagePath": "https://cdn0.woolworths.media/content/wowproductimages/large/679660.jpg", "cupPrice": "$4.44 / 1kg", "unit": "each", "packageSize": "450g", "barcode": ["9339687034307"], "isAvailable": true, "categoryIds": ["freezer"]}, {"id": "w761612-41570080856", "store": "woolworths", "name": "Almond Breeze Flavoured Chocolate Milk", "brand": "Almond Breeze", "price": 1.25, "orgPrice": 2.7, "imagePath": "https://cdn0.woolworths.media/content/wowproductimages/large/761612.jpg", "cupPrice": "$1.25 / 1l", "unit": "each", "packageSize": "1l", "barcode": ["41570080856"], "isAvailable": true, "categoryIds": ["drinks"]}, {"id": "w427069-9300675072403", "store": "woolworths", "name": "Fuze Ice Tea Mango", "brand": "Fuze", "price": 1.65, "orgPrice": 3.3, "imagePath": "https://cdn0.woolworths.media/content/wowproductimages/large/427069.jpg", "cupPrice": "$1.32 / 1l", "unit": "each", "packageSize": "1.25l", "barcode": ["9300675072403"], "isAvailable": true, "categoryIds": ["drinks"]}, {"id": "w427068-9300675072502", "store": "woolworths", "name": "Fuze Ice Tea Peach", "brand": "Fuze", "price": 1.65, "orgPrice": 3.3, "imagePath": "https://cdn0.woolworths.media/content/wowproductimages/large/427068.jpg", "cupPrice": "$1.32 / 1l", "unit": "each", "packageSize": "1.25l", "barcode": ["9300675072502"], "isAvailable": true, "categoryIds": ["drinks"]}, {"id": "w195108-5011546451466", "store": "woolworths", "name": "Nescafe Coffee Mixer Sachets Cappuccino", "brand": "Nescafe", "price": 3.15, "orgPrice": 6.3, "imagePath": "https://cdn0.woolworths.media/content/wowproductimages/large/195108.jpg", "cupPrice": "$0.32 / 1ea", "unit": "each", "packageSize": "10 pack", "barcode": ["5011546451466"], "isAvailable": true, "categoryIds": ["drinks"]}, {"id": "w226908-8801055061815", "store": "woolworths", "name": "Nescafe Coffee Mixer Sachets Caramel Latte", "brand": "Nescafe", "price": 3.15, "orgPrice": 6.3, "imagePath": "https://cdn0.woolworths.media/content/wowproductimages/large/226908.jpg", "cupPrice": "$1.85 / 100g", "unit": "each", "packageSize": "10 pack", "barcode": ["8801055061815"], "isAvailable": true, "categoryIds": ["drinks"]}, {"id": "w226666-8801055061846", "store": "woolworths", "name": "Nescafe Coffee Mixer Sachets Latte Hazelnut", "brand": "Nescafe", "price": 3.15, "orgPrice": 6.3, "imagePath": "https://cdn0.woolworths.media/content/wowproductimages/large/226666.jpg", "cupPrice": "$1.75 / 100g", "unit": "each", "packageSize": "10 pack", "barcode": ["8801055061846"], "isAvailable": true, "categoryIds": ["drinks"]}, {"id": "w226906-8801055061808", "store": "woolworths", "name": "Nescafe Coffee Mixer Sachets Latte Vanilla", "brand": "Nescafe", "price": 3.15, "orgPrice": 6.3, "imagePath": "https://cdn0.woolworths.media/content/wowproductimages/large/226906.jpg", "cupPrice": "$1.70 / 100g", "unit": "each", "packageSize": "10 pack", "barcode": ["8801055061808"], "isAvailable": true, "categoryIds": ["drinks"]}, {"id": "w226106-8801055062799", "store": "woolworths", "name": "Nescafe Coffee Mixer Sachets Mocha", "brand": "Nescafe", "price": 3.15, "orgPrice": 6.3, "imagePath": "https://cdn0.woolworths.media/content/wowproductimages/large/226106.jpg", "cupPrice": "$1.75 / 100g", "unit": "each", "packageSize": "10 pack", "barcode": ["8801055062799"], "isAvailable": true, "categoryIds": ["drinks"]}, {"id": "w259079-8801055062287", "store": "woolworths", "name": "Nescafe Coffee Mixer Sachets Strong Cappucino", "brand": "Nescafe", "price": 3.15, "orgPrice": 6.3, "imagePath": "https://cdn0.woolworths.media/content/wowproductimages/large/259079.jpg", "cupPrice": "$2.39 / 100g", "unit": "each", "packageSize": "10 pack", "barcode": ["8801055062287"], "isAvailable": true, "categoryIds": ["drinks"]}, {"id": "w22780-9300605126411", "store": "woolworths", "name": "Nescafe Decaf Cappuccino Coffee Sachets", "brand": "Nescafe", "price": 3.15, "orgPrice": 6.3, "imagePath": "https://cdn0.woolworths.media/content/wowproductimages/large/022780.jpg", "cupPrice": "$0.32 / 1ea", "unit": "each", "packageSize": "10 pack", "barcode": ["9300605126411"], "isAvailable": true, "categoryIds": ["drinks"]}, {"id": "w22769-9300605127395", "store": "woolworths", "name": "Nescafe Gold Cappuccino Intense ", "brand": "Nescafe", "price": 3.15, "orgPrice": 6.3, "imagePath": "https://cdn0.woolworths.media/content/wowproductimages/large/022769.jpg", "cupPrice": "$0.39 / 1ea", "unit": "each", "packageSize": "8 pack", "barcode": ["9300605127395"], "isAvailable": true, "categoryIds": ["drinks"]}, {"id": "w22774-9300605127388", "store": "woolworths", "name": "Nescafe Gold Cappucino ", "brand": "Nescafe", "price": 3.15, "orgPrice": 6.3, "imagePath": "https://cdn0.woolworths.media/content/wowproductimages/large/022774.jpg", "cupPrice": "$0.39 / 1ea", "unit": "each", "packageSize": "8 pack", "barcode": ["9300605127388"], "isAvailable": true, "categoryIds": ["drinks"]}, {"id": "w22768-9300605127104", "store": "woolworths", "name": "Nescafe Gold Creme Brulee ", "brand": "Nescafe", "price": 3.15, "orgPrice": 6.3, "imagePath": "https://cdn0.woolworths.media/content/wowproductimages/large/022768.jpg", "cupPrice": "$0.39 / 1ea", "unit": "each", "packageSize": "8 pack", "barcode": ["9300605127104"], "isAvailable": true, "categoryIds": ["drinks"]}, {"id": "w22823-9300605126466", "store": "woolworths", "name": "Nescafe Latte ", "brand": "Nescafe", "price": 3.15, "orgPrice": 6.3, "imagePath": "https://cdn0.woolworths.media/content/wowproductimages/large/022823.jpg", "cupPrice": "$0.32 / 1ea", "unit": "each", "packageSize": "10 pack", "barcode": ["9300605126466"], "isAvailable": true, "categoryIds": ["drinks"]}, {"id": "w785627-9369999603052", "store": "woolworths", "name": "Raw C Coconut Water Pure Natural", "brand": "Raw C", "price": 2.5, "orgPrice": 5, "imagePath": "https://cdn0.woolworths.media/content/wowproductimages/large/785627.jpg", "cupPrice": "$2.50 / 1l", "unit": "each", "packageSize": "1l", "barcode": ["9369999603052"], "isAvailable": true, "categoryIds": ["drinks"]}, {"id": "w59520-9337824002721", "store": "woolworths", "name": "Little Bellies Organic Beetroot & Carrot Oatcakes", "brand": "Little Bellies", "price": 2.25, "orgPrice": 4.5, "imagePath": "https://cdn0.woolworths.media/content/wowproductimages/large/059520.jpg", "cupPrice": "$2.81 / 100g", "unit": "each", "packageSize": "80g", "barcode": ["9337824002721"], "isAvailable": true, "categoryIds": ["baby"]}, {"id": "w59524-9337824002738", "store": "woolworths", "name": "Little Bellies Organic Cheese Oatcakes", "brand": "Little Bellies", "price": 2.25, "orgPrice": 4.5, "imagePath": "https://cdn0.woolworths.media/content/wowproductimages/large/059524.jpg", "cupPrice": "$2.81 / 100g", "unit": "each", "packageSize": "80g", "barcode": ["9337824002738"], "isAvailable": true, "categoryIds": ["baby"]}, {"id": "w15599-9339687093595", "store": "woolworths", "name": "Little Wishes Essentials Soother 6 To18 Months", "brand": "Little Wishes", "price": 3, "orgPrice": 6, "imagePath": "https://cdn0.woolworths.media/content/wowproductimages/large/015599.jpg", "cupPrice": "$1.00 / 1ea", "unit": "each", "packageSize": "3 pack", "barcode": ["9339687093595"], "isAvailable": true, "categoryIds": ["baby"]}, {"id": "w15598-9339687093601", "store": "woolworths", "name": "Little Wishes Soother 0-6 Months ", "brand": "Little Wishes", "price": 3, "orgPrice": 6, "imagePath": "https://cdn0.woolworths.media/content/wowproductimages/large/015598.jpg", "cupPrice": "$1.00 / 1ea", "unit": "each", "packageSize": "3 pack", "barcode": ["9339687093601"], "isAvailable": true, "categoryIds": ["baby"]}, {"id": "w17206-9339687093571", "store": "woolworths", "name": "Little Wishes Weaning Pots ", "brand": "Little Wishes", "price": 2.5, "orgPrice": 5, "imagePath": "https://cdn0.woolworths.media/content/wowproductimages/large/017206.jpg", "cupPrice": "$1.75 / 1ea", "unit": "each", "packageSize": "2 pack", "barcode": ["9339687093571"], "isAvailable": true, "categoryIds": ["baby"]}, {"id": "w473585-9337303011725", "store": "woolworths", "name": "Active Wear Headbands Silicone Grip Soft", "brand": "Active Wear", "price": 3.45, "orgPrice": 6.99, "imagePath": "https://cdn0.woolworths.media/content/wowproductimages/large/473585.jpg", "cupPrice": null, "unit": "each", "packageSize": "5 pack", "barcode": ["9337303011725"], "isAvailable": true, "categoryIds": ["health-beauty"]}, {"id": "w650877-9337303014085", "store": "woolworths", "name": "Active Wear Thin Elastics ", "brand": "Active Wear", "price": 3, "orgPrice": 6, "imagePath": "https://cdn0.woolworths.media/content/wowproductimages/large/650877.jpg", "cupPrice": null, "unit": "each", "packageSize": "6 pack", "barcode": ["9337303014085"], "isAvailable": true, "categoryIds": ["health-beauty"]}, {"id": "w214684-8714789183800", "store": "woolworths", "name": "Colgate 360 Degrees Whole Mouth Clean Compact Head Toothbrush Medium", "brand": "Colgate", "price": 2.5, "orgPrice": 5, "imagePath": "https://cdn0.woolworths.media/content/wowproductimages/large/214684.jpg", "cupPrice": "$2.50 / 1ea", "unit": "each", "packageSize": "each", "barcode": ["8714789183800"], "isAvailable": true, "categoryIds": ["health-beauty"]}, {"id": "w214489-8714789183824", "store": "woolworths", "name": "Colgate 360 Degrees Whole Mouth Clean Compact Head Toothbrush Soft", "brand": "Colgate", "price": 2.5, "orgPrice": 5, "imagePath": "https://cdn0.woolworths.media/content/wowproductimages/large/214489.jpg", "cupPrice": "$2.50 / 1ea", "unit": "each", "packageSize": "each", "barcode": ["8714789183824"], "isAvailable": true, "categoryIds": ["health-beauty"]}, {"id": "w829190-8718951242180", "store": "woolworths", "name": "Colgate Pro Clinical 250+ Rechargeable Electric Toothbrush Soft White", "brand": "Colgate", "price": 25, "orgPrice": 50, "imagePath": "https://cdn0.woolworths.media/content/wowproductimages/large/829190.jpg", "cupPrice": "$25.00 / 1ea", "unit": "each", "packageSize": "each", "barcode": ["8718951242180"], "isAvailable": true, "categoryIds": ["health-beauty"]}, {"id": "w78345-8850006933268", "store": "woolworths", "name": "Colgate Proclinical 500r Whitening Electric Toothbrush", "brand": "Colgate", "price": 35, "orgPrice": 70, "imagePath": "https://cdn0.woolworths.media/content/wowproductimages/large/078345.jpg", "cupPrice": "$35.00 / 1ea", "unit": "each", "packageSize": "each", "barcode": ["8850006933268"], "isAvailable": true, "categoryIds": ["health-beauty"]}, {"id": "w52871-3600542221061", "store": "woolworths", "name": "Garnier Fructis Aloe Vera Hair Food Mask", "brand": "Garnier", "price": 6, "orgPrice": 12, "imagePath": "https://cdn0.woolworths.media/content/wowproductimages/large/052871.jpg", "cupPrice": "$1.54 / 100ml", "unit": "each", "packageSize": "390ml", "barcode": ["3600542221061"], "isAvailable": true, "categoryIds": ["health-beauty"]}, {"id": "w802568-8901526541263", "store": "woolworths", "name": "Garnier Fructis Coconut No Frizz Conditioner", "brand": "Garnier", "price": 3.5, "orgPrice": 7, "imagePath": "https://cdn0.woolworths.media/content/wowproductimages/large/802568.jpg", "cupPrice": "$1.11 / 100ml", "unit": "each", "packageSize": "315ml", "barcode": ["8901526541263"], "isAvailable": true, "categoryIds": ["health-beauty"]}, {"id": "w802567-8901526540761", "store": "woolworths", "name": "Garnier Fructis Coconut No Frizz Shampoo", "brand": "Garnier", "price": 3.5, "orgPrice": 7, "imagePath": "https://cdn0.woolworths.media/content/wowproductimages/large/802567.jpg", "cupPrice": "$1.11 / 100ml", "unit": "each", "packageSize": "315ml", "barcode": ["8901526540761"], "isAvailable": true, "categoryIds": ["health-beauty"]}, {"id": "w802560-8901526537068", "store": "woolworths", "name": "Garnier Fructis Coconut Water Conditioner", "brand": "Garnier", "price": 3.5, "orgPrice": 7, "imagePath": "https://cdn0.woolworths.media/content/wowproductimages/large/802560.jpg", "cupPrice": "$1.11 / 100ml", "unit": "each", "packageSize": "315ml", "barcode": ["8901526537068"], "isAvailable": true, "categoryIds": ["health-beauty"]}, {"id": "w802575-8901526538768", "store": "woolworths", "name": "Garnier Fructis Coconut Water Conditioner", "brand": "Garnier", "price": 7.5, "orgPrice": 15, "imagePath": "https://cdn0.woolworths.media/content/wowproductimages/large/802575.jpg", "cupPrice": "$0.88 / 100ml", "unit": "each", "packageSize": "850ml", "barcode": ["8901526538768"], "isAvailable": true, "categoryIds": ["health-beauty"]}, {"id": "w802539-8901526536764", "store": "woolworths", "name": "Garnier Fructis Coconut Water Shampoo", "brand": "Garnier", "price": 3.5, "orgPrice": 7, "imagePath": "https://cdn0.woolworths.media/content/wowproductimages/large/802539.jpg", "cupPrice": "$1.11 / 100ml", "unit": "each", "packageSize": "315ml", "barcode": ["8901526536764"], "isAvailable": true, "categoryIds": ["health-beauty"]}, {"id": "w802576-8901526537365", "store": "woolworths", "name": "Garnier Fructis Coconut Water Shampoo", "brand": "Garnier", "price": 7.5, "orgPrice": 15, "imagePath": "https://cdn0.woolworths.media/content/wowproductimages/large/802576.jpg", "cupPrice": "$0.88 / 100ml", "unit": "each", "packageSize": "850ml", "barcode": ["8901526537365"], "isAvailable": true, "categoryIds": ["health-beauty"]}, {"id": "w802538-8901526537112", "store": "woolworths", "name": "Garnier Fructis Colour Last Conditioner", "brand": "Garnier", "price": 3.5, "orgPrice": 7, "imagePath": "https://cdn0.woolworths.media/content/wowproductimages/large/802538.jpg", "cupPrice": "$1.11 / 100ml", "unit": "each", "packageSize": "315ml", "barcode": ["8901526537112"], "isAvailable": true, "categoryIds": ["health-beauty"]}, {"id": "w804092-8901526537662", "store": "woolworths", "name": "Garnier Fructis Colour Last Conditioner", "brand": "Garnier", "price": 7.5, "orgPrice": 15, "imagePath": "https://cdn0.woolworths.media/content/wowproductimages/large/804092.jpg", "cupPrice": "$0.88 / 100ml", "unit": "each", "packageSize": "850ml", "barcode": ["8901526537662"], "isAvailable": true, "categoryIds": ["health-beauty"]}, {"id": "w802537-8901526536818", "store": "woolworths", "name": "Garnier Fructis Colour Last Shampoo", "brand": "Garnier", "price": 3.5, "orgPrice": 7, "imagePath": "https://cdn0.woolworths.media/content/wowproductimages/large/802537.jpg", "cupPrice": "$1.11 / 100ml", "unit": "each", "packageSize": "315ml", "barcode": ["8901526536818"], "isAvailable": true, "categoryIds": ["health-beauty"]}, {"id": "w804095-8901526537419", "store": "woolworths", "name": "Garnier Fructis Colour Last Shampoo", "brand": "Garnier", "price": 7.5, "orgPrice": 15, "imagePath": "https://cdn0.woolworths.media/content/wowproductimages/large/804095.jpg", "cupPrice": "$0.88 / 100ml", "unit": "each", "packageSize": "850ml", "barcode": ["8901526537419"], "isAvailable": true, "categoryIds": ["health-beauty"]}, {"id": "w802562-8901526537167", "store": "woolworths", "name": "Garnier Fructis Full & Luscious Conditioner", "brand": "Garnier", "price": 3.5, "orgPrice": 7, "imagePath": "https://cdn0.woolworths.media/content/wowproductimages/large/802562.jpg", "cupPrice": "$1.11 / 100ml", "unit": "each", "packageSize": "315ml", "barcode": ["8901526537167"], "isAvailable": true, "categoryIds": ["health-beauty"]}, {"id": "w804089-8901526537716", "store": "woolworths", "name": "Garnier Fructis Full & Luscious Conditioner", "brand": "Garnier", "price": 7.5, "orgPrice": 15, "imagePath": "https://cdn0.woolworths.media/content/wowproductimages/large/804089.jpg", "cupPrice": "$0.88 / 100ml", "unit": "each", "packageSize": "850ml", "barcode": ["8901526537716"], "isAvailable": true, "categoryIds": ["health-beauty"]}, {"id": "w802561-8901526536863", "store": "woolworths", "name": "Garnier Fructis Full & Luscious Shampoo", "brand": "Garnier", "price": 3.5, "orgPrice": 7, "imagePath": "https://cdn0.woolworths.media/content/wowproductimages/large/802561.jpg", "cupPrice": "$1.11 / 100ml", "unit": "each", "packageSize": "315ml", "barcode": ["8901526536863"], "isAvailable": true, "categoryIds": ["health-beauty"]}, {"id": "w804101-8901526537464", "store": "woolworths", "name": "Garnier Fructis Full & Luscious Shampoo", "brand": "Garnier", "price": 7.5, "orgPrice": 15, "imagePath": "https://cdn0.woolworths.media/content/wowproductimages/large/804101.jpg", "cupPrice": "$0.88 / 100ml", "unit": "each", "packageSize": "850ml", "barcode": ["8901526537464"], "isAvailable": true, "categoryIds": ["health-beauty"]}, {"id": "w802535-8901526537266", "store": "woolworths", "name": "Garnier Fructis Normal Strength & Shine Conditioner", "brand": "Garnier", "price": 3.5, "orgPrice": 7, "imagePath": "https://cdn0.woolworths.media/content/wowproductimages/large/802535.jpg", "cupPrice": "$1.11 / 100ml", "unit": "each", "packageSize": "315ml", "barcode": ["8901526537266"], "isAvailable": true, "categoryIds": ["health-beauty"]}, {"id": "w802570-8901526538812", "store": "woolworths", "name": "Garnier Fructis Normal Strength & Shine Conditioner", "brand": "Garnier", "price": 7.5, "orgPrice": 15, "imagePath": "https://cdn0.woolworths.media/content/wowproductimages/large/802570.jpg", "cupPrice": "$0.88 / 100ml", "unit": "each", "packageSize": "850ml", "barcode": ["8901526538812"], "isAvailable": true, "categoryIds": ["health-beauty"]}, {"id": "w802536-8901526536962", "store": "woolworths", "name": "Garnier Fructis Normal Strength & Shine Shampoo", "brand": "Garnier", "price": 3.5, "orgPrice": 7, "imagePath": "https://cdn0.woolworths.media/content/wowproductimages/large/802536.jpg", "cupPrice": "$1.11 / 100ml", "unit": "each", "packageSize": "315ml", "barcode": ["8901526536962"], "isAvailable": true, "categoryIds": ["health-beauty"]}, {"id": "w802569-8901526537563", "store": "woolworths", "name": "Garnier Fructis Normal Strength & Shine Shampoo", "brand": "Garnier", "price": 7.5, "orgPrice": 15, "imagePath": "https://cdn0.woolworths.media/content/wowproductimages/large/802569.jpg", "cupPrice": "$0.88 / 100ml", "unit": "each", "packageSize": "850ml", "barcode": ["8901526537563"], "isAvailable": true, "categoryIds": ["health-beauty"]}, {"id": "w682765-3600542143585", "store": "woolworths", "name": "Garnier Fructis Nourishing Banana Hair Food", "brand": "Garnier", "price": 6, "orgPrice": 12, "imagePath": "https://cdn0.woolworths.media/content/wowproductimages/large/682765.jpg", "cupPrice": "$1.54 / 100ml", "unit": "each", "packageSize": "390ml", "barcode": ["3600542143585"], "isAvailable": true, "categoryIds": ["health-beauty"]}, {"id": "w802564-8901526537310", "store": "woolworths", "name": "Garnier Fructis Nutri-repair 3 Conditioner", "brand": "Garnier", "price": 3.5, "orgPrice": 7, "imagePath": "https://cdn0.woolworths.media/content/wowproductimages/large/802564.jpg", "cupPrice": "$1.11 / 100ml", "unit": "each", "packageSize": "315ml", "barcode": ["8901526537310"], "isAvailable": true, "categoryIds": ["health-beauty"]}, {"id": "w802572-8901526537815", "store": "woolworths", "name": "Garnier Fructis Nutri-repair 3 Conditioner", "brand": "Garnier", "price": 7.5, "orgPrice": 15, "imagePath": "https://cdn0.woolworths.media/content/wowproductimages/large/802572.jpg", "cupPrice": "$0.88 / 100ml", "unit": "each", "packageSize": "850ml", "barcode": ["8901526537815"], "isAvailable": true, "categoryIds": ["health-beauty"]}, {"id": "w802563-8901526537013", "store": "woolworths", "name": "Garnier Fructis Nutri-repair 3 Shampoo", "brand": "Garnier", "price": 3.5, "orgPrice": 7, "imagePath": "https://cdn0.woolworths.media/content/wowproductimages/large/802563.jpg", "cupPrice": "$1.11 / 100ml", "unit": "each", "packageSize": "315ml", "barcode": ["8901526537013"], "isAvailable": true, "categoryIds": ["health-beauty"]}, {"id": "w802571-8901526537617", "store": "woolworths", "name": "Garnier Fructis Nutri-repair 3 Shampoo", "brand": "Garnier", "price": 7.5, "orgPrice": 15, "imagePath": "https://cdn0.woolworths.media/content/wowproductimages/large/802571.jpg", "cupPrice": "$0.88 / 100ml", "unit": "each", "packageSize": "850ml", "barcode": ["8901526537617"], "isAvailable": true, "categoryIds": ["health-beauty"]}, {"id": "w744980-3600541214804", "store": "woolworths", "name": "Garnier Fructis Oil Treatment Miraculous", "brand": "Garnier", "price": 5.95, "orgPrice": 11.95, "imagePath": "https://cdn0.woolworths.media/content/wowproductimages/large/744980.jpg", "cupPrice": "$3.97 / 100ml", "unit": "each", "packageSize": "150ml", "barcode": ["3600541214804"], "isAvailable": true, "categoryIds": ["health-beauty"]}, {"id": "w682771-3600542143592", "store": "woolworths", "name": "Garnier Fructis Smoothing Macadamia Hair Food", "brand": "Garnier", "price": 6, "orgPrice": 12, "imagePath": "https://cdn0.woolworths.media/content/wowproductimages/large/682771.jpg", "cupPrice": "$1.54 / 100ml", "unit": "each", "packageSize": "390ml", "barcode": ["3600542143592"], "isAvailable": true, "categoryIds": ["health-beauty"]}, {"id": "w754041-3600541248120", "store": "woolworths", "name": "Garnier Olia 3.16 Deep Violet", "brand": "Garnier", "price": 8.5, "orgPrice": 17, "imagePath": "https://cdn0.woolworths.media/content/wowproductimages/large/754041.jpg", "cupPrice": null, "unit": "each", "packageSize": "1pk", "barcode": ["3600541248120"], "isAvailable": true, "categoryIds": ["health-beauty"]}, {"id": "w754033-3600541248779", "store": "woolworths", "name": "Garnier Olia 8.0 Blonde", "brand": "Garnier", "price": 8.5, "orgPrice": 17, "imagePath": "https://cdn0.woolworths.media/content/wowproductimages/large/754033.jpg", "cupPrice": null, "unit": "each", "packageSize": "1pk", "barcode": ["3600541248779"], "isAvailable": true, "categoryIds": ["health-beauty"]}, {"id": "w753975-3600541248175", "store": "woolworths", "name": "Garnier Olia 4.0 Dark Brown ", "brand": "Garnier", "price": 8.5, "orgPrice": 17, "imagePath": "https://cdn0.woolworths.media/content/wowproductimages/large/753975.jpg", "cupPrice": null, "unit": "each", "packageSize": "each", "barcode": ["3600541248175"], "isAvailable": true, "categoryIds": ["health-beauty"]}, {"id": "w753968-3600541248328", "store": "woolworths", "name": "Garnier Olia 5.0 Brown ", "brand": "Garnier", "price": 8.5, "orgPrice": 17, "imagePath": "https://cdn0.woolworths.media/content/wowproductimages/large/753968.jpg", "cupPrice": null, "unit": "each", "packageSize": "each", "barcode": ["3600541248328"], "isAvailable": true, "categoryIds": ["health-beauty"]}, {"id": "w754006-3600541248427", "store": "woolworths", "name": "Garnier Olia 5.3 Golden Brown ", "brand": "Garnier", "price": 8.5, "orgPrice": 17, "imagePath": "https://cdn0.woolworths.media/content/wowproductimages/large/754006.jpg", "cupPrice": null, "unit": "each", "packageSize": "each", "barcode": ["3600541248427"], "isAvailable": true, "categoryIds": ["health-beauty"]}, {"id": "w753970-3600541248526", "store": "woolworths", "name": "Garnier Olia 6.0 Light Brown ", "brand": "Garnier", "price": 8.5, "orgPrice": 17, "imagePath": "https://cdn0.woolworths.media/content/wowproductimages/large/753970.jpg", "cupPrice": null, "unit": "each", "packageSize": "each", "barcode": ["3600541248526"], "isAvailable": true, "categoryIds": ["health-beauty"]}, {"id": "w754029-3600541248670", "store": "woolworths", "name": "Garnier Olia 7.0 Dark Blonde ", "brand": "Garnier", "price": 8.5, "orgPrice": 17, "imagePath": "https://cdn0.woolworths.media/content/wowproductimages/large/754029.jpg", "cupPrice": null, "unit": "each", "packageSize": "each", "barcode": ["3600541248670"], "isAvailable": true, "categoryIds": ["health-beauty"]}, {"id": "w683526-3600542122863", "store": "woolworths", "name": "Garnier Olia Bold 4.26 Rose Violet ", "brand": "Garnier", "price": 8.5, "orgPrice": 17, "imagePath": "https://cdn0.woolworths.media/content/wowproductimages/large/683526.jpg", "cupPrice": null, "unit": "each", "packageSize": "each", "barcode": ["3600542122863"], "isAvailable": true, "categoryIds": ["health-beauty"]}, {"id": "w683527-3600542123211", "store": "woolworths", "name": "Garnier Olia Bold 7.22 Deep Rose ", "brand": "Garnier", "price": 8.5, "orgPrice": 17, "imagePath": "https://cdn0.woolworths.media/content/wowproductimages/large/683527.jpg", "cupPrice": null, "unit": "each", "packageSize": "each", "barcode": ["3600542123211"], "isAvailable": true, "categoryIds": ["health-beauty"]}, {"id": "w683528-3600542123600", "store": "woolworths", "name": "Garnier Olia Bold 9.2 Rose Gold ", "brand": "Garnier", "price": 8.5, "orgPrice": 17, "imagePath": "https://cdn0.woolworths.media/content/wowproductimages/large/683528.jpg", "cupPrice": null, "unit": "each", "packageSize": "each", "barcode": ["3600542123600"], "isAvailable": true, "categoryIds": ["health-beauty"]}, {"id": "w754004-3600541247970", "store": "woolworths", "name": "Garnier Olia Permanent Hair Colour - 1.0 Deep Black", "brand": "Garnier", "price": 8.5, "orgPrice": 17, "imagePath": "https://cdn0.woolworths.media/content/wowproductimages/large/754004.jpg", "cupPrice": null, "unit": "each", "packageSize": "1pk", "barcode": ["3600541247970"], "isAvailable": true, "categoryIds": ["health-beauty"]}, {"id": "w841103-3600541524323", "store": "woolworths", "name": "Garnier Olia Permanent Hair Colour - 6.66 Very Intense Red", "brand": "Garnier", "price": 8.5, "orgPrice": 17, "imagePath": "https://cdn0.woolworths.media/content/wowproductimages/large/841103.jpg", "cupPrice": null, "unit": "each", "packageSize": "each", "barcode": ["3600541524323"], "isAvailable": true, "categoryIds": ["health-beauty"]}, {"id": "w756708-3600541248229", "store": "woolworths", "name": "Garnier Olia Permanent Hiar Colour 4.15 Iced Chocolate", "brand": "Garnier", "price": 8.5, "orgPrice": 17, "imagePath": "https://cdn0.woolworths.media/content/wowproductimages/large/756708.jpg", "cupPrice": null, "unit": "each", "packageSize": "each", "barcode": ["3600541248229"], "isAvailable": true, "categoryIds": ["health-beauty"]}, {"id": "w682780-3600542143608", "store": "woolworths", "name": "Garnier Fructis Repairing Papaya Hair Food", "brand": "Garnier Fructis", "price": 6, "orgPrice": 12, "imagePath": "https://cdn0.woolworths.media/content/wowproductimages/large/682780.jpg", "cupPrice": "$1.54 / 100ml", "unit": "each", "packageSize": "390ml", "barcode": ["3600542143608"], "isAvailable": true, "categoryIds": ["health-beauty"]}, {"id": "w52876-9337303103116", "store": "woolworths", "name": "Glow Half Claw Grips ", "brand": "Glow", "price": 2, "orgPrice": 4, "imagePath": "https://cdn0.woolworths.media/content/wowproductimages/large/052876.jpg", "cupPrice": null, "unit": "each", "packageSize": "2 pack", "barcode": ["9337303103116"], "isAvailable": true, "categoryIds": ["health-beauty"]}, {"id": "w53058-9337303103024", "store": "woolworths", "name": "Glow Teasing Comb ", "brand": "Glow", "price": 3.5, "orgPrice": 7, "imagePath": "https://cdn0.woolworths.media/content/wowproductimages/large/053058.jpg", "cupPrice": null, "unit": "each", "packageSize": "each", "barcode": ["9337303103024"], "isAvailable": true, "categoryIds": ["health-beauty"]}, {"id": "w662683-9421027311961", "store": "woolworths", "name": "Glow Lab Exfoliator ", "brand": "Glow Lab", "price": 8, "orgPrice": 16, "imagePath": "https://cdn0.woolworths.media/content/wowproductimages/large/662683.jpg", "cupPrice": "$8.00 / 100ml", "unit": "each", "packageSize": "100ml", "barcode": ["9421027311961"], "isAvailable": true, "categoryIds": ["health-beauty"]}, {"id": "w869920-9421027312692", "store": "woolworths", "name": "Glow Lab Facial Moisturiser Spf15 ", "brand": "Glow Lab", "price": 8, "orgPrice": 16, "imagePath": "https://cdn0.woolworths.media/content/wowproductimages/large/869920.jpg", "cupPrice": "$10.67 / 100ml", "unit": "each", "packageSize": "75ml", "barcode": ["9421027312692"], "isAvailable": true, "categoryIds": ["health-beauty"]}, {"id": "w662680-9421027311879", "store": "woolworths", "name": "Glow Lab Facial Serum ", "brand": "Glow Lab", "price": 15, "orgPrice": 30, "imagePath": "https://cdn0.woolworths.media/content/wowproductimages/large/662680.jpg", "cupPrice": "$50.00 / 100ml", "unit": "each", "packageSize": "30ml", "barcode": ["9421027311879"], "isAvailable": true, "categoryIds": ["health-beauty"]}, {"id": "w662659-9421027311930", "store": "woolworths", "name": "Glow Lab Gel Cleanser ", "brand": "Glow Lab", "price": 8, "orgPrice": 16, "imagePath": "https://cdn0.woolworths.media/content/wowproductimages/large/662659.jpg", "cupPrice": "$5.71 / 100ml", "unit": "each", "packageSize": "140ml", "barcode": ["9421027311930"], "isAvailable": true, "categoryIds": ["health-beauty"]}, {"id": "w662941-9421027311978", "store": "woolworths", "name": "Glow Lab Mini Pack ", "brand": "Glow Lab", "price": 12.5, "orgPrice": 25, "imagePath": "https://cdn0.woolworths.media/content/wowproductimages/large/662941.jpg", "cupPrice": "$12.50 / 1ea", "unit": "each", "packageSize": "each", "barcode": ["9421027311978"], "isAvailable": true, "categoryIds": ["health-beauty"]}, {"id": "w662677-9421027311909", "store": "woolworths", "name": "Glow Lab Moisturiser ", "brand": "Glow Lab", "price": 8, "orgPrice": 16, "imagePath": "https://cdn0.woolworths.media/content/wowproductimages/large/662677.jpg", "cupPrice": "$8.00 / 100ml", "unit": "each", "packageSize": "100ml", "barcode": ["9421027311909"], "isAvailable": true, "categoryIds": ["health-beauty"]}, {"id": "w662676-9421027311916", "store": "woolworths", "name": "Glow Lab Night Cream ", "brand": "Glow Lab", "price": 10, "orgPrice": 20, "imagePath": "https://cdn0.woolworths.media/content/wowproductimages/large/662676.jpg", "cupPrice": "$20.00 / 100g", "unit": "each", "packageSize": "50g", "barcode": ["9421027311916"], "isAvailable": true, "categoryIds": ["health-beauty"]}, {"id": "w55600-9330344009911", "store": "woolworths", "name": "Hawaiian Tropic Duo Defence Spf50+ Sunscreen", "brand": "Hawaiian Tropic", "price": 8.75, "orgPrice": 17.5, "imagePath": "https://cdn0.woolworths.media/content/wowproductimages/large/055600.jpg", "cupPrice": "$4.86 / 100ml", "unit": "each", "packageSize": "180ml", "barcode": ["9330344009911"], "isAvailable": true, "categoryIds": ["health-beauty"]}, {"id": "w802609-8001090222992", "store": "woolworths", "name": "Herbal Essences Bio Cocoa Butter Conditioner ", "brand": "Herbal Essences", "price": 5.5, "orgPrice": 11, "imagePath": "https://cdn0.woolworths.media/content/wowproductimages/large/802609.jpg", "cupPrice": "$1.38 / 100ml", "unit": "each", "packageSize": "400ml", "barcode": ["8001090222992"], "isAvailable": true, "categoryIds": ["health-beauty"]}, {"id": "w802697-8001090222961", "store": "woolworths", "name": "Herbal Essences Bio Cocoa Butter Shampoo ", "brand": "Herbal Essences", "price": 5.5, "orgPrice": 11, "imagePath": "https://cdn0.woolworths.media/content/wowproductimages/large/802697.jpg", "cupPrice": "$1.38 / 100ml", "unit": "each", "packageSize": "400ml", "barcode": ["8001090222961"], "isAvailable": true, "categoryIds": ["health-beauty"]}, {"id": "w852162-8001090645517", "store": "woolworths", "name": "Herbal Essences Bio Renew Conditioner Revitalise Blue Ginger", "brand": "Herbal Essences", "price": 5.5, "orgPrice": 11, "imagePath": "https://cdn0.woolworths.media/content/wowproductimages/large/852162.jpg", "cupPrice": "$1.38 / 100ml", "unit": "each", "packageSize": "400ml", "barcode": ["8001090645517"], "isAvailable": true, "categoryIds": ["health-beauty"]}, {"id": "w63012-4902430881852", "store": "woolworths", "name": "Herbal Essences Bio Renew Conditioner Charcoal ", "brand": "Herbal Essences", "price": 5.5, "orgPrice": 11, "imagePath": "https://cdn0.woolworths.media/content/wowproductimages/large/063012.jpg", "cupPrice": "$1.38 / 100ml", "unit": "each", "packageSize": "400ml", "barcode": ["4902430881852"], "isAvailable": true, "categoryIds": ["health-beauty"]}, {"id": "w852197-190679000897", "store": "woolworths", "name": "Herbal Essences Bio Renew Conditioner Hydrate Coconut Milk", "brand": "Herbal Essences", "price": 8.5, "orgPrice": 17, "imagePath": "https://cdn0.woolworths.media/content/wowproductimages/large/852197.jpg", "cupPrice": "$1.42 / 100ml", "unit": "each", "packageSize": "600ml", "barcode": ["190679000897"], "isAvailable": true, "categoryIds": ["health-beauty"]}, {"id": "w852181-190679000972", "store": "woolworths", "name": "Herbal Essences Bio Renew Conditioner Repair Argan Oil", "brand": "Herbal Essences", "price": 8.5, "orgPrice": 17, "imagePath": "https://cdn0.woolworths.media/content/wowproductimages/large/852181.jpg", "cupPrice": "$1.42 / 100ml", "unit": "each", "packageSize": "600ml", "barcode": ["190679000972"], "isAvailable": true, "categoryIds": ["health-beauty"]}, {"id": "w85137-4902430902199", "store": "woolworths", "name": "Herbal Essences Bio Renew Golden Moringa Oil Conditioner", "brand": "Herbal Essences", "price": 8.5, "orgPrice": 17, "imagePath": "https://cdn0.woolworths.media/content/wowproductimages/large/085137.jpg", "cupPrice": "$1.42 / 100ml", "unit": "each", "packageSize": "600ml", "barcode": ["4902430902199"], "isAvailable": true, "categoryIds": ["health-beauty"]}, {"id": "w85186-4902430902175", "store": "woolworths", "name": "Herbal Essences Bio Renew Golden Moringa Oil Shampoo", "brand": "Herbal Essences", "price": 8.5, "orgPrice": 17, "imagePath": "https://cdn0.woolworths.media/content/wowproductimages/large/085186.jpg", "cupPrice": "$1.42 / 100ml", "unit": "each", "packageSize": "600ml", "barcode": ["4902430902175"], "isAvailable": true, "categoryIds": ["health-beauty"]}, {"id": "w852177-190679000903", "store": "woolworths", "name": "Herbal Essences Bio Renew Shampoo Hydrate Coconut Milk", "brand": "Herbal Essences", "price": 8.5, "orgPrice": 17, "imagePath": "https://cdn0.woolworths.media/content/wowproductimages/large/852177.jpg", "cupPrice": "$1.42 / 100ml", "unit": "each", "packageSize": "600ml", "barcode": ["190679000903"], "isAvailable": true, "categoryIds": ["health-beauty"]}, {"id": "w852183-190679000989", "store": "woolworths", "name": "Herbal Essences Bio Renew Shampoo Repair Argan Oil", "brand": "Herbal Essences", "price": 8.5, "orgPrice": 17, "imagePath": "https://cdn0.woolworths.media/content/wowproductimages/large/852183.jpg", "cupPrice": "$1.42 / 100ml", "unit": "each", "packageSize": "600ml", "barcode": ["190679000989"], "isAvailable": true, "categoryIds": ["health-beauty"]}, {"id": "w860025-8001090645487", "store": "woolworths", "name": "Herbal Essences Bio Renew Shampoo Revitalise Blue Ginger", "brand": "Herbal Essences", "price": 5.5, "orgPrice": 11, "imagePath": "https://cdn0.woolworths.media/content/wowproductimages/large/860025.jpg", "cupPrice": "$1.38 / 100ml", "unit": "each", "packageSize": "400ml", "barcode": ["8001090645487"], "isAvailable": true, "categoryIds": ["health-beauty"]}, {"id": "w62993-4902430881845", "store": "woolworths", "name": "Herbal Essences Bio Renew Shampoo Charcoal ", "brand": "Herbal Essences", "price": 5.5, "orgPrice": 11, "imagePath": "https://cdn0.woolworths.media/content/wowproductimages/large/062993.jpg", "cupPrice": "$1.38 / 100ml", "unit": "each", "packageSize": "400ml", "barcode": ["4902430881845"], "isAvailable": true, "categoryIds": ["health-beauty"]}, {"id": "w650325-8001090222459", "store": "woolworths", "name": "Herbal Essences Hydrate Coconut Milk Conditioner", "brand": "Herbal Essences", "price": 5.5, "orgPrice": 11, "imagePath": "https://cdn0.woolworths.media/content/wowproductimages/large/650325.jpg", "cupPrice": "$1.38 / 100ml", "unit": "each", "packageSize": "400ml", "barcode": ["8001090222459"], "isAvailable": true, "categoryIds": ["health-beauty"]}, {"id": "w650324-8001090222428", "store": "woolworths", "name": "Herbal Essences Hydrate Coconut Milk Shampoo", "brand": "Herbal Essences", "price": 5.5, "orgPrice": 11, "imagePath": "https://cdn0.woolworths.media/content/wowproductimages/large/650324.jpg", "cupPrice": "$1.38 / 100ml", "unit": "each", "packageSize": "400ml", "barcode": ["8001090222428"], "isAvailable": true, "categoryIds": ["health-beauty"]}, {"id": "w83241-190679003942", "store": "woolworths", "name": "Herbal Essences Love Your Shore Coconut Milk Conditioner", "brand": "Herbal Essences", "price": 5.5, "orgPrice": 11, "imagePath": "https://cdn0.woolworths.media/content/wowproductimages/large/083241.jpg", "cupPrice": "$1.38 / 100ml", "unit": "each", "packageSize": "400ml", "barcode": ["190679003942"], "isAvailable": true, "categoryIds": ["health-beauty"]}, {"id": "w83255-190679003928", "store": "woolworths", "name": "Herbal Essences Love Your Shore Coconut Milk Shampoo", "brand": "Herbal Essences", "price": 5.5, "orgPrice": 11, "imagePath": "https://cdn0.woolworths.media/content/wowproductimages/large/083255.jpg", "cupPrice": "$1.38 / 100ml", "unit": "each", "packageSize": "400ml", "barcode": ["190679003928"], "isAvailable": true, "categoryIds": ["health-beauty"]}, {"id": "w660863-8001090222510", "store": "woolworths", "name": "Herbal Essences Naked Volume White Grapefruit & Mosa Mint Conditioner", "brand": "Herbal Essences", "price": 5.5, "orgPrice": 11, "imagePath": "https://cdn0.woolworths.media/content/wowproductimages/large/660863.jpg", "cupPrice": "$1.38 / 100ml", "unit": "each", "packageSize": "400ml", "barcode": ["8001090222510"], "isAvailable": true, "categoryIds": ["health-beauty"]}, {"id": "w660884-8001090222480", "store": "woolworths", "name": "Herbal Essences Naked Volume White Grapefruit & Mosa Mint Shampoo", "brand": "Herbal Essences", "price": 5.5, "orgPrice": 11, "imagePath": "https://cdn0.woolworths.media/content/wowproductimages/large/660884.jpg", "cupPrice": "$1.38 / 100ml", "unit": "each", "packageSize": "400ml", "barcode": ["8001090222480"], "isAvailable": true, "categoryIds": ["health-beauty"]}, {"id": "w650329-8001090222879", "store": "woolworths", "name": "Herbal Essences Repair Argan Oil Conditioner", "brand": "Herbal Essences", "price": 5.5, "orgPrice": 11, "imagePath": "https://cdn0.woolworths.media/content/wowproductimages/large/650329.jpg", "cupPrice": "$1.38 / 100ml", "unit": "each", "packageSize": "400ml", "barcode": ["8001090222879"], "isAvailable": true, "categoryIds": ["health-beauty"]}, {"id": "w650328-8001090222848", "store": "woolworths", "name": "Herbal Essences Repair Argan Oil Shampoo", "brand": "Herbal Essences", "price": 5.5, "orgPrice": 11, "imagePath": "https://cdn0.woolworths.media/content/wowproductimages/large/650328.jpg", "cupPrice": "$1.38 / 100ml", "unit": "each", "packageSize": "400ml", "barcode": ["8001090222848"], "isAvailable": true, "categoryIds": ["health-beauty"]}, {"id": "w84963-190679003911", "store": "woolworths", "name": "Herbal Essences Sea The Change Grapefruit & Mosa Mint Conditioner", "brand": "Herbal Essences", "price": 5.5, "orgPrice": 11, "imagePath": "https://cdn0.woolworths.media/content/wowproductimages/large/084963.jpg", "cupPrice": "$1.38 / 100ml", "unit": "each", "packageSize": "400ml", "barcode": ["190679003911"], "isAvailable": true, "categoryIds": ["health-beauty"]}, {"id": "w650327-8001090222756", "store": "woolworths", "name": "Herbal Essences Smooth Golden Moringa Oil Conditioner", "brand": "Herbal Essences", "price": 5.5, "orgPrice": 11, "imagePath": "https://cdn0.woolworths.media/content/wowproductimages/large/650327.jpg", "cupPrice": "$1.38 / 100ml", "unit": "each", "packageSize": "400ml", "barcode": ["8001090222756"], "isAvailable": true, "categoryIds": ["health-beauty"]}, {"id": "w650326-8001090222725", "store": "woolworths", "name": "Herbal Essences Smooth Golden Moringa Oil Shampoo", "brand": "Herbal Essences", "price": 5.5, "orgPrice": 11, "imagePath": "https://cdn0.woolworths.media/content/wowproductimages/large/650326.jpg", "cupPrice": "$1.38 / 100ml", "unit": "each", "packageSize": "400ml", "barcode": ["8001090222725"], "isAvailable": true, "categoryIds": ["health-beauty"]}, {"id": "w83238-190679002464", "store": "woolworths", "name": "Herbal Essences Waves Of Change Argan Oil Conditioner", "brand": "Herbal Essences", "price": 5.5, "orgPrice": 11, "imagePath": "https://cdn0.woolworths.media/content/wowproductimages/large/083238.jpg", "cupPrice": "$1.38 / 100ml", "unit": "each", "packageSize": "400ml", "barcode": ["190679002464"], "isAvailable": true, "categoryIds": ["health-beauty"]}, {"id": "w83231-190679003935", "store": "woolworths", "name": "Herbal Essences Waves Of Change Argan Oil Shampoo", "brand": "Herbal Essences", "price": 5.5, "orgPrice": 11, "imagePath": "https://cdn0.woolworths.media/content/wowproductimages/large/083231.jpg", "cupPrice": "$1.38 / 100ml", "unit": "each", "packageSize": "400ml", "barcode": ["190679003935"], "isAvailable": true, "categoryIds": ["health-beauty"]}, {"id": "w83089-190679002501", "store": "woolworths", "name": "Herbal Essences Waves Of Change Argan Oil Shampoo", "brand": "Herbal Essences", "price": 5.5, "orgPrice": 11, "imagePath": "https://cdn0.woolworths.media/content/wowproductimages/large/083089.jpg", "cupPrice": "$1.38 / 100ml", "unit": "each", "packageSize": "400ml", "barcode": ["190679002501"], "isAvailable": true, "categoryIds": ["health-beauty"]}, {"id": "w78739-9300830054428", "store": "woolworths", "name": "Lynx Anarchy For Her Deodorant Spray", "brand": "Lynx", "price": 3.5, "orgPrice": 7, "imagePath": "https://cdn0.woolworths.media/content/wowproductimages/large/078739.jpg", "cupPrice": "$2.12 / 100ml", "unit": "each", "packageSize": "165ml", "barcode": ["9300830054428"], "isAvailable": true, "categoryIds": ["health-beauty"]}, {"id": "w94163-9300830055425", "store": "woolworths", "name": "Lynx Australia Antiperspirant Deodorant", "brand": "Lynx", "price": 3.5, "orgPrice": 7, "imagePath": "https://cdn0.woolworths.media/content/wowproductimages/large/094163.jpg", "cupPrice": "$2.12 / 100ml", "unit": "each", "packageSize": "165ml", "barcode": ["9300830055425"], "isAvailable": true, "categoryIds": ["health-beauty"]}, {"id": "w82602-9300830054336", "store": "woolworths", "name": "Lynx Australia Deodorant Bodyspray ", "brand": "Lynx", "price": 3.5, "orgPrice": 7, "imagePath": "https://cdn0.woolworths.media/content/wowproductimages/large/082602.jpg", "cupPrice": "$2.12 / 100ml", "unit": "each", "packageSize": "165ml", "barcode": ["9300830054336"], "isAvailable": true, "categoryIds": ["health-beauty"]}, {"id": "w78760-9300830055463", "store": "woolworths", "name": "Lynx Black Antiperspirant Deodorant", "brand": "Lynx", "price": 3.5, "orgPrice": 7, "imagePath": "https://cdn0.woolworths.media/content/wowproductimages/large/078760.jpg", "cupPrice": "$2.12 / 100ml", "unit": "each", "packageSize": "165ml", "barcode": ["9300830055463"], "isAvailable": true, "categoryIds": ["health-beauty"]}, {"id": "w78754-9300830054473", "store": "woolworths", "name": "Lynx Black Deodorant Bodyspray ", "brand": "Lynx", "price": 3.5, "orgPrice": 7, "imagePath": "https://cdn0.woolworths.media/content/wowproductimages/large/078754.jpg", "cupPrice": "$2.12 / 100ml", "unit": "each", "packageSize": "165ml", "barcode": ["9300830054473"], "isAvailable": true, "categoryIds": ["health-beauty"]}, {"id": "w78756-9300830054404", "store": "woolworths", "name": "Lynx Black Night Deodorant Bodyspray", "brand": "Lynx", "price": 3.5, "orgPrice": 7, "imagePath": "https://cdn0.woolworths.media/content/wowproductimages/large/078756.jpg", "cupPrice": "$2.12 / 100ml", "unit": "each", "packageSize": "165ml", "barcode": ["9300830054404"], "isAvailable": true, "categoryIds": ["health-beauty"]}, {"id": "w51543-9300830051823", "store": "woolworths", "name": "Lynx Bodywash Xbox", "brand": "Lynx", "price": 3, "orgPrice": 6, "imagePath": "https://cdn0.woolworths.media/content/wowproductimages/large/051543.jpg", "cupPrice": "$0.75 / 100ml", "unit": "each", "packageSize": "400ml", "barcode": ["9300830051823"], "isAvailable": true, "categoryIds": ["health-beauty"]}, {"id": "w78763-9300830056118", "store": "woolworths", "name": "Lynx Collision Leather & Cookies Deodorant Bodyspray", "brand": "Lynx", "price": 3.5, "orgPrice": 7, "imagePath": "https://cdn0.woolworths.media/content/wowproductimages/large/078763.jpg", "cupPrice": "$2.12 / 100ml", "unit": "each", "packageSize": "165ml", "barcode": ["9300830056118"], "isAvailable": true, "categoryIds": ["health-beauty"]}, {"id": "w78738-9300830054480", "store": "woolworths", "name": "Lynx Dark Temptation Deodorant Bodyspray", "brand": "Lynx", "price": 3.5, "orgPrice": 7, "imagePath": "https://cdn0.woolworths.media/content/wowproductimages/large/078738.jpg", "cupPrice": "$2.12 / 100ml", "unit": "each", "packageSize": "165ml", "barcode": ["9300830054480"], "isAvailable": true, "categoryIds": ["health-beauty"]}, {"id": "w186989-93666398", "store": "woolworths", "name": "Lynx For Men Antiperspirant Roll On Deodorant Africa", "brand": "Lynx", "price": 2, "orgPrice": 4, "imagePath": "https://cdn0.woolworths.media/content/wowproductimages/large/186989.jpg", "cupPrice": "$4.00 / 100ml", "unit": "each", "packageSize": "50ml", "barcode": ["93666398"], "isAvailable": true, "categoryIds": ["health-beauty"]}, {"id": "w712407-9300830005970", "store": "woolworths", "name": "Lynx For Men Shower Gel Anarchy", "brand": "Lynx", "price": 3, "orgPrice": 6, "imagePath": "https://cdn0.woolworths.media/content/wowproductimages/large/712407.jpg", "cupPrice": "$0.75 / 100ml", "unit": "each", "packageSize": "400ml", "barcode": ["9300830005970"], "isAvailable": true, "categoryIds": ["health-beauty"]}, {"id": "w826969-9300830023189", "store": "woolworths", "name": "Lynx For Men Shower Gel Black", "brand": "Lynx", "price": 3, "orgPrice": 6, "imagePath": "https://cdn0.woolworths.media/content/wowproductimages/large/826969.jpg", "cupPrice": "$0.75 / 100ml", "unit": "each", "packageSize": "400ml", "barcode": ["9300830023189"], "isAvailable": true, "categoryIds": ["health-beauty"]}, {"id": "w793264-96082584", "store": "woolworths", "name": "Lynx Hair Styling Paste Messy Look", "brand": "Lynx", "price": 4.9, "orgPrice": 10, "imagePath": "https://cdn0.woolworths.media/content/wowproductimages/large/793264.jpg", "cupPrice": "$6.53 / 100ml", "unit": "each", "packageSize": "75ml", "barcode": ["96082584"], "isAvailable": true, "categoryIds": ["health-beauty"]}, {"id": "w827003-8712561657372", "store": "woolworths", "name": "Lynx Hair Styling Wax Black Casual Clay", "brand": "Lynx", "price": 4.9, "orgPrice": 10, "imagePath": "https://cdn0.woolworths.media/content/wowproductimages/large/827003.jpg", "cupPrice": "$6.53 / 100ml", "unit": "each", "packageSize": "75ml", "barcode": ["8712561657372"], "isAvailable": true, "categoryIds": ["health-beauty"]}, {"id": "w793238-96082676", "store": "woolworths", "name": "Lynx Hair Styling Wax Clean Cut Look", "brand": "Lynx", "price": 4.9, "orgPrice": 10, "imagePath": "https://cdn0.woolworths.media/content/wowproductimages/large/793238.jpg", "cupPrice": "$6.53 / 100ml", "unit": "each", "packageSize": "75ml", "barcode": ["96082676"], "isAvailable": true, "categoryIds": ["health-beauty"]}, {"id": "w763699-9300830047642", "store": "woolworths", "name": "Lynx Laidback Body Wash Australia", "brand": "Lynx", "price": 3, "orgPrice": 6, "imagePath": "https://cdn0.woolworths.media/content/wowproductimages/large/763699.jpg", "cupPrice": "$0.75 / 100ml", "unit": "each", "packageSize": "400ml", "barcode": ["9300830047642"], "isAvailable": true, "categoryIds": ["health-beauty"]}, {"id": "w78741-9300830055401", "store": "woolworths", "name": "Lynx Lift Your Game Deodorant Bodyspray", "brand": "Lynx", "price": 3.5, "orgPrice": 7, "imagePath": "https://cdn0.woolworths.media/content/wowproductimages/large/078741.jpg", "cupPrice": "$2.12 / 100ml", "unit": "each", "packageSize": "165ml", "barcode": ["9300830055401"], "isAvailable": true, "categoryIds": ["health-beauty"]}, {"id": "w250915-8717163088500", "store": "woolworths", "name": "Lynx Men Body Wash Africa", "brand": "Lynx", "price": 3, "orgPrice": 6, "imagePath": "https://cdn0.woolworths.media/content/wowproductimages/large/250915.jpg", "cupPrice": "$0.75 / 100ml", "unit": "each", "packageSize": "400ml", "barcode": ["8717163088500"], "isAvailable": true, "categoryIds": ["health-beauty"]}, {"id": "w94162-9300830054381", "store": "woolworths", "name": "Lynx Voodoo Deodorant Bodyspray ", "brand": "Lynx", "price": 3.5, "orgPrice": 7, "imagePath": "https://cdn0.woolworths.media/content/wowproductimages/large/094162.jpg", "cupPrice": "$2.12 / 100ml", "unit": "each", "packageSize": "165ml", "barcode": ["9300830054381"], "isAvailable": true, "categoryIds": ["health-beauty"]}, {"id": "w816087-9331880007805", "store": "woolworths", "name": "Mcobeauty Blush Shimmer Brick", "brand": "Mcobeauty", "price": 7.5, "orgPrice": 18, "imagePath": "https://cdn0.woolworths.media/content/wowproductimages/large/816087.jpg", "cupPrice": "$7.50 / 10g", "unit": "each", "packageSize": "10g", "barcode": ["9331880007805"], "isAvailable": true, "categoryIds": ["health-beauty"]}, {"id": "w816086-9331880007799", "store": "woolworths", "name": "Mcobeauty Bronze Shimmer Brick", "brand": "Mcobeauty", "price": 7, "orgPrice": 18, "imagePath": "https://cdn0.woolworths.media/content/wowproductimages/large/816086.jpg", "cupPrice": "$7.00 / 10g", "unit": "each", "packageSize": "10g", "barcode": ["9331880007799"], "isAvailable": true, "categoryIds": ["health-beauty"]}, {"id": "w53057-9337303103000", "store": "woolworths", "name": "Mini Travel Grooming Brush ", "brand": "Mini Travel", "price": 3, "orgPrice": 6, "imagePath": "https://cdn0.woolworths.media/content/wowproductimages/large/053057.jpg", "cupPrice": null, "unit": "each", "packageSize": "each", "barcode": ["9337303103000"], "isAvailable": true, "categoryIds": ["health-beauty"]}, {"id": "w54739-9337303102997", "store": "woolworths", "name": "Mini Travel Pad Brush ", "brand": "Mini Travel", "price": 3, "orgPrice": 6, "imagePath": "https://cdn0.woolworths.media/content/wowproductimages/large/054739.jpg", "cupPrice": null, "unit": "each", "packageSize": "each", "barcode": ["9337303102997"], "isAvailable": true, "categoryIds": ["health-beauty"]}, {"id": "w54747-9337303103017", "store": "woolworths", "name": "Mini Travel Round Brush ", "brand": "Mini Travel", "price": 3, "orgPrice": 6, "imagePath": "https://cdn0.woolworths.media/content/wowproductimages/large/054747.jpg", "cupPrice": null, "unit": "each", "packageSize": "each", "barcode": ["9337303103017"], "isAvailable": true, "categoryIds": ["health-beauty"]}, {"id": "w21867-9324401005121", "store": "woolworths", "name": "Optislim Life Bar Caramel Crunch ", "brand": "Optislim", "price": 10, "orgPrice": 20, "imagePath": "https://cdn0.woolworths.media/content/wowproductimages/large/021867.jpg", "cupPrice": "$3.33 / 100g", "unit": "each", "packageSize": "5 pack", "barcode": ["9324401005121"], "isAvailable": true, "categoryIds": ["health-beauty"]}, {"id": "w870939-9324401005114", "store": "woolworths", "name": "Optislim Life Bar Chocolate Berry Crunch", "brand": "Optislim", "price": 10, "orgPrice": 20, "imagePath": "https://cdn0.woolworths.media/content/wowproductimages/large/870939.jpg", "cupPrice": "$3.33 / 100g", "unit": "each", "packageSize": "5 pack", "barcode": ["9324401005114"], "isAvailable": true, "categoryIds": ["health-beauty"]}, {"id": "w21869-9324401005138", "store": "woolworths", "name": "Optislim Life Bar Chocolate Fudge ", "brand": "Optislim", "price": 10, "orgPrice": 20, "imagePath": "https://cdn0.woolworths.media/content/wowproductimages/large/021869.jpg", "cupPrice": "$3.33 / 100g", "unit": "each", "packageSize": "5 pack", "barcode": ["9324401005138"], "isAvailable": true, "categoryIds": ["health-beauty"]}, {"id": "w870874-9324401005145", "store": "woolworths", "name": "Optislim Life Bar Cookies & Cream ", "brand": "Optislim", "price": 10, "orgPrice": 20, "imagePath": "https://cdn0.woolworths.media/content/wowproductimages/large/870874.jpg", "cupPrice": "$3.33 / 100g", "unit": "each", "packageSize": "5 pack", "barcode": ["9324401005145"], "isAvailable": true, "categoryIds": ["health-beauty"]}, {"id": "w681664-9339687040728", "store": "woolworths", "name": "Oscar Orsen Fish Clips ", "brand": "Oscar Orsen", "price": 2, "orgPrice": 4, "imagePath": "https://cdn0.woolworths.media/content/wowproductimages/large/681664.jpg", "cupPrice": null, "unit": "each", "packageSize": "2 pack", "barcode": ["9339687040728"], "isAvailable": true, "categoryIds": ["health-beauty"]}, {"id": "w43731-8850006931202", "store": "woolworths", "name": "Palmolive Men's Charcoal Body Wash ", "brand": "Palmolive", "price": 3.75, "orgPrice": 7.5, "imagePath": "https://cdn0.woolworths.media/content/wowproductimages/large/043731.jpg", "cupPrice": "$0.83 / 100ml", "unit": "each", "packageSize": "450ml", "barcode": ["8850006931202"], "isAvailable": true, "categoryIds": ["health-beauty"]}, {"id": "w673024-4891228304454", "store": "woolworths", "name": "Schick Hydro 5 Sense Comfort Kit", "brand": "Schick", "price": 8, "orgPrice": 16, "imagePath": "https://cdn0.woolworths.media/content/wowproductimages/large/673024.jpg", "cupPrice": "$8.00 / 1ea", "unit": "each", "packageSize": "each", "barcode": ["4891228304454"], "isAvailable": true, "categoryIds": ["health-beauty"]}, {"id": "w819958-4891228305291", "store": "woolworths", "name": "Schick Hydro Sense Hydrate Kit", "brand": "Schick", "price": 8, "orgPrice": 16, "imagePath": "https://cdn0.woolworths.media/content/wowproductimages/large/819958.jpg", "cupPrice": "$8.00 / 1ea", "unit": "each", "packageSize": "each", "barcode": ["4891228305291"], "isAvailable": true, "categoryIds": ["health-beauty"]}, {"id": "w704086-6937266733516", "store": "woolworths", "name": "Schick Razor Disposable Xtreme Sensitive", "brand": "Schick", "price": 2.5, "orgPrice": 5, "imagePath": "https://cdn0.woolworths.media/content/wowproductimages/large/704086.jpg", "cupPrice": "$0.63 / 1ea", "unit": "each", "packageSize": "4 pack", "barcode": ["6937266733516"], "isAvailable": true, "categoryIds": ["health-beauty"]}, {"id": "w53859-9337303103048", "store": "woolworths", "name": "Scrunchy Hair Hoops ", "brand": "Scrunchy", "price": 2.5, "orgPrice": 5, "imagePath": "https://cdn0.woolworths.media/content/wowproductimages/large/053859.jpg", "cupPrice": null, "unit": "each", "packageSize": "each", "barcode": ["9337303103048"], "isAvailable": true, "categoryIds": ["health-beauty"]}, {"id": "w852172-9300830051069", "store": "woolworths", "name": "Tresemme Botanique Restore & Shine Conditioner", "brand": "Tresemme", "price": 4.5, "orgPrice": 9, "imagePath": "https://cdn0.woolworths.media/content/wowproductimages/large/852172.jpg", "cupPrice": "$1.29 / 100ml", "unit": "each", "packageSize": "350ml", "barcode": ["9300830051069"], "isAvailable": true, "categoryIds": ["health-beauty"]}, {"id": "w82388-9300830056293", "store": "woolworths", "name": "Tresemme Colour Shineplex Conditioner", "brand": "Tresemme", "price": 4.5, "orgPrice": 9, "imagePath": "https://cdn0.woolworths.media/content/wowproductimages/large/082388.jpg", "cupPrice": "$1.29 / 100ml", "unit": "each", "packageSize": "350ml", "barcode": ["9300830056293"], "isAvailable": true, "categoryIds": ["health-beauty"]}, {"id": "w822770-9300830051137", "store": "woolworths", "name": "Tresemme Conditioner Keratin Smooth", "brand": "Tresemme", "price": 4.5, "orgPrice": 9, "imagePath": "https://cdn0.woolworths.media/content/wowproductimages/large/822770.jpg", "cupPrice": "$1.29 / 100ml", "unit": "each", "packageSize": "350ml", "barcode": ["9300830051137"], "isAvailable": true, "categoryIds": ["health-beauty"]}, {"id": "w822767-9300830051076", "store": "woolworths", "name": "Tresemme Conditioner Repair & Protect", "brand": "Tresemme", "price": 4.5, "orgPrice": 9, "imagePath": "https://cdn0.woolworths.media/content/wowproductimages/large/822767.jpg", "cupPrice": "$1.29 / 100ml", "unit": "each", "packageSize": "350ml", "barcode": ["9300830051076"], "isAvailable": true, "categoryIds": ["health-beauty"]}, {"id": "w822765-9300830051021", "store": "woolworths", "name": "Tresemme Conditioner Thick & Full", "brand": "Tresemme", "price": 4.5, "orgPrice": 9, "imagePath": "https://cdn0.woolworths.media/content/wowproductimages/large/822765.jpg", "cupPrice": "$1.29 / 100ml", "unit": "each", "packageSize": "350ml", "barcode": ["9300830051021"], "isAvailable": true, "categoryIds": ["health-beauty"]}, {"id": "w822768-9300830051090", "store": "woolworths", "name": "Tresemme Conditioner Ultimate Hydration", "brand": "Tresemme", "price": 4.5, "orgPrice": 9, "imagePath": "https://cdn0.woolworths.media/content/wowproductimages/large/822768.jpg", "cupPrice": "$1.29 / 100ml", "unit": "each", "packageSize": "350ml", "barcode": ["9300830051090"], "isAvailable": true, "categoryIds": ["health-beauty"]}, {"id": "w854819-9300830052424", "store": "woolworths", "name": "Tresemme Conditioner Botanique Restore & Shine", "brand": "Tresemme", "price": 6.5, "orgPrice": 13, "imagePath": "https://cdn0.woolworths.media/content/wowproductimages/large/854819.jpg", "cupPrice": "$0.96 / 100ml", "unit": "each", "packageSize": "675ml", "barcode": ["9300830052424"], "isAvailable": true, "categoryIds": ["health-beauty"]}, {"id": "w855452-9300830052363", "store": "woolworths", "name": "Tresemme Conditioner Keratin Smooth", "brand": "Tresemme", "price": 6.5, "orgPrice": 13, "imagePath": "https://cdn0.woolworths.media/content/wowproductimages/large/855452.jpg", "cupPrice": "$0.96 / 100ml", "unit": "each", "packageSize": "675ml", "barcode": ["9300830052363"], "isAvailable": true, "categoryIds": ["health-beauty"]}, {"id": "w822764-9300830051144", "store": "woolworths", "name": "Tresemme Keratin Smooth Shampoo", "brand": "Tresemme", "price": 4.5, "orgPrice": 9, "imagePath": "https://cdn0.woolworths.media/content/wowproductimages/large/822764.jpg", "cupPrice": "$1.29 / 100ml", "unit": "each", "packageSize": "350ml", "barcode": ["9300830051144"], "isAvailable": true, "categoryIds": ["health-beauty"]}, {"id": "w822769-9300830051113", "store": "woolworths", "name": "Tresemme Purple Conditioner Violet Blonde Shine", "brand": "Tresemme", "price": 4.5, "orgPrice": 9, "imagePath": "https://cdn0.woolworths.media/content/wowproductimages/large/822769.jpg", "cupPrice": "$1.29 / 100ml", "unit": "each", "packageSize": "350ml", "barcode": ["9300830051113"], "isAvailable": true, "categoryIds": ["health-beauty"]}, {"id": "w855446-9300830052370", "store": "woolworths", "name": "Tresemme Shampoo Keratin Smooth", "brand": "Tresemme", "price": 6.5, "orgPrice": 13, "imagePath": "https://cdn0.woolworths.media/content/wowproductimages/large/855446.jpg", "cupPrice": "$0.96 / 100ml", "unit": "each", "packageSize": "675ml", "barcode": ["9300830052370"], "isAvailable": true, "categoryIds": ["health-beauty"]}, {"id": "w857875-9300830052417", "store": "woolworths", "name": "Tresemme Shampoo Repair & Protect", "brand": "Tresemme", "price": 6.5, "orgPrice": 13, "imagePath": "https://cdn0.woolworths.media/content/wowproductimages/large/857875.jpg", "cupPrice": "$0.96 / 100ml", "unit": "each", "packageSize": "675ml", "barcode": ["9300830052417"], "isAvailable": true, "categoryIds": ["health-beauty"]}, {"id": "w822761-9300830051083", "store": "woolworths", "name": "Tresemme Shampoo Repair & Protect", "brand": "Tresemme", "price": 4.5, "orgPrice": 9, "imagePath": "https://cdn0.woolworths.media/content/wowproductimages/large/822761.jpg", "cupPrice": "$1.29 / 100ml", "unit": "each", "packageSize": "350ml", "barcode": ["9300830051083"], "isAvailable": true, "categoryIds": ["health-beauty"]}, {"id": "w822499-9300830051014", "store": "woolworths", "name": "Tresemme Shampoo Thick & Full", "brand": "Tresemme", "price": 4.5, "orgPrice": 9, "imagePath": "https://cdn0.woolworths.media/content/wowproductimages/large/822499.jpg", "cupPrice": "$1.29 / 100ml", "unit": "each", "packageSize": "350ml", "barcode": ["9300830051014"], "isAvailable": true, "categoryIds": ["health-beauty"]}, {"id": "w822762-9300830051106", "store": "woolworths", "name": "Tresemme Shampoo Ultimate Hydration", "brand": "Tresemme", "price": 4.5, "orgPrice": 9, "imagePath": "https://cdn0.woolworths.media/content/wowproductimages/large/822762.jpg", "cupPrice": "$1.29 / 100ml", "unit": "each", "packageSize": "350ml", "barcode": ["9300830051106"], "isAvailable": true, "categoryIds": ["health-beauty"]}, {"id": "w855440-9300830052431", "store": "woolworths", "name": "Tresemme Shampoo Botanique Restore & Shine", "brand": "Tresemme", "price": 6.5, "orgPrice": 13, "imagePath": "https://cdn0.woolworths.media/content/wowproductimages/large/855440.jpg", "cupPrice": "$0.96 / 100ml", "unit": "each", "packageSize": "675ml", "barcode": ["9300830052431"], "isAvailable": true, "categoryIds": ["health-beauty"]}, {"id": "w852170-9300830051045", "store": "woolworths", "name": "Tresemme Shampoo Botanique Restore Shine", "brand": "Tresemme", "price": 4.5, "orgPrice": 9, "imagePath": "https://cdn0.woolworths.media/content/wowproductimages/large/852170.jpg", "cupPrice": "$1.29 / 100ml", "unit": "each", "packageSize": "350ml", "barcode": ["9300830051045"], "isAvailable": true, "categoryIds": ["health-beauty"]}, {"id": "w83266-9300830058921", "store": "woolworths", "name": "Tresemme Thick & Full Shampoo", "brand": "Tresemme", "price": 6.5, "orgPrice": 13, "imagePath": "https://cdn0.woolworths.media/content/wowproductimages/large/083266.jpg", "cupPrice": "$0.96 / 100ml", "unit": "each", "packageSize": "675ml", "barcode": ["9300830058921"], "isAvailable": true, "categoryIds": ["health-beauty"]}, {"id": "w85882-9300830058471", "store": "woolworths", "name": "Tresemme Violet Blonde Shine Shampoo", "brand": "Tresemme", "price": 6.5, "orgPrice": 13, "imagePath": "https://cdn0.woolworths.media/content/wowproductimages/large/085882.jpg", "cupPrice": "$0.96 / 100ml", "unit": "each", "packageSize": "675ml", "barcode": ["9300830058471"], "isAvailable": true, "categoryIds": ["health-beauty"]}, {"id": "w789902-9325005002882", "store": "woolworths", "name": "Ansell Gloves Sensitive Touch Small", "brand": "Ansell", "price": 1.25, "orgPrice": 2.5, "imagePath": "https://cdn0.woolworths.media/content/wowproductimages/large/789902.jpg", "cupPrice": "$1.25 / 1ea", "unit": "each", "packageSize": "each", "barcode": ["9325005002882"], "isAvailable": true, "categoryIds": ["household"]}, {"id": "w852545-9339687084333", "store": "woolworths", "name": "Armada Dessert Spoons ", "brand": "Armada", "price": 2, "orgPrice": 4, "imagePath": "https://cdn0.woolworths.media/content/wowproductimages/large/852545.jpg", "cupPrice": "$0.10 / 1ea", "unit": "each", "packageSize": "20 pack", "barcode": ["9339687084333"], "isAvailable": true, "categoryIds": ["household"]}, {"id": "w825830-9339687081486", "store": "woolworths", "name": "Armada Plastic Martini Glasses ", "brand": "Armada", "price": 2, "orgPrice": 4, "imagePath": "https://cdn0.woolworths.media/content/wowproductimages/large/825830.jpg", "cupPrice": "$0.20 / 1ea", "unit": "each", "packageSize": "10 pack", "barcode": ["9339687081486"], "isAvailable": true, "categoryIds": ["household"]}, {"id": "w825791-9339687081752", "store": "woolworths", "name": "Armada Premium Bowls ", "brand": "Armada", "price": 3, "orgPrice": 6, "imagePath": "https://cdn0.woolworths.media/content/wowproductimages/large/825791.jpg", "cupPrice": "$0.30 / 1ea", "unit": "each", "packageSize": "10 pack", "barcode": ["9339687081752"], "isAvailable": true, "categoryIds": ["household"]}, {"id": "w852548-9339687084340", "store": "woolworths", "name": "Armada Premium Knives ", "brand": "Armada", "price": 2, "orgPrice": 4, "imagePath": "https://cdn0.woolworths.media/content/wowproductimages/large/852548.jpg", "cupPrice": "$0.10 / 1ea", "unit": "each", "packageSize": "20 pack", "barcode": ["9339687084340"], "isAvailable": true, "categoryIds": ["household"]}, {"id": "w825757-9339687081639", "store": "woolworths", "name": "Armada Premium Side Plates ", "brand": "Armada", "price": 3, "orgPrice": 6, "imagePath": "https://cdn0.woolworths.media/content/wowproductimages/large/825757.jpg", "cupPrice": "$0.30 / 1ea", "unit": "each", "packageSize": "10 pack", "barcode": ["9339687081639"], "isAvailable": true, "categoryIds": ["household"]}, {"id": "w852547-9339687084319", "store": "woolworths", "name": "Armada Premium Tea Spoons ", "brand": "Armada", "price": 1.75, "orgPrice": 3.5, "imagePath": "https://cdn0.woolworths.media/content/wowproductimages/large/852547.jpg", "cupPrice": "$0.09 / 1ea", "unit": "each", "packageSize": "20 pack", "barcode": ["9339687084319"], "isAvailable": true, "categoryIds": ["household"]}, {"id": "w825591-9339687081592", "store": "woolworths", "name": "Armada Square Dessert Cups ", "brand": "Armada", "price": 1.5, "orgPrice": 3, "imagePath": "https://cdn0.woolworths.media/content/wowproductimages/large/825591.jpg", "cupPrice": "$0.13 / 1ea", "unit": "each", "packageSize": "12 pack", "barcode": ["9339687081592"], "isAvailable": true, "categoryIds": ["household"]}, {"id": "w541263-3086123307520", "store": "woolworths", "name": "Bic 4 Colour Shine ", "brand": "Bic", "price": 6.3, "orgPrice": 9, "imagePath": "https://cdn0.woolworths.media/content/wowproductimages/large/541263.jpg", "cupPrice": null, "unit": "each", "packageSize": "3 pack", "barcode": ["3086123307520"], "isAvailable": true, "categoryIds": ["household"]}, {"id": "w401053-70330144576", "store": "woolworths", "name": "Bic Atlantis Pens Assorted ", "brand": "Bic", "price": 5.25, "orgPrice": 5.25, "imagePath": "https://cdn0.woolworths.media/content/wowproductimages/large/401053.jpg", "cupPrice": null, "unit": "each", "packageSize": "4 pack", "barcode": ["70330144576"], "isAvailable": true, "categoryIds": ["household"]}, {"id": "w743583-3086123008946", "store": "woolworths", "name": "Bic Clic 4 Colour Pen", "brand": "Bic", "price": 5.6, "orgPrice": 8, "imagePath": "https://cdn0.woolworths.media/content/wowproductimages/large/743583.jpg", "cupPrice": null, "unit": "each", "packageSize": "3 pack", "barcode": ["3086123008946"], "isAvailable": true, "categoryIds": ["household"]}, {"id": "w33547-3086123566385", "store": "woolworths", "name": "Bic Mega Lighters ", "brand": "Bic", "price": 6, "orgPrice": 12, "imagePath": "https://cdn0.woolworths.media/content/wowproductimages/large/033547.jpg", "cupPrice": "$3.00 / 1ea", "unit": "each", "packageSize": "2 pack", "barcode": ["3086123566385"], "isAvailable": true, "categoryIds": ["household"]}, {"id": "w61986-9310025201247", "store": "woolworths", "name": "Bic Round Stic Classic Assorted", "brand": "Bic", "price": 2.8, "orgPrice": 4, "imagePath": "https://cdn0.woolworths.media/content/wowproductimages/large/061986.jpg", "cupPrice": null, "unit": "each", "packageSize": "10 pack", "barcode": ["9310025201247"], "isAvailable": true, "categoryIds": ["household"]}, {"id": "w61984-9310025728942", "store": "woolworths", "name": "Bic Round Stic Classic Black", "brand": "Bic", "price": 2.8, "orgPrice": 4, "imagePath": "https://cdn0.woolworths.media/content/wowproductimages/large/061984.jpg", "cupPrice": null, "unit": "each", "packageSize": "10 pack", "barcode": ["9310025728942"], "isAvailable": true, "categoryIds": ["household"]}, {"id": "w431171-4901301511591", "store": "woolworths", "name": "Biozet Attack Front & Top Loader Laundry Powder", "brand": "Biozet", "price": 9.99, "orgPrice": 19.99, "imagePath": "https://cdn0.woolworths.media/content/wowproductimages/large/431171.jpg", "cupPrice": "$5.00 / 1kg", "unit": "each", "packageSize": "2kg", "barcode": ["4901301511591"], "isAvailable": true, "categoryIds": ["household"]}, {"id": "w425288-4710363777698", "store": "woolworths", "name": "Biozet Attack Front & Top Loader Regular Laundry Liquid", "brand": "Biozet", "price": 9.99, "orgPrice": 19.99, "imagePath": "https://cdn0.woolworths.media/content/wowproductimages/large/425288.jpg", "cupPrice": "$5.00 / 1l", "unit": "each", "packageSize": "2l", "barcode": ["4710363777698"], "isAvailable": true, "categoryIds": ["household"]}, {"id": "w610720-4712937058431", "store": "woolworths", "name": "Bzyoo Food Flask ", "brand": "Bzyoo", "price": 10, "orgPrice": 20, "imagePath": "https://cdn0.woolworths.media/content/wowproductimages/large/610720.jpg", "cupPrice": null, "unit": "each", "packageSize": "400ml", "barcode": ["4712937058431"], "isAvailable": true, "categoryIds": ["household"]}, {"id": "w681395-4712937051715", "store": "woolworths", "name": "Bzyoo Swill Bottle ", "brand": "Bzyoo", "price": 6, "orgPrice": 12, "imagePath": "https://cdn0.woolworths.media/content/wowproductimages/large/681395.jpg", "cupPrice": null, "unit": "each", "packageSize": "400ml", "barcode": ["4712937051715"], "isAvailable": true, "categoryIds": ["household"]}, {"id": "w704127-71662103934", "store": "woolworths", "name": "Crayola Crayon Travel Pack Paw Patrol", "brand": "Crayola", "price": 6, "orgPrice": 6, "imagePath": "https://cdn0.woolworths.media/content/wowproductimages/large/704127.jpg", "cupPrice": null, "unit": "each", "packageSize": "each", "barcode": ["71662103934"], "isAvailable": true, "categoryIds": ["household"]}, {"id": "w692477-9300622001388", "store": "woolworths", "name": "Duck Active Foam Citrus", "brand": "Duck", "price": 2.5, "orgPrice": 5, "imagePath": "https://cdn0.woolworths.media/content/wowproductimages/large/692477.jpg", "cupPrice": "$6.48 / 100g", "unit": "each", "packageSize": "38.6g", "barcode": ["9300622001388"], "isAvailable": true, "categoryIds": ["household"]}, {"id": "w692475-9300622001326", "store": "woolworths", "name": "Duck Active Foam Marine", "brand": "Duck", "price": 2.5, "orgPrice": 5, "imagePath": "https://cdn0.woolworths.media/content/wowproductimages/large/692475.jpg", "cupPrice": "$6.48 / 100g", "unit": "each", "packageSize": "38.6g", "barcode": ["9300622001326"], "isAvailable": true, "categoryIds": ["household"]}, {"id": "w692482-9300622001319", "store": "woolworths", "name": "Duck Active Foam Tropical Sunshine", "brand": "Duck", "price": 2.5, "orgPrice": 5, "imagePath": "https://cdn0.woolworths.media/content/wowproductimages/large/692482.jpg", "cupPrice": "$6.48 / 100g", "unit": "each", "packageSize": "38.6g", "barcode": ["9300622001319"], "isAvailable": true, "categoryIds": ["household"]}, {"id": "w88756-9350376003701", "store": "woolworths", "name": "Dynamo Professional 7 Actions In 1 Wash Laundry Liquid", "brand": "Dynamo", "price": 10, "orgPrice": 20, "imagePath": "https://cdn0.woolworths.media/content/wowproductimages/large/088756.jpg", "cupPrice": "$5.56 / 1l", "unit": "each", "packageSize": "1.8l", "barcode": ["9350376003701"], "isAvailable": true, "categoryIds": ["household"]}, {"id": "w88419-9350376003671", "store": "woolworths", "name": "Dynamo Professional 7 Actions In 1 Wash Liquid Eucalyptus", "brand": "Dynamo", "price": 10, "orgPrice": 20, "imagePath": "https://cdn0.woolworths.media/content/wowproductimages/large/088419.jpg", "cupPrice": "$5.56 / 1l", "unit": "each", "packageSize": "1.8l", "barcode": ["9350376003671"], "isAvailable": true, "categoryIds": ["household"]}, {"id": "w86527-9350376003688", "store": "woolworths", "name": "Dynamo Professional Free & Clear Laundry Liquid", "brand": "Dynamo", "price": 10, "orgPrice": 20, "imagePath": "https://cdn0.woolworths.media/content/wowproductimages/large/086527.jpg", "cupPrice": "$5.56 / 1l", "unit": "each", "packageSize": "1.8l", "barcode": ["9350376003688"], "isAvailable": true, "categoryIds": ["household"]}, {"id": "w88411-9350376003756", "store": "woolworths", "name": "Dynamo Professional Odour Elminating Laundry Liquid", "brand": "Dynamo", "price": 10, "orgPrice": 20, "imagePath": "https://cdn0.woolworths.media/content/wowproductimages/large/088411.jpg", "cupPrice": "$5.56 / 1l", "unit": "each", "packageSize": "1.8l", "barcode": ["9350376003756"], "isAvailable": true, "categoryIds": ["household"]}, {"id": "w88532-9350376003626", "store": "woolworths", "name": "Dynamo Professional Oxi Plus Stain Remover Laundry Liquid", "brand": "Dynamo", "price": 10, "orgPrice": 20, "imagePath": "https://cdn0.woolworths.media/content/wowproductimages/large/088532.jpg", "cupPrice": "$5.56 / 1l", "unit": "each", "packageSize": "1.8l", "barcode": ["9350376003626"], "isAvailable": true, "categoryIds": ["household"]}, {"id": "w693103-8888021206043", "store": "woolworths", "name": "Energizer Max Plus Advanced Aaa", "brand": "Energizer", "price": 12, "orgPrice": 24, "imagePath": "https://cdn0.woolworths.media/content/wowproductimages/large/693103.jpg", "cupPrice": "$0.75 / 1ea", "unit": "each", "packageSize": "16 pack", "barcode": ["8888021206043"], "isAvailable": true, "categoryIds": ["household"]}, {"id": "w693102-8888021206036", "store": "woolworths", "name": "Energizer Max Plus Advanced Aa", "brand": "Energizer", "price": 12, "orgPrice": 24, "imagePath": "https://cdn0.woolworths.media/content/wowproductimages/large/693102.jpg", "cupPrice": "$0.75 / 1ea", "unit": "each", "packageSize": "16 pack", "barcode": ["8888021206036"], "isAvailable": true, "categoryIds": ["household"]}, {"id": "w345982-9300701414689", "store": "woolworths", "name": "Finish Dishwasher Cleaner Liquid Lemon", "brand": "Finish", "price": 4, "orgPrice": 8, "imagePath": "https://cdn0.woolworths.media/content/wowproductimages/large/345982.jpg", "cupPrice": "$1.60 / 100ml", "unit": "each", "packageSize": "250ml", "barcode": ["9300701414689"], "isAvailable": true, "categoryIds": ["household"]}, {"id": "w89050-9300701526818", "store": "woolworths", "name": "Finish Dishwasher Cleaner Liquid Original", "brand": "Finish", "price": 4, "orgPrice": 8, "imagePath": "https://cdn0.woolworths.media/content/wowproductimages/large/089050.jpg", "cupPrice": "$1.60 / 100ml", "unit": "each", "packageSize": "250ml", "barcode": ["9300701526818"], "isAvailable": true, "categoryIds": ["household"]}, {"id": "w759725-9300632082674", "store": "woolworths", "name": "Fluffy Divine Blends Ultra Fabric Softener Lotus & Sea Minerals", "brand": "Fluffy", "price": 3.49, "orgPrice": 6.99, "imagePath": "https://cdn0.woolworths.media/content/wowproductimages/large/759725.jpg", "cupPrice": "$3.88 / 1l", "unit": "each", "packageSize": "900ml", "barcode": ["9300632082674"], "isAvailable": true, "categoryIds": ["household"]}, {"id": "w785104-9300632084173", "store": "woolworths", "name": "Fluffy Divine Blends Ultra Fabric Softener Vanilla Coconut", "brand": "Fluffy", "price": 3.49, "orgPrice": 6.99, "imagePath": "https://cdn0.woolworths.media/content/wowproductimages/large/785104.jpg", "cupPrice": "$3.88 / 1l", "unit": "each", "packageSize": "900ml", "barcode": ["9300632084173"], "isAvailable": true, "categoryIds": ["household"]}, {"id": "w456582-9300632087617", "store": "woolworths", "name": "Fluffy Fragrance Temptations Ultra Fabric Softener Aqua Desire", "brand": "Fluffy", "price": 3.49, "orgPrice": 6.99, "imagePath": "https://cdn0.woolworths.media/content/wowproductimages/large/456582.jpg", "cupPrice": "$3.49 / 1l", "unit": "each", "packageSize": "1l", "barcode": ["9300632087617"], "isAvailable": true, "categoryIds": ["household"]}, {"id": "w700563-9300632076307", "store": "woolworths", "name": "Fluffy Fragrance Temptations Ultra Fabric Softener Spice Allure", "brand": "Fluffy", "price": 3.49, "orgPrice": 6.99, "imagePath": "https://cdn0.woolworths.media/content/wowproductimages/large/700563.jpg", "cupPrice": "$3.49 / 1l", "unit": "each", "packageSize": "1l", "barcode": ["9300632076307"], "isAvailable": true, "categoryIds": ["household"]}, {"id": "w863218-8850006930700", "store": "woolworths", "name": "Fluffy Pure Scents Fabric Softener Creamy Coconut", "brand": "Fluffy", "price": 3.49, "orgPrice": 6.99, "imagePath": "https://cdn0.woolworths.media/content/wowproductimages/large/863218.jpg", "cupPrice": "$3.49 / 1l", "unit": "each", "packageSize": "1l", "barcode": ["8850006930700"], "isAvailable": true, "categoryIds": ["household"]}, {"id": "w336488-9300632072798", "store": "woolworths", "name": "Fluffy Summer Breeze Concentrate Fabric Softener Conditioner", "brand": "Fluffy", "price": 3.49, "orgPrice": 6.99, "imagePath": "https://cdn0.woolworths.media/content/wowproductimages/large/336488.jpg", "cupPrice": "$3.49 / 1l", "unit": "each", "packageSize": "1l", "barcode": ["9300632072798"], "isAvailable": true, "categoryIds": ["household"]}, {"id": "w40691-9339687096435", "store": "woolworths", "name": "For Kids Boys Briefs Sizes 10-12 ", "brand": "For Kids", "price": 4, "orgPrice": 8, "imagePath": "https://cdn0.woolworths.media/content/wowproductimages/large/040691.jpg", "cupPrice": null, "unit": "each", "packageSize": "5 pack", "barcode": ["9339687096435"], "isAvailable": true, "categoryIds": ["household"]}, {"id": "w40679-9339687096466", "store": "woolworths", "name": "For Kids Boys Briefs Sizes 8-10 ", "brand": "For Kids", "price": 4, "orgPrice": 8, "imagePath": "https://cdn0.woolworths.media/content/wowproductimages/large/040679.jpg", "cupPrice": null, "unit": "each", "packageSize": "5 pack", "barcode": ["9339687096466"], "isAvailable": true, "categoryIds": ["household"]}, {"id": "w40681-9339687096459", "store": "woolworths", "name": "For Kids Boys Cotton Trunk Size 10-12", "brand": "For Kids", "price": 4, "orgPrice": 8, "imagePath": "https://cdn0.woolworths.media/content/wowproductimages/large/040681.jpg", "cupPrice": null, "unit": "each", "packageSize": "3 pack", "barcode": ["9339687096459"], "isAvailable": true, "categoryIds": ["household"]}, {"id": "w40693-9339687096411", "store": "woolworths", "name": "For Kids Girls Briefs Size 8-10", "brand": "For Kids", "price": 4, "orgPrice": 8, "imagePath": "https://cdn0.woolworths.media/content/wowproductimages/large/040693.jpg", "cupPrice": null, "unit": "each", "packageSize": "5 pack", "barcode": ["9339687096411"], "isAvailable": true, "categoryIds": ["household"]}, {"id": "w39710-9339687096404", "store": "woolworths", "name": "For Kids Girls Briefs Sizes 10-12 ", "brand": "For Kids", "price": 4, "orgPrice": 8, "imagePath": "https://cdn0.woolworths.media/content/wowproductimages/large/039710.jpg", "cupPrice": null, "unit": "each", "packageSize": "5 pack", "barcode": ["9339687096404"], "isAvailable": true, "categoryIds": ["household"]}, {"id": "w578698-9300633636371", "store": "woolworths", "name": "Green Gardener Hose Nozzle ", "brand": "Green Gardener", "price": 1.5, "orgPrice": 3, "imagePath": "https://cdn0.woolworths.media/content/wowproductimages/large/578698.jpg", "cupPrice": null, "unit": "each", "packageSize": "each", "barcode": ["9300633636371"], "isAvailable": true, "categoryIds": ["household"]}, {"id": "w404417-9311262008781", "store": "woolworths", "name": "Hollywood Fashion Tape Shapes", "brand": "Hollywood", "price": 9, "orgPrice": 18, "imagePath": "https://cdn0.woolworths.media/content/wowproductimages/large/404417.jpg", "cupPrice": null, "unit": "each", "packageSize": "24 pack", "barcode": ["9311262008781"], "isAvailable": true, "categoryIds": ["household"]}, {"id": "w79424-9311183005951", "store": "woolworths", "name": "Immerse Plug Bath & Basin Plug 32mm", "brand": "Immerse", "price": 1.75, "orgPrice": 3.5, "imagePath": "https://cdn0.woolworths.media/content/wowproductimages/large/079424.jpg", "cupPrice": null, "unit": "each", "packageSize": "each", "barcode": ["9311183005951"], "isAvailable": true, "categoryIds": ["household"]}, {"id": "w616735-9300633647810", "store": "woolworths", "name": "Inspire Bath Mat Bobble ", "brand": "Inspire", "price": 8, "orgPrice": 16, "imagePath": "https://cdn0.woolworths.media/content/wowproductimages/large/616735.jpg", "cupPrice": null, "unit": "each", "packageSize": "each", "barcode": ["9300633647810"], "isAvailable": true, "categoryIds": ["household"]}, {"id": "w616736-9300633647728", "store": "woolworths", "name": "Inspire Bobble Bath Mat 48x78cm", "brand": "Inspire", "price": 8, "orgPrice": 16, "imagePath": "https://cdn0.woolworths.media/content/wowproductimages/large/616736.jpg", "cupPrice": null, "unit": "each", "packageSize": "each", "barcode": ["9300633647728"], "isAvailable": true, "categoryIds": ["household"]}, {"id": "w627338-9300633675820", "store": "woolworths", "name": "Inspire Bobble Bath Mat 48x78cm", "brand": "Inspire", "price": 8, "orgPrice": 16, "imagePath": "https://cdn0.woolworths.media/content/wowproductimages/large/627338.jpg", "cupPrice": null, "unit": "each", "packageSize": "each", "barcode": ["9300633675820"], "isAvailable": true, "categoryIds": ["household"]}, {"id": "w432334-9300633565763", "store": "woolworths", "name": "Inspire Bullet Mug Assorted", "brand": "Inspire", "price": 1.5, "orgPrice": 3, "imagePath": "https://cdn0.woolworths.media/content/wowproductimages/large/432334.jpg", "cupPrice": null, "unit": "each", "packageSize": "each", "barcode": ["9300633565763"], "isAvailable": true, "categoryIds": ["household"]}, {"id": "w798629-9300633749958", "store": "woolworths", "name": "Inspire Premium Bath Sheet Charcoal", "brand": "Inspire", "price": 13, "orgPrice": 26, "imagePath": "https://cdn0.woolworths.media/content/wowproductimages/large/798629.jpg", "cupPrice": null, "unit": "each", "packageSize": "each", "barcode": ["9300633749958"], "isAvailable": true, "categoryIds": ["household"]}, {"id": "w798628-9300633749941", "store": "woolworths", "name": "Inspire Premium Bath Sheet Petrol", "brand": "Inspire", "price": 13, "orgPrice": 26, "imagePath": "https://cdn0.woolworths.media/content/wowproductimages/large/798628.jpg", "cupPrice": null, "unit": "each", "packageSize": "each", "barcode": ["9300633749941"], "isAvailable": true, "categoryIds": ["household"]}, {"id": "w629890-9300633675837", "store": "woolworths", "name": "Inspire Premium Bath Towel 600gsm Cw1", "brand": "Inspire", "price": 9, "orgPrice": 18, "imagePath": "https://cdn0.woolworths.media/content/wowproductimages/large/629890.jpg", "cupPrice": null, "unit": "each", "packageSize": "each", "barcode": ["9300633675837"], "isAvailable": true, "categoryIds": ["household"]}, {"id": "w798623-9300633749897", "store": "woolworths", "name": "Inspire Premium Face Washer Charcoal", "brand": "Inspire", "price": 6, "orgPrice": 12, "imagePath": "https://cdn0.woolworths.media/content/wowproductimages/large/798623.jpg", "cupPrice": null, "unit": "each", "packageSize": "2 pack", "barcode": ["9300633749897"], "isAvailable": true, "categoryIds": ["household"]}, {"id": "w692613-9339687046515", "store": "woolworths", "name": "Inspire Premium Face Washer Cw3 600gsm", "brand": "Inspire", "price": 6, "orgPrice": 12, "imagePath": "https://cdn0.woolworths.media/content/wowproductimages/large/692613.jpg", "cupPrice": null, "unit": "each", "packageSize": "2 pack", "barcode": ["9339687046515"], "isAvailable": true, "categoryIds": ["household"]}, {"id": "w798622-9300633749880", "store": "woolworths", "name": "Inspire Premium Face Washer Petrol", "brand": "Inspire", "price": 6, "orgPrice": 12, "imagePath": "https://cdn0.woolworths.media/content/wowproductimages/large/798622.jpg", "cupPrice": null, "unit": "each", "packageSize": "2 pack", "barcode": ["9300633749880"], "isAvailable": true, "categoryIds": ["household"]}, {"id": "w798626-9300633749927", "store": "woolworths", "name": "Inspire Premium Hand Towel Charcoal", "brand": "Inspire", "price": 6, "orgPrice": 12, "imagePath": "https://cdn0.woolworths.media/content/wowproductimages/large/798626.jpg", "cupPrice": null, "unit": "each", "packageSize": "each", "barcode": ["9300633749927"], "isAvailable": true, "categoryIds": ["household"]}, {"id": "w692612-9339687046522", "store": "woolworths", "name": "Inspire Premium Hand Towel Cw3 600gsm", "brand": "Inspire", "price": 6, "orgPrice": 12, "imagePath": "https://cdn0.woolworths.media/content/wowproductimages/large/692612.jpg", "cupPrice": null, "unit": "each", "packageSize": "each", "barcode": ["9339687046522"], "isAvailable": true, "categoryIds": ["household"]}, {"id": "w798625-9300633749910", "store": "woolworths", "name": "Inspire Premium Hand Towel Petrol", "brand": "Inspire", "price": 6, "orgPrice": 12, "imagePath": "https://cdn0.woolworths.media/content/wowproductimages/large/798625.jpg", "cupPrice": null, "unit": "each", "packageSize": "each", "barcode": ["9300633749910"], "isAvailable": true, "categoryIds": ["household"]}, {"id": "w432485-9300633565886", "store": "woolworths", "name": "Inspire Soup Mug Charcoal", "brand": "Inspire", "price": 2, "orgPrice": 4, "imagePath": "https://cdn0.woolworths.media/content/wowproductimages/large/432485.jpg", "cupPrice": null, "unit": "each", "packageSize": "500ml", "barcode": ["9300633565886"], "isAvailable": true, "categoryIds": ["household"]}, {"id": "w681399-9350376000205", "store": "woolworths", "name": "Lovable Care & Renew For Black & Darks", "brand": "Lovable", "price": 6, "orgPrice": 12, "imagePath": "https://cdn0.woolworths.media/content/wowproductimages/large/681399.jpg", "cupPrice": "$4.00 / 1l", "unit": "each", "packageSize": "1.5l", "barcode": ["9350376000205"], "isAvailable": true, "categoryIds": ["household"]}, {"id": "w854141-9350376003374", "store": "woolworths", "name": "Lovables Care & Refresh Laundry Liquid ", "brand": "Lovables", "price": 6, "orgPrice": 12, "imagePath": "https://cdn0.woolworths.media/content/wowproductimages/large/854141.jpg", "cupPrice": "$4.00 / 1l", "unit": "each", "packageSize": "1.5l", "barcode": ["9350376003374"], "isAvailable": true, "categoryIds": ["household"]}, {"id": "w957075-9328854008302", "store": "woolworths", "name": "Moki Bluetooth Wireless Speaker Bassdisc", "brand": "Moki", "price": 19.99, "orgPrice": 39.99, "imagePath": "https://cdn0.woolworths.media/content/wowproductimages/large/957075.jpg", "cupPrice": null, "unit": "each", "packageSize": "each", "barcode": ["9328854008302"], "isAvailable": true, "categoryIds": ["household"]}, {"id": "w957115-9328854007992", "store": "woolworths", "name": "Moki Comfort Buds 45 Degree Pink", "brand": "Moki", "price": 9.97, "orgPrice": 19.95, "imagePath": "https://cdn0.woolworths.media/content/wowproductimages/large/957115.jpg", "cupPrice": null, "unit": "each", "packageSize": "each", "barcode": ["9328854007992"], "isAvailable": true, "categoryIds": ["household"]}, {"id": "w618578-9328854009651", "store": "woolworths", "name": "Moki Exo Evolve Bluetooth Earphones", "brand": "Moki", "price": 15, "orgPrice": 30, "imagePath": "https://cdn0.woolworths.media/content/wowproductimages/large/618578.jpg", "cupPrice": null, "unit": "each", "packageSize": "each", "barcode": ["9328854009651"], "isAvailable": true, "categoryIds": ["household"]}, {"id": "w758723-9328854010572", "store": "woolworths", "name": "Moki Freestyle Bluetooth Headphones", "brand": "Moki", "price": 12.5, "orgPrice": 25, "imagePath": "https://cdn0.woolworths.media/content/wowproductimages/large/758723.jpg", "cupPrice": null, "unit": "each", "packageSize": "each", "barcode": ["9328854010572"], "isAvailable": true, "categoryIds": ["household"]}, {"id": "w759821-9328854010619", "store": "woolworths", "name": "Moki Hybrid Bluetooth Headphones", "brand": "Moki", "price": 12.5, "orgPrice": 25, "imagePath": "https://cdn0.woolworths.media/content/wowproductimages/large/759821.jpg", "cupPrice": null, "unit": "each", "packageSize": "each", "barcode": ["9328854010619"], "isAvailable": true, "categoryIds": ["household"]}, {"id": "w957087-9328854008357", "store": "woolworths", "name": "Moki Hyper Buds Blue", "brand": "Moki", "price": 7.49, "orgPrice": 14.99, "imagePath": "https://cdn0.woolworths.media/content/wowproductimages/large/957087.jpg", "cupPrice": null, "unit": "each", "packageSize": "each", "barcode": ["9328854008357"], "isAvailable": true, "categoryIds": ["household"]}, {"id": "w957112-9328854008166", "store": "woolworths", "name": "Moki Kids Safe Headphones Blue/red", "brand": "Moki", "price": 15, "orgPrice": 30, "imagePath": "https://cdn0.woolworths.media/content/wowproductimages/large/957112.jpg", "cupPrice": null, "unit": "each", "packageSize": "each", "barcode": ["9328854008166"], "isAvailable": true, "categoryIds": ["household"]}, {"id": "w364440-9328854002119", "store": "woolworths", "name": "Moki Noise Isolation Earbuds Black Or White", "brand": "Moki", "price": 5, "orgPrice": 10, "imagePath": "https://cdn0.woolworths.media/content/wowproductimages/large/364440.jpg", "cupPrice": null, "unit": "each", "packageSize": "each", "barcode": ["9328854002119"], "isAvailable": true, "categoryIds": ["household"]}, {"id": "w957070-9328854008111", "store": "woolworths", "name": "Moki Noise Isolation Earbuds Green", "brand": "Moki", "price": 9.99, "orgPrice": 19.99, "imagePath": "https://cdn0.woolworths.media/content/wowproductimages/large/957070.jpg", "cupPrice": null, "unit": "each", "packageSize": "each", "barcode": ["9328854008111"], "isAvailable": true, "categoryIds": ["household"]}, {"id": "w759825-9328854010657", "store": "woolworths", "name": "Moki Octane Bluetooth Headphones", "brand": "Moki", "price": 12.5, "orgPrice": 25, "imagePath": "https://cdn0.woolworths.media/content/wowproductimages/large/759825.jpg", "cupPrice": null, "unit": "each", "packageSize": "each", "barcode": ["9328854010657"], "isAvailable": true, "categoryIds": ["household"]}, {"id": "w829558-9300615055909", "store": "woolworths", "name": "Morning Fresh Dishwashing Liquid Lemon Fresh", "brand": "Morning Fresh", "price": 2.15, "orgPrice": 4.3, "imagePath": "https://cdn0.woolworths.media/content/wowproductimages/large/829558.jpg", "cupPrice": "$0.54 / 100ml", "unit": "each", "packageSize": "400ml", "barcode": ["9300615055909"], "isAvailable": true, "categoryIds": ["household"]}, {"id": "w829544-9300615055817", "store": "woolworths", "name": "Morning Fresh Dishwashing Liquid Original", "brand": "Morning Fresh", "price": 2.15, "orgPrice": 4.3, "imagePath": "https://cdn0.woolworths.media/content/wowproductimages/large/829544.jpg", "cupPrice": "$0.54 / 100ml", "unit": "each", "packageSize": "400ml", "barcode": ["9300615055817"], "isAvailable": true, "categoryIds": ["household"]}, {"id": "w829570-9300615055862", "store": "woolworths", "name": "Morning Fresh Dishwashing Liquid Watermelon & Pomegranate", "brand": "Morning Fresh", "price": 2.15, "orgPrice": 4.3, "imagePath": "https://cdn0.woolworths.media/content/wowproductimages/large/829570.jpg", "cupPrice": "$0.54 / 100ml", "unit": "each", "packageSize": "400ml", "barcode": ["9300615055862"], "isAvailable": true, "categoryIds": ["household"]}, {"id": "w26240-9310124715119", "store": "woolworths", "name": "Oates All Purpose Cloth ", "brand": "Oates", "price": 1.5, "orgPrice": 3, "imagePath": "https://cdn0.woolworths.media/content/wowproductimages/large/026240.jpg", "cupPrice": "$0.75 / 1ea", "unit": "each", "packageSize": "2 pack", "barcode": ["9310124715119"], "isAvailable": true, "categoryIds": ["household"]}, {"id": "w804117-8710447496695", "store": "woolworths", "name": "Omo Dual Capsules Active ", "brand": "Omo", "price": 9.99, "orgPrice": 19.99, "imagePath": "https://cdn0.woolworths.media/content/wowproductimages/large/804117.jpg", "cupPrice": "$0.33 / 1ea", "unit": "each", "packageSize": "30 pack", "barcode": ["8710447496695"], "isAvailable": true, "categoryIds": ["household"]}, {"id": "w804122-8710447496718", "store": "woolworths", "name": "Omo Dual Capsules Sensitive ", "brand": "Omo", "price": 9.99, "orgPrice": 19.99, "imagePath": "https://cdn0.woolworths.media/content/wowproductimages/large/804122.jpg", "cupPrice": "$0.33 / 1ea", "unit": "each", "packageSize": "30 pack", "barcode": ["8710447496718"], "isAvailable": true, "categoryIds": ["household"]}, {"id": "w644240-9311505810041", "store": "woolworths", "name": "Quilton Gold 4 Ply Tissues Aloe Vera", "brand": "Quilton", "price": 1, "orgPrice": 2, "imagePath": "https://cdn0.woolworths.media/content/wowproductimages/large/644240.jpg", "cupPrice": "$1.00 / 100ss", "unit": "each", "packageSize": "100 pack", "barcode": ["9311505810041"], "isAvailable": true, "categoryIds": ["household"]}, {"id": "w20069-9310345000100", "store": "woolworths", "name": "Reva Pegs Plastic", "brand": "Reva", "price": 3.24, "orgPrice": 6.5, "imagePath": "https://cdn0.woolworths.media/content/wowproductimages/large/020069.jpg", "cupPrice": "$0.07 / 1ea", "unit": "each", "packageSize": "48 pack", "barcode": ["9310345000100"], "isAvailable": true, "categoryIds": ["household"]}, {"id": "w232383-9350376000717", "store": "woolworths", "name": "Sard Wonder Inwash & Soaker Eucalyptus Power Stain Remover", "brand": "Sard Wonder", "price": 3.49, "orgPrice": 6.99, "imagePath": "https://cdn0.woolworths.media/content/wowproductimages/large/232383.jpg", "cupPrice": "$3.49 / 1kg", "unit": "each", "packageSize": "1kg", "barcode": ["9350376000717"], "isAvailable": true, "categoryIds": ["household"]}, {"id": "w657182-9350376002223", "store": "woolworths", "name": "Sard Wonder Super Power Soaker", "brand": "Sard Wonder", "price": 3.49, "orgPrice": 6.99, "imagePath": "https://cdn0.woolworths.media/content/wowproductimages/large/657182.jpg", "cupPrice": "$3.88 / 1kg", "unit": "each", "packageSize": "900g", "barcode": ["9350376002223"], "isAvailable": true, "categoryIds": ["household"]}, {"id": "w766501-9350376000731", "store": "woolworths", "name": "Sard Wonder Ultra Whitening Stain Remover", "brand": "Sard Wonder", "price": 3.49, "orgPrice": 6.99, "imagePath": "https://cdn0.woolworths.media/content/wowproductimages/large/766501.jpg", "cupPrice": "$3.49 / 1kg", "unit": "each", "packageSize": "1kg", "barcode": ["9350376000731"], "isAvailable": true, "categoryIds": ["household"]}, {"id": "w55940-9325448168633", "store": "woolworths", "name": "Smash Bento Bite Lunch Box Blue", "brand": "Smash", "price": 10, "orgPrice": 20, "imagePath": "https://cdn0.woolworths.media/content/wowproductimages/large/055940.jpg", "cupPrice": null, "unit": "each", "packageSize": "each", "barcode": ["9325448168633"], "isAvailable": true, "categoryIds": ["household"]}, {"id": "w55951-9325448168657", "store": "woolworths", "name": "Smash Bento Bite Lunch Box Pink", "brand": "Smash", "price": 10, "orgPrice": 20, "imagePath": "https://cdn0.woolworths.media/content/wowproductimages/large/055951.jpg", "cupPrice": null, "unit": "each", "packageSize": "each", "barcode": ["9325448168657"], "isAvailable": true, "categoryIds": ["household"]}, {"id": "w55494-9325448168572", "store": "woolworths", "name": "Smash Bento Switch Up Blue", "brand": "Smash", "price": 9, "orgPrice": 18, "imagePath": "https://cdn0.woolworths.media/content/wowproductimages/large/055494.jpg", "cupPrice": null, "unit": "each", "packageSize": "each", "barcode": ["9325448168572"], "isAvailable": true, "categoryIds": ["household"]}, {"id": "w55949-9325448168602", "store": "woolworths", "name": "Smash Bento Switch Up Pink", "brand": "Smash", "price": 9, "orgPrice": 18, "imagePath": "https://cdn0.woolworths.media/content/wowproductimages/large/055949.jpg", "cupPrice": null, "unit": "each", "packageSize": "each", "barcode": ["9325448168602"], "isAvailable": true, "categoryIds": ["household"]}, {"id": "w55946-9325448168589", "store": "woolworths", "name": "Smash Caddy Cold Box Blue", "brand": "Smash", "price": 8, "orgPrice": 16, "imagePath": "https://cdn0.woolworths.media/content/wowproductimages/large/055946.jpg", "cupPrice": null, "unit": "each", "packageSize": "each", "barcode": ["9325448168589"], "isAvailable": true, "categoryIds": ["household"]}, {"id": "w55938-9325448168619", "store": "woolworths", "name": "Smash Caddy Cold Box Pink", "brand": "Smash", "price": 8, "orgPrice": 16, "imagePath": "https://cdn0.woolworths.media/content/wowproductimages/large/055938.jpg", "cupPrice": null, "unit": "each", "packageSize": "each", "barcode": ["9325448168619"], "isAvailable": true, "categoryIds": ["household"]}, {"id": "w55948-9325448168596", "store": "woolworths", "name": "Smash Chiller Bottle 640ml Blue", "brand": "Smash", "price": 5, "orgPrice": 10, "imagePath": "https://cdn0.woolworths.media/content/wowproductimages/large/055948.jpg", "cupPrice": null, "unit": "each", "packageSize": "each", "barcode": ["9325448168596"], "isAvailable": true, "categoryIds": ["household"]}, {"id": "w55955-9325448168688", "store": "woolworths", "name": "Smash Curly Straw Tumbler Blue", "brand": "Smash", "price": 4.5, "orgPrice": 9, "imagePath": "https://cdn0.woolworths.media/content/wowproductimages/large/055955.jpg", "cupPrice": null, "unit": "each", "packageSize": "each", "barcode": ["9325448168688"], "isAvailable": true, "categoryIds": ["household"]}, {"id": "w55518-9325448168718", "store": "woolworths", "name": "Smash Curly Straw Tumbler Pink", "brand": "Smash", "price": 4.5, "orgPrice": 9, "imagePath": "https://cdn0.woolworths.media/content/wowproductimages/large/055518.jpg", "cupPrice": null, "unit": "each", "packageSize": "each", "barcode": ["9325448168718"], "isAvailable": true, "categoryIds": ["household"]}, {"id": "w55953-9325448168664", "store": "woolworths", "name": "Smash Hydrop Sipper Bottle Pink", "brand": "Smash", "price": 4.5, "orgPrice": 9, "imagePath": "https://cdn0.woolworths.media/content/wowproductimages/large/055953.jpg", "cupPrice": null, "unit": "each", "packageSize": "each", "barcode": ["9325448168664"], "isAvailable": true, "categoryIds": ["household"]}, {"id": "w55956-9325448168701", "store": "woolworths", "name": "Smash Kids Bamboo Bowl Blue", "brand": "Smash", "price": 2.5, "orgPrice": 5, "imagePath": "https://cdn0.woolworths.media/content/wowproductimages/large/055956.jpg", "cupPrice": null, "unit": "each", "packageSize": "each", "barcode": ["9325448168701"], "isAvailable": true, "categoryIds": ["household"]}, {"id": "w55526-9325448168732", "store": "woolworths", "name": "Smash Kids Bamboo Bowl Pink", "brand": "Smash", "price": 2.5, "orgPrice": 5, "imagePath": "https://cdn0.woolworths.media/content/wowproductimages/large/055526.jpg", "cupPrice": null, "unit": "each", "packageSize": "each", "barcode": ["9325448168732"], "isAvailable": true, "categoryIds": ["household"]}, {"id": "w55515-9325448168695", "store": "woolworths", "name": "Smash Kids Bamboo Plate Blue", "brand": "Smash", "price": 2.5, "orgPrice": 5, "imagePath": "https://cdn0.woolworths.media/content/wowproductimages/large/055515.jpg", "cupPrice": null, "unit": "each", "packageSize": "each", "barcode": ["9325448168695"], "isAvailable": true, "categoryIds": ["household"]}, {"id": "w55963-9325448168725", "store": "woolworths", "name": "Smash Kids Bamboo Plate Pink", "brand": "Smash", "price": 2.5, "orgPrice": 5, "imagePath": "https://cdn0.woolworths.media/content/wowproductimages/large/055963.jpg", "cupPrice": null, "unit": "each", "packageSize": "each", "barcode": ["9325448168725"], "isAvailable": true, "categoryIds": ["household"]}, {"id": "w55478-9325448168671", "store": "woolworths", "name": "Smash Lunch Buddy Set ", "brand": "Smash", "price": 6, "orgPrice": 12, "imagePath": "https://cdn0.woolworths.media/content/wowproductimages/large/055478.jpg", "cupPrice": null, "unit": "each", "packageSize": "8 pack", "barcode": ["9325448168671"], "isAvailable": true, "categoryIds": ["household"]}, {"id": "w370210-683010606792", "store": "woolworths", "name": "Vileda Mop Promist Durable Refill", "brand": "Vileda", "price": 5.75, "orgPrice": 11.5, "imagePath": "https://cdn0.woolworths.media/content/wowproductimages/large/370210.jpg", "cupPrice": "$5.75 / 1ea", "unit": "each", "packageSize": "each", "barcode": ["683010606792"], "isAvailable": true, "categoryIds": ["household"]}, {"id": "w226527-683010206367", "store": "woolworths", "name": "Vileda Ultramax Refill", "brand": "Vileda", "price": 8.25, "orgPrice": 16.5, "imagePath": "https://cdn0.woolworths.media/content/wowproductimages/large/226527.jpg", "cupPrice": null, "unit": "each", "packageSize": "each", "barcode": ["683010206367"], "isAvailable": true, "categoryIds": ["household"]}, {"id": "w577096-9300633636357", "store": "woolworths", "name": "Woolworths Bbq Meat Thermometer ", "brand": "Woolworths", "price": 9, "orgPrice": 18, "imagePath": "https://cdn0.woolworths.media/content/wowproductimages/large/577096.jpg", "cupPrice": "$9.00 / 1ea", "unit": "each", "packageSize": "each", "barcode": ["9300633636357"], "isAvailable": true, "categoryIds": ["household"]}, {"id": "w747117-9300633356712", "store": "woolworths", "name": "Woolworths Essentials Boys Underwear Fly Front Trunks 6-7", "brand": "Woolworths", "price": 4, "orgPrice": 8, "imagePath": "https://cdn0.woolworths.media/content/wowproductimages/large/747117.jpg", "cupPrice": "$1.33 / 1ea", "unit": "each", "packageSize": "3 pack", "barcode": ["9300633356712"], "isAvailable": true, "categoryIds": ["household"]}, {"id": "w747120-9300633356736", "store": "woolworths", "name": "Woolworths For Kids Boys Underwear Fly Front Trunks 12-14", "brand": "Woolworths", "price": 4, "orgPrice": 8, "imagePath": "https://cdn0.woolworths.media/content/wowproductimages/large/747120.jpg", "cupPrice": "$1.33 / 1ea", "unit": "each", "packageSize": "3 pack", "barcode": ["9300633356736"], "isAvailable": true, "categoryIds": ["household"]}, {"id": "w747193-9300633376239", "store": "woolworths", "name": "Woolworths For Kids Boys Underwear Fly Front Trunks 8-10", "brand": "Woolworths", "price": 4, "orgPrice": 8, "imagePath": "https://cdn0.woolworths.media/content/wowproductimages/large/747193.jpg", "cupPrice": "$1.33 / 1ea", "unit": "each", "packageSize": "3 pack", "barcode": ["9300633376239"], "isAvailable": true, "categoryIds": ["household"]}, {"id": "w789765-4894063037815", "store": "woolworths", "name": "Woolworths Party Costume Glow Necklace Pendant", "brand": "Woolworths", "price": 1, "orgPrice": 2, "imagePath": "https://cdn0.woolworths.media/content/wowproductimages/large/789765.jpg", "cupPrice": null, "unit": "each", "packageSize": "each", "barcode": ["4894063037815"], "isAvailable": true, "categoryIds": ["household"]}, {"id": "w789785-4894063037884", "store": "woolworths", "name": "Woolworths Party Costume Glow Spray Wand", "brand": "Woolworths", "price": 1, "orgPrice": 2, "imagePath": "https://cdn0.woolworths.media/content/wowproductimages/large/789785.jpg", "cupPrice": null, "unit": "each", "packageSize": "each", "barcode": ["4894063037884"], "isAvailable": true, "categoryIds": ["household"]}, {"id": "w804966-9315090204292", "store": "woolworths", "name": "Freedom Foods Messy Monkey Bites Chicken ", "brand": "Freedom Foods", "price": 3.5, "orgPrice": 7, "imagePath": "https://cdn0.woolworths.media/content/wowproductimages/large/804966.jpg", "cupPrice": "$2.19 / 100g", "unit": "each", "packageSize": "8 pack", "barcode": ["9315090204292"], "isAvailable": true, "categoryIds": ["household"]}, {"id": "w635961-9315090204360", "store": "woolworths", "name": "Messy Monkeys Whole Grain Bites Burger Flavour", "brand": "Messy Monkeys", "price": 3.5, "orgPrice": 7, "imagePath": "https://cdn0.woolworths.media/content/wowproductimages/large/635961.jpg", "cupPrice": "$2.19 / 100g", "unit": "each", "packageSize": "8x160g", "barcode": ["9315090204360"], "isAvailable": true, "categoryIds": ["household"]}, {"id": "w635962-9315090204346", "store": "woolworths", "name": "Messy Monkeys Whole Grain Bites Cheese Flavour", "brand": "Messy Monkeys", "price": 3.5, "orgPrice": 7, "imagePath": "https://cdn0.woolworths.media/content/wowproductimages/large/635962.jpg", "cupPrice": "$2.19 / 100g", "unit": "each", "packageSize": "8x160g", "barcode": ["9315090204346"], "isAvailable": true, "categoryIds": ["household"]}], "data-date": "09-06-2020"}