[
  {
    "id": "c1647164p-5000221505709",
    "store": "coles",
    "name": "Lemon Slices 6 Pack",
    "brand": "Mr Kipling",
    "price": 2,
    "orgPrice": 4,
    "categoryId": "bakery",
    "imagePath": "https://shop.coles.com.au/wcsstore/Coles-CAS/images/1/6/4/1647164.jpg",
    "cupPrice": "$1.21 per 100g",
    "unit": "ea",
    "packageSize": "165g",
    "barcode": [
      "5000221505709"
    ],
    "isAvailable": true
  },
  {
    "id": "c1777410p-5000221001386",
    "store": "coles",
    "name": "Cherry & Almond Bakewells Tarts 6 pack",
    "brand": "Mr Kipling",
    "price": 2,
    "orgPrice": 4,
    "categoryId": "bakery",
    "imagePath": "https://shop.coles.com.au/wcsstore/Coles-CAS/images/1/7/7/1777410.jpg",
    "cupPrice": "$8.00 per 1kg",
    "unit": "ea",
    "packageSize": "250g",
    "barcode": [
      "5000221001386",
      "5000221209942"
    ],
    "isAvailable": true
  },
  {
    "id": "c3217654p-5000221655978",
    "store": "coles",
    "name": "French Fancies Selection Cakes 8 Pack",
    "brand": "Mr Kipling",
    "price": 2.5,
    "orgPrice": 5,
    "categoryId": "bakery",
    "imagePath": "https://shop.coles.com.au/wcsstore/Coles-CAS/images/3/2/1/3217654.jpg",
    "cupPrice": "$1.22 per 100g",
    "unit": "ea",
    "packageSize": "205g",
    "barcode": [
      "5000221655978",
      "5000221605973"
    ],
    "isAvailable": true
  },
  {
    "id": "c3766583p-9300650450196",
    "store": "coles",
    "name": "Caramilk Cream Cheese",
    "brand": "Philadelphia",
    "price": 2.35,
    "orgPrice": 4.7,
    "categoryId": "dairy-eggs-fridge",
    "imagePath": "https://shop.coles.com.au/wcsstore/Coles-CAS/images/3/7/6/3766583.jpg",
    "cupPrice": "$9.40 per 1kg",
    "unit": "ea",
    "packageSize": "250g",
    "barcode": [
      "9300650450196"
    ],
    "isAvailable": true
  },
  {
    "id": "c6109035p-5000396015898",
    "store": "coles",
    "name": "Digestives Milk Chocolate Wheat Biscuits",
    "brand": "McVitie's",
    "price": 1.97,
    "orgPrice": 3.95,
    "categoryId": "pantry",
    "imagePath": "https://shop.coles.com.au/wcsstore/Coles-CAS/images/6/1/0/6109035.jpg",
    "cupPrice": "$0.66 per 100g",
    "unit": "ea",
    "packageSize": "300g",
    "barcode": [
      "5000396015898"
    ],
    "isAvailable": true
  },
  {
    "id": "c6108010p-5000396015935",
    "store": "coles",
    "name": "Original Digestive Biscuits",
    "brand": "McVitie's",
    "price": 1.97,
    "orgPrice": 3.95,
    "categoryId": "pantry",
    "imagePath": "https://shop.coles.com.au/wcsstore/Coles-CAS/images/6/1/0/6108010.jpg",
    "cupPrice": "$0.49 per 100g",
    "unit": "ea",
    "packageSize": "400g",
    "barcode": [
      "5000396015935",
      "5000168001159"
    ],
    "isAvailable": true
  },
  {
    "id": "c6899164p-9300605048522",
    "store": "coles",
    "name": "Rainbow Berry Berry Roll Ups",
    "brand": "Uncle Tobys",
    "price": 2,
    "orgPrice": 4,
    "categoryId": "pantry",
    "imagePath": "https://shop.coles.com.au/wcsstore/Coles-CAS/images/6/8/9/6899164.jpg",
    "cupPrice": "$2.13 per 100g",
    "unit": "ea",
    "packageSize": "94g",
    "barcode": [
      "9300605048522"
    ],
    "isAvailable": true
  },
  {
    "id": "c5196850p-400003061440",
    "store": "coles",
    "name": "Party Mix",
    "brand": "Allen's",
    "price": 1.5,
    "orgPrice": 3,
    "categoryId": "pantry",
    "imagePath": "https://shop.coles.com.au/wcsstore/Coles-CAS/images/5/1/9/5196850.jpg",
    "cupPrice": "$0.79 per 100g",
    "unit": "ea",
    "packageSize": "190g",
    "barcode": [
      "400003061440",
      "9300605042360",
      "9300605027862"
    ],
    "isAvailable": true
  },
  {
    "id": "c1786160p-9310015240621",
    "store": "coles",
    "name": "Honey Soy Chicken Potato Chips",
    "brand": "Red Rock Deli",
    "price": 2.32,
    "orgPrice": 4.65,
    "categoryId": "pantry",
    "imagePath": "https://shop.coles.com.au/wcsstore/Coles-CAS/images/1/7/8/1786160.jpg",
    "cupPrice": "$1.41 per 100g",
    "unit": "ea",
    "packageSize": "165g",
    "barcode": [
      "9310015240621"
    ],
    "isAvailable": true
  },
  {
    "id": "c1786150p-9310015240614",
    "store": "coles",
    "name": "Sea Salt Potato Chips",
    "brand": "Red Rock Deli",
    "price": 2.32,
    "orgPrice": 4.65,
    "categoryId": "pantry",
    "imagePath": "https://shop.coles.com.au/wcsstore/Coles-CAS/images/1/7/8/1786150.jpg",
    "cupPrice": "$1.41 per 100g",
    "unit": "ea",
    "packageSize": "165g",
    "barcode": [
      "9310015240614"
    ],
    "isAvailable": true
  },
  {
    "id": "c1786182p-9310015240645",
    "store": "coles",
    "name": "Sweet Chilli & Sour Cream Potato Chips",
    "brand": "Red Rock Deli",
    "price": 2.32,
    "orgPrice": 4.65,
    "categoryId": "pantry",
    "imagePath": "https://shop.coles.com.au/wcsstore/Coles-CAS/images/1/7/8/1786182.jpg",
    "cupPrice": "$1.41 per 100g",
    "unit": "ea",
    "packageSize": "165g",
    "barcode": [
      "9310015240645"
    ],
    "isAvailable": true
  },
  {
    "id": "c2002095p-9310631627691",
    "store": "coles",
    "name": "Organic Espresso Coffee Beans",
    "brand": "Vittoria",
    "price": 18.25,
    "orgPrice": 36.5,
    "categoryId": "pantry",
    "imagePath": "https://shop.coles.com.au/wcsstore/Coles-CAS/images/2/0/0/2002095.jpg",
    "cupPrice": "$1.83 per 100g",
    "unit": "ea",
    "packageSize": "1kg",
    "barcode": [
      "9310631627691"
    ],
    "isAvailable": true
  },
  {
    "id": "c2351855p-9300617042976",
    "store": "coles",
    "name": "Marshmallows Pink and White",
    "brand": "Pascall",
    "price": 2,
    "orgPrice": 4,
    "categoryId": "pantry",
    "imagePath": "https://shop.coles.com.au/wcsstore/Coles-CAS/images/2/3/5/2351855.jpg",
    "cupPrice": "$0.71 per 100g",
    "unit": "ea",
    "packageSize": "280g",
    "barcode": [
      "9300617042976"
    ],
    "isAvailable": true
  },
  {
    "id": "c3571992p-9300617075295",
    "store": "coles",
    "name": "Favourites",
    "brand": "Cadbury",
    "price": 7,
    "orgPrice": 14,
    "categoryId": "pantry",
    "imagePath": "https://shop.coles.com.au/wcsstore/Coles-CAS/images/3/5/7/3571992.jpg",
    "cupPrice": "$1.88 per 100g",
    "unit": "ea",
    "packageSize": "373g",
    "barcode": [
      "9300617075295"
    ],
    "isAvailable": true
  },
  {
    "id": "c6109057p-5000396022308",
    "store": "coles",
    "name": "Dark Chocolate Digestive Biscuits",
    "brand": "McVitie's",
    "price": 1.97,
    "orgPrice": 3.95,
    "categoryId": "pantry",
    "imagePath": "https://shop.coles.com.au/wcsstore/Coles-CAS/images/6/1/0/6109057.jpg",
    "cupPrice": "$0.66 per 100g",
    "unit": "ea",
    "packageSize": "300g",
    "barcode": [
      "5000396022308"
    ],
    "isAvailable": true
  },
  {
    "id": "c8686572p-9310631622764",
    "store": "coles",
    "name": "Mountain Grown Coffee Beans",
    "brand": "Vittoria",
    "price": 15,
    "orgPrice": 36.5,
    "categoryId": "pantry",
    "imagePath": "https://shop.coles.com.au/wcsstore/Coles-CAS/images/8/6/8/8686572.jpg",
    "cupPrice": "$1.50 per 100g",
    "unit": "ea",
    "packageSize": "1kg",
    "barcode": [
      "9310631622764"
    ],
    "isAvailable": true
  },
  {
    "id": "c5833943p-400003457830",
    "store": "coles",
    "name": "Extra Virgin Olive Oil",
    "brand": "La Espanola",
    "price": 4.5,
    "orgPrice": 9,
    "categoryId": "pantry",
    "imagePath": "https://shop.coles.com.au/wcsstore/Coles-CAS/images/5/8/3/5833943.jpg",
    "cupPrice": "$0.90 per 100ml",
    "unit": "ea",
    "packageSize": "500ml",
    "barcode": [
      "400003457830",
      "8410660510115"
    ],
    "isAvailable": true
  },
  {
    "id": "c4725694p-9300667035065",
    "store": "coles",
    "name": "Pasta & Sauce Creamy Bacon Carbonara",
    "brand": "Continental",
    "price": 1,
    "orgPrice": 2.1,
    "categoryId": "pantry",
    "imagePath": "https://shop.coles.com.au/wcsstore/Coles-CAS/images/4/7/2/4725694.jpg",
    "cupPrice": "$1.18 per 100g",
    "unit": "ea",
    "packageSize": "85g",
    "barcode": [
      "9300667035065"
    ],
    "isAvailable": true
  },
  {
    "id": "c4725708p-9300667035089",
    "store": "coles",
    "name": "Alfredo Pasta & Sauce Serves 3",
    "brand": "Continental",
    "price": 1,
    "orgPrice": 2.1,
    "categoryId": "pantry",
    "imagePath": "https://shop.coles.com.au/wcsstore/Coles-CAS/images/4/7/2/4725708.jpg",
    "cupPrice": "$1.18 per 100g",
    "unit": "ea",
    "packageSize": "85g",
    "barcode": [
      "9300667035089"
    ],
    "isAvailable": true
  },
  {
    "id": "c4975192p-9310060406942",
    "store": "coles",
    "name": "Chewy Bars Choc Chip",
    "brand": "Uncle Tobys",
    "price": 2.15,
    "orgPrice": 4.3,
    "categoryId": "pantry",
    "imagePath": "https://shop.coles.com.au/wcsstore/Coles-CAS/images/4/9/7/4975192.jpg",
    "cupPrice": "$1.16 per 100g",
    "unit": "ea",
    "packageSize": "185g",
    "barcode": [
      "9310060406942"
    ],
    "isAvailable": true
  },
  {
    "id": "c138201p-9300682001298",
    "store": "coles",
    "name": "Chocolate Bar",
    "brand": "Mars",
    "price": 1,
    "orgPrice": 2,
    "categoryId": "pantry",
    "imagePath": "https://shop.coles.com.au/wcsstore/Coles-CAS/images/1/3/8/138201.jpg",
    "cupPrice": "$1.89 per 100g",
    "unit": "ea",
    "packageSize": "53g",
    "barcode": [
      "9300682001298",
      "93682459",
      "93682084",
      "9300682010757",
      "93682015",
      "9300682016063",
      "9300682042321"
    ],
    "isAvailable": true
  },
  {
    "id": "c136512p-5000189342910",
    "store": "coles",
    "name": "KitKat Milk Chocolate Bar",
    "brand": "Nestle",
    "price": 1,
    "orgPrice": 2,
    "categoryId": "pantry",
    "imagePath": "https://shop.coles.com.au/wcsstore/Coles-CAS/images/1/3/6/136512.jpg",
    "cupPrice": "$2.22 per 100g",
    "unit": "ea",
    "packageSize": "45g",
    "barcode": [
      "5000189342910",
      "93600057"
    ],
    "isAvailable": true
  },
  {
    "id": "c9530138p-9300605000094",
    "store": "coles",
    "name": "Snakes Alive",
    "brand": "Allen's",
    "price": 1.5,
    "orgPrice": 3,
    "categoryId": "pantry",
    "imagePath": "https://shop.coles.com.au/wcsstore/Coles-CAS/images/9/5/3/9530138.jpg",
    "cupPrice": "$0.75 per 100g",
    "unit": "ea",
    "packageSize": "200g",
    "barcode": [
      "9300605000094",
      "9300605042391",
      "9300605094376"
    ],
    "isAvailable": true
  },
  {
    "id": "c9180375p-9310631616091",
    "store": "coles",
    "name": "Mountain Grown Ground Coffee",
    "brand": "Vittoria",
    "price": 15,
    "orgPrice": 36.5,
    "categoryId": "pantry",
    "imagePath": "https://shop.coles.com.au/wcsstore/Coles-CAS/images/9/1/8/9180375.jpg",
    "cupPrice": "$1.50 per 100g",
    "unit": "ea",
    "packageSize": "1kg",
    "barcode": [
      "9310631616091"
    ],
    "isAvailable": true
  },
  {
    "id": "c1416296p-9300830018451",
    "store": "coles",
    "name": "Macaroni Cheese Pasta & Sauce Serves 3",
    "brand": "Continental",
    "price": 1,
    "orgPrice": 2.1,
    "categoryId": "pantry",
    "imagePath": "https://shop.coles.com.au/wcsstore/Coles-CAS/images/1/4/1/1416296.jpg",
    "cupPrice": "$0.95 per 100g",
    "unit": "ea",
    "packageSize": "105g",
    "barcode": [
      "9300830018451"
    ],
    "isAvailable": true
  },
  {
    "id": "c1405959p-5000396028492",
    "store": "coles",
    "name": "Sultana & Forest Fruit Crispy Slice",
    "brand": "Go Ahead",
    "price": 1.97,
    "orgPrice": 3.95,
    "categoryId": "pantry",
    "imagePath": "https://shop.coles.com.au/wcsstore/Coles-CAS/images/1/4/0/1405959.jpg",
    "cupPrice": "$0.90 per 100g",
    "unit": "ea",
    "packageSize": "218g",
    "barcode": [
      "5000396028492",
      "5000396036152"
    ],
    "isAvailable": true
  },
  {
    "id": "c1786171p-9310015240638",
    "store": "coles",
    "name": "Sea Salt & Balsamic Vinegar Potato Chips",
    "brand": "Red Rock Deli",
    "price": 2.32,
    "orgPrice": 4.65,
    "categoryId": "pantry",
    "imagePath": "https://shop.coles.com.au/wcsstore/Coles-CAS/images/1/7/8/1786171.jpg",
    "cupPrice": "$1.41 per 100g",
    "unit": "ea",
    "packageSize": "165g",
    "barcode": [
      "9310015240638"
    ],
    "isAvailable": true
  },
  {
    "id": "c2898261p-9315991023596",
    "store": "coles",
    "name": "Deli Crisps Original Blend Chips",
    "brand": "Vege",
    "price": 2.75,
    "orgPrice": 5.5,
    "categoryId": "pantry",
    "imagePath": "https://shop.coles.com.au/wcsstore/Coles-CAS/images/2/8/9/2898261.jpg",
    "cupPrice": "$2.75 per 100g",
    "unit": "ea",
    "packageSize": "100g",
    "barcode": [
      "9315991023596"
    ],
    "isAvailable": true
  },
  {
    "id": "c6899175p-9300605048430",
    "store": "coles",
    "name": "Roll Ups Rainbow Fruit Salad 6 Pack",
    "brand": "Uncle Tobys",
    "price": 2,
    "orgPrice": 4,
    "categoryId": "pantry",
    "imagePath": "https://shop.coles.com.au/wcsstore/Coles-CAS/images/6/8/9/6899175.jpg",
    "cupPrice": "$2.13 per 100g",
    "unit": "ea",
    "packageSize": "94g",
    "barcode": [
      "9300605048430"
    ],
    "isAvailable": true
  },
  {
    "id": "c6899153p-9300605048454",
    "store": "coles",
    "name": "Strawberry Flavour Roll Ups 6 pack",
    "brand": "Uncle Toby's",
    "price": 2,
    "orgPrice": 4,
    "categoryId": "pantry",
    "imagePath": "https://shop.coles.com.au/wcsstore/Coles-CAS/images/6/8/9/6899153.jpg",
    "cupPrice": "$2.13 per 1g",
    "unit": "ea",
    "packageSize": "94g",
    "barcode": [
      "9300605048454"
    ],
    "isAvailable": true
  },
  {
    "id": "c5916031p-400003061433",
    "store": "coles",
    "name": "Retro Party Mix",
    "brand": "Allen's",
    "price": 1.5,
    "orgPrice": 3,
    "categoryId": "pantry",
    "imagePath": "https://shop.coles.com.au/wcsstore/Coles-CAS/images/5/9/1/5916031.jpg",
    "cupPrice": "$0.79 per 100g",
    "unit": "ea",
    "packageSize": "190g",
    "barcode": [
      "400003061433",
      "9300605042490",
      "9300605031234"
    ],
    "isAvailable": true
  },
  {
    "id": "c5431510p-9300667028777",
    "store": "coles",
    "name": "Oriental Fried Rice",
    "brand": "Continental",
    "price": 1,
    "orgPrice": 2.1,
    "categoryId": "pantry",
    "imagePath": "https://shop.coles.com.au/wcsstore/Coles-CAS/images/5/4/3/5431510.jpg",
    "cupPrice": "$0.87 per 100g",
    "unit": "ea",
    "packageSize": "115g",
    "barcode": [
      "9300667028777",
      "9300667006980"
    ],
    "isAvailable": true
  },
  {
    "id": "c5196840p-9300605043022",
    "store": "coles",
    "name": "Jelly Beans",
    "brand": "Allen's",
    "price": 1.5,
    "orgPrice": 3,
    "categoryId": "pantry",
    "imagePath": "https://shop.coles.com.au/wcsstore/Coles-CAS/images/5/1/9/5196840.jpg",
    "cupPrice": "$0.79 per 100g",
    "unit": "ea",
    "packageSize": "190g",
    "barcode": [
      "9300605043022",
      "9300605027961"
    ],
    "isAvailable": true
  },
  {
    "id": "c5196839p-9300605027978",
    "store": "coles",
    "name": "Strawberries & Cream",
    "brand": "Allen's",
    "price": 1.5,
    "orgPrice": 3,
    "categoryId": "pantry",
    "imagePath": "https://shop.coles.com.au/wcsstore/Coles-CAS/images/5/1/9/5196839.jpg",
    "cupPrice": "$0.79 per 100g",
    "unit": "ea",
    "packageSize": "190g",
    "barcode": [
      "9300605027978",
      "9300605042810"
    ],
    "isAvailable": true
  },
  {
    "id": "c5196806p-9300605042421",
    "store": "coles",
    "name": "Frogs Alive",
    "brand": "Allen's",
    "price": 1.5,
    "orgPrice": 3,
    "categoryId": "pantry",
    "imagePath": "https://shop.coles.com.au/wcsstore/Coles-CAS/images/5/1/9/5196806.jpg",
    "cupPrice": "$0.79 per 100g",
    "unit": "ea",
    "packageSize": "190g",
    "barcode": [
      "9300605042421",
      "9300605027985"
    ],
    "isAvailable": true
  },
  {
    "id": "c245868p-9300682016087",
    "store": "coles",
    "name": "Chocolate Bar",
    "brand": "Snickers",
    "price": 1,
    "orgPrice": 2,
    "categoryId": "pantry",
    "imagePath": "https://shop.coles.com.au/wcsstore/Coles-CAS/images/2/4/5/245868.jpg",
    "cupPrice": "$2.00 per 100g",
    "unit": "ea",
    "packageSize": "50g",
    "barcode": [
      "9300682016087",
      "9300682042338",
      "93682091",
      "9300682043663",
      "9300682052825",
      "9300682010832",
      "9300682001823",
      "93682480"
    ],
    "isAvailable": true
  },
  {
    "id": "c255646p-9300667014756",
    "store": "coles",
    "name": "Cup A Soup Creamy Chicken with Lots of Noodles 2 pack",
    "brand": "Continental",
    "price": 1,
    "orgPrice": 2,
    "categoryId": "pantry",
    "imagePath": "https://shop.coles.com.au/wcsstore/Coles-CAS/images/2/5/5/255646.jpg",
    "cupPrice": "$1.67 per 100g",
    "unit": "ea",
    "packageSize": "60g",
    "barcode": [
      "9300667014756"
    ],
    "isAvailable": true
  },
  {
    "id": "c9530207p-9300605000049",
    "store": "coles",
    "name": "Chicos",
    "brand": "Allen's",
    "price": 1.5,
    "orgPrice": 3,
    "categoryId": "pantry",
    "imagePath": "https://shop.coles.com.au/wcsstore/Coles-CAS/images/9/5/3/9530207.jpg",
    "cupPrice": "$0.79 per 100g",
    "unit": "ea",
    "packageSize": "190g",
    "barcode": [
      "9300605000049",
      "9300605042438"
    ],
    "isAvailable": true
  },
  {
    "id": "c1385115p-9300605012554",
    "store": "coles",
    "name": "Minties",
    "brand": "Allen's",
    "price": 1.5,
    "orgPrice": 3,
    "categoryId": "pantry",
    "imagePath": "https://shop.coles.com.au/wcsstore/Coles-CAS/images/1/3/8/1385115.jpg",
    "cupPrice": "$1.00 per 100g",
    "unit": "ea",
    "packageSize": "150g",
    "barcode": [
      "9300605012554"
    ],
    "isAvailable": true
  },
  {
    "id": "c2090900p-9300605099708",
    "store": "coles",
    "name": "Killer Pythons",
    "brand": "Allen's",
    "price": 1.5,
    "orgPrice": 3,
    "categoryId": "pantry",
    "imagePath": "https://shop.coles.com.au/wcsstore/Coles-CAS/images/2/0/9/2090900.jpg",
    "cupPrice": "$0.78 per 100g",
    "unit": "ea",
    "packageSize": "192g",
    "barcode": [
      "9300605099708"
    ],
    "isAvailable": true
  },
  {
    "id": "c2715940p-8003340093567",
    "store": "coles",
    "name": "Lindor Assorted Surtido Cornet",
    "brand": "Lindt",
    "price": 10,
    "orgPrice": 20,
    "categoryId": "pantry",
    "imagePath": "https://shop.coles.com.au/wcsstore/Coles-CAS/images/2/7/1/2715940.jpg",
    "cupPrice": "$2.67 per 100g",
    "unit": "ea",
    "packageSize": "375g",
    "barcode": [
      "8003340093567"
    ],
    "isAvailable": true
  },
  {
    "id": "c8887042p-9300667022850",
    "store": "coles",
    "name": "Cup A Soup Asian Laksa 2 pack",
    "brand": "Continental",
    "price": 1,
    "orgPrice": 2,
    "categoryId": "pantry",
    "imagePath": "https://shop.coles.com.au/wcsstore/Coles-CAS/images/8/8/8/8887042.jpg",
    "cupPrice": "$1.54 per 100g",
    "unit": "ea",
    "packageSize": "65g",
    "barcode": [
      "9300667022850"
    ],
    "isAvailable": true
  },
  {
    "id": "c5216969p-80052760",
    "store": "coles",
    "name": "Bueno Chocolate",
    "brand": "Kinder",
    "price": 1,
    "orgPrice": 2,
    "categoryId": "pantry",
    "imagePath": "https://shop.coles.com.au/wcsstore/Coles-CAS/images/5/2/1/5216969.jpg",
    "cupPrice": "$2.33 per 100g",
    "unit": "ea",
    "packageSize": "43g",
    "barcode": [
      "80052760"
    ],
    "isAvailable": true
  },
  {
    "id": "c142424p-93600101",
    "store": "coles",
    "name": "Peppermint Crisp Chocolate Bar",
    "brand": "Nestle",
    "price": 1,
    "orgPrice": 2,
    "categoryId": "pantry",
    "imagePath": "https://shop.coles.com.au/wcsstore/Coles-CAS/images/1/4/2/142424.jpg",
    "cupPrice": "$2.86 per 100g",
    "unit": "ea",
    "packageSize": "35g",
    "barcode": [
      "93600101"
    ],
    "isAvailable": true
  },
  {
    "id": "c142413p-9300600005322",
    "store": "coles",
    "name": "Smarties",
    "brand": "Nestle",
    "price": 1,
    "orgPrice": 2,
    "categoryId": "pantry",
    "imagePath": "https://shop.coles.com.au/wcsstore/Coles-CAS/images/1/4/2/142413.jpg",
    "cupPrice": "$2.00 per 100g",
    "unit": "ea",
    "packageSize": "50g",
    "barcode": [
      "9300600005322"
    ],
    "isAvailable": true
  },
  {
    "id": "c356472p-9300667014732",
    "store": "coles",
    "name": "Cup A Soup Chicken with Lots of Noodles 2 pack",
    "brand": "Continental",
    "price": 1,
    "orgPrice": 2,
    "categoryId": "pantry",
    "imagePath": "https://shop.coles.com.au/wcsstore/Coles-CAS/images/3/5/6/356472.jpg",
    "cupPrice": "$1.67 per 100g",
    "unit": "ea",
    "packageSize": "60g",
    "barcode": [
      "9300667014732"
    ],
    "isAvailable": true
  },
  {
    "id": "c8918099p-9300667022416",
    "store": "coles",
    "name": "Chicken Rice Serves 3",
    "brand": "Continental",
    "price": 1,
    "orgPrice": 2.1,
    "categoryId": "pantry",
    "imagePath": "https://shop.coles.com.au/wcsstore/Coles-CAS/images/8/9/1/8918099.jpg",
    "cupPrice": "$0.83 per 100g",
    "unit": "ea",
    "packageSize": "120g",
    "barcode": [
      "9300667022416"
    ],
    "isAvailable": true
  },
  {
    "id": "c1260302p-9310988012720",
    "store": "coles",
    "name": "Sea Salt Potato Chips",
    "brand": "Natural Chip Co.",
    "price": 1.75,
    "orgPrice": null,
    "categoryId": "pantry",
    "imagePath": "https://shop.coles.com.au/wcsstore/Coles-CAS/images/1/2/6/1260302.jpg",
    "cupPrice": "$1.00 per 100g",
    "unit": "ea",
    "packageSize": "175g",
    "barcode": [
      "9310988012720"
    ],
    "isAvailable": true
  },
  {
    "id": "c1405948p-5000396028454",
    "store": "coles",
    "name": "Sultana & Apple Crispy Slice",
    "brand": "Go Ahead",
    "price": 1.97,
    "orgPrice": 3.95,
    "categoryId": "pantry",
    "imagePath": "https://shop.coles.com.au/wcsstore/Coles-CAS/images/1/4/0/1405948.jpg",
    "cupPrice": "$0.90 per 100g",
    "unit": "ea",
    "packageSize": "218g",
    "barcode": [
      "5000396028454",
      "5000396035995"
    ],
    "isAvailable": true
  },
  {
    "id": "c2351866p-9300617042990",
    "store": "coles",
    "name": "Jubes",
    "brand": "Pascall",
    "price": 2,
    "orgPrice": 4,
    "categoryId": "pantry",
    "imagePath": "https://shop.coles.com.au/wcsstore/Coles-CAS/images/2/3/5/2351866.jpg",
    "cupPrice": "$0.57 per 100g",
    "unit": "ea",
    "packageSize": "350g",
    "barcode": [
      "9300617042990"
    ],
    "isAvailable": true
  },
  {
    "id": "c3168639p-9310015245800",
    "store": "coles",
    "name": "Honey Soy Chicken Party Bag Potato Chips",
    "brand": "Red Rock Deli",
    "price": 3.5,
    "orgPrice": 7,
    "categoryId": "pantry",
    "imagePath": "https://shop.coles.com.au/wcsstore/Coles-CAS/images/3/1/6/3168639.jpg",
    "cupPrice": "$1.21 per 100g",
    "unit": "ea",
    "packageSize": "290g",
    "barcode": [
      "9310015245800"
    ],
    "isAvailable": true
  },
  {
    "id": "c3314377p-8003340094298",
    "store": "coles",
    "name": "Lindor Limited Edition Chocolate Balls Assorted",
    "brand": "Lindt",
    "price": 10,
    "orgPrice": 20,
    "categoryId": "pantry",
    "imagePath": "https://shop.coles.com.au/wcsstore/Coles-CAS/images/3/3/1/3314377.jpg",
    "cupPrice": "$2.67 per 100g",
    "unit": "ea",
    "packageSize": "375g",
    "barcode": [
      "8003340094298",
      "9323966118512",
      "8003340099798"
    ],
    "isAvailable": true
  },
  {
    "id": "c3294780p-9310645244822",
    "store": "coles",
    "name": "Fished Tuna Olive Oil Blend",
    "brand": "Wild Tides",
    "price": 1,
    "orgPrice": 2,
    "categoryId": "pantry",
    "imagePath": "https://shop.coles.com.au/wcsstore/Coles-CAS/images/3/2/9/3294780.jpg",
    "cupPrice": "$10.53 per 1kg",
    "unit": "ea",
    "packageSize": "95g",
    "barcode": [
      "9310645244822"
    ],
    "isAvailable": true
  },
  {
    "id": "c3294815p-9310645244839",
    "store": "coles",
    "name": "Springwater Fished Tuna",
    "brand": "Wild Tides",
    "price": 1,
    "orgPrice": 2,
    "categoryId": "pantry",
    "imagePath": "https://shop.coles.com.au/wcsstore/Coles-CAS/images/3/2/9/3294815.jpg",
    "cupPrice": "$1.05 per 100g",
    "unit": "ea",
    "packageSize": "95g",
    "barcode": [
      "9310645244839"
    ],
    "isAvailable": true
  },
  {
    "id": "c5823950p-5000189532113",
    "store": "coles",
    "name": "Aero Peppermint Chocolate Bar",
    "brand": "Nestle",
    "price": 1,
    "orgPrice": 2,
    "categoryId": "pantry",
    "imagePath": "https://shop.coles.com.au/wcsstore/Coles-CAS/images/5/8/2/5823950.jpg",
    "cupPrice": "$2.50 per 100g",
    "unit": "ea",
    "packageSize": "40g",
    "barcode": [
      "5000189532113",
      "9300605051997",
      "9300605065024",
      "9300684373072",
      "5000189828933"
    ],
    "isAvailable": true
  },
  {
    "id": "c4974983p-9310060406973",
    "store": "coles",
    "name": "Yoghurt Muesli Bars Strawberry 6 Pack",
    "brand": "Uncle Tobys",
    "price": 2.15,
    "orgPrice": 4.3,
    "categoryId": "pantry",
    "imagePath": "https://shop.coles.com.au/wcsstore/Coles-CAS/images/4/9/7/4974983.jpg",
    "cupPrice": "$1.16 per 100g",
    "unit": "ea",
    "packageSize": "185g",
    "barcode": [
      "9310060406973"
    ],
    "isAvailable": true
  },
  {
    "id": "c4965847p-9310021036720",
    "store": "coles",
    "name": "Vanilla Chai Latte Sachets 8 pack",
    "brand": "Lipton",
    "price": 3.5,
    "orgPrice": 7,
    "categoryId": "pantry",
    "imagePath": "https://shop.coles.com.au/wcsstore/Coles-CAS/images/4/9/6/4965847.jpg",
    "cupPrice": "$1.89 per 100g",
    "unit": "ea",
    "packageSize": "185g",
    "barcode": [
      "9310021036720"
    ],
    "isAvailable": true
  },
  {
    "id": "c9151344p-9300667025035",
    "store": "coles",
    "name": "Cup A Soup Creamy Chicken with Croutons 2 pack",
    "brand": "Continental",
    "price": 1,
    "orgPrice": 2,
    "categoryId": "pantry",
    "imagePath": "https://shop.coles.com.au/wcsstore/Coles-CAS/images/9/1/5/9151344.jpg",
    "cupPrice": "$1.67 per 100g",
    "unit": "ea",
    "packageSize": "60g",
    "barcode": [
      "9300667025035"
    ],
    "isAvailable": true
  },
  {
    "id": "c9151559p-9300667025059",
    "store": "coles",
    "name": "Cup A Soup Creamy Chicken & Corn with Croutons 2 pack",
    "brand": "Continental",
    "price": 1,
    "orgPrice": 2,
    "categoryId": "pantry",
    "imagePath": "https://shop.coles.com.au/wcsstore/Coles-CAS/images/9/1/5/9151559.jpg",
    "cupPrice": "$1.67 per 100g",
    "unit": "ea",
    "packageSize": "60g",
    "barcode": [
      "9300667025059"
    ],
    "isAvailable": true
  },
  {
    "id": "c1260335p-9310988012751",
    "store": "coles",
    "name": "Honey Soy Chicken Potato Chips",
    "brand": "Natural Chip Co.",
    "price": 1.75,
    "orgPrice": null,
    "categoryId": "pantry",
    "imagePath": "https://shop.coles.com.au/wcsstore/Coles-CAS/images/1/2/6/1260335.jpg",
    "cupPrice": "$1.00 per 100g",
    "unit": "ea",
    "packageSize": "175g",
    "barcode": [
      "9310988012751"
    ],
    "isAvailable": true
  },
  {
    "id": "c1385126p-9300605012578",
    "store": "coles",
    "name": "Kool Mints",
    "brand": "Allen's",
    "price": 1.5,
    "orgPrice": 3,
    "categoryId": "pantry",
    "imagePath": "https://shop.coles.com.au/wcsstore/Coles-CAS/images/1/3/8/1385126.jpg",
    "cupPrice": "$1.00 per 100g",
    "unit": "ea",
    "packageSize": "150g",
    "barcode": [
      "9300605012578"
    ],
    "isAvailable": true
  },
  {
    "id": "c1786193p-9310015240652",
    "store": "coles",
    "name": "Lime & Pepper Potato Chips",
    "brand": "Red Rock Deli",
    "price": 2.32,
    "orgPrice": 4.65,
    "categoryId": "pantry",
    "imagePath": "https://shop.coles.com.au/wcsstore/Coles-CAS/images/1/7/8/1786193.jpg",
    "cupPrice": "$1.41 per 100g",
    "unit": "ea",
    "packageSize": "165g",
    "barcode": [
      "9310015240652"
    ],
    "isAvailable": true
  },
  {
    "id": "c2026118p-9300605094697",
    "store": "coles",
    "name": "KitKat Chunky Milk Chocolate",
    "brand": "Nestle",
    "price": 1,
    "orgPrice": 2,
    "categoryId": "pantry",
    "imagePath": "https://shop.coles.com.au/wcsstore/Coles-CAS/images/2/0/2/2026118.jpg",
    "cupPrice": "$2.00 per 100g",
    "unit": "ea",
    "packageSize": "50g",
    "barcode": [
      "9300605094697"
    ],
    "isAvailable": true
  },
  {
    "id": "c2351877p-9400550005226",
    "store": "coles",
    "name": "Pineapple Lumps",
    "brand": "Pascall",
    "price": 2,
    "orgPrice": 4,
    "categoryId": "pantry",
    "imagePath": "https://shop.coles.com.au/wcsstore/Coles-CAS/images/2/3/5/2351877.jpg",
    "cupPrice": "$1.08 per 100g",
    "unit": "ea",
    "packageSize": "185g",
    "barcode": [
      "9400550005226"
    ],
    "isAvailable": true
  },
  {
    "id": "c3050821p-9300605054486",
    "store": "coles",
    "name": "Chokito Bar",
    "brand": "Nestle",
    "price": 1,
    "orgPrice": 2,
    "categoryId": "pantry",
    "imagePath": "https://shop.coles.com.au/wcsstore/Coles-CAS/images/3/0/5/3050821.jpg",
    "cupPrice": "$1.82 per 100g",
    "unit": "ea",
    "packageSize": "55g",
    "barcode": [
      "9300605054486",
      "400003378203",
      "9300605117549"
    ],
    "isAvailable": true
  },
  {
    "id": "c3313771p-5000396046700",
    "store": "coles",
    "name": "Thins Dark Chocolate Digestive Biscuits",
    "brand": "McVitie's",
    "price": 1.75,
    "orgPrice": 3.5,
    "categoryId": "pantry",
    "imagePath": "https://shop.coles.com.au/wcsstore/Coles-CAS/images/3/3/1/3313771.jpg",
    "cupPrice": "$1.17 per 100g",
    "unit": "ea",
    "packageSize": "150g",
    "barcode": [
      "5000396046700"
    ],
    "isAvailable": true
  },
  {
    "id": "c5833477p-400003457847",
    "store": "coles",
    "name": "Olive Oil Light",
    "brand": "La Espanola",
    "price": 4.5,
    "orgPrice": 9,
    "categoryId": "pantry",
    "imagePath": "https://shop.coles.com.au/wcsstore/Coles-CAS/images/5/8/3/5833477.jpg",
    "cupPrice": "$0.90 per 100ml",
    "unit": "ea",
    "packageSize": "500ml",
    "barcode": [
      "400003457847",
      "8410660510139"
    ],
    "isAvailable": true
  },
  {
    "id": "c6029901p-9300682016070",
    "store": "coles",
    "name": "Chocolate Bar",
    "brand": "Twix",
    "price": 1,
    "orgPrice": 2,
    "categoryId": "pantry",
    "imagePath": "https://shop.coles.com.au/wcsstore/Coles-CAS/images/6/0/2/6029901.jpg",
    "cupPrice": "$2.00 per 100g",
    "unit": "ea",
    "packageSize": "50g",
    "barcode": [
      "9300682016070",
      "9300682051385",
      "9300682035507",
      "9300682007696",
      "9300682043090"
    ],
    "isAvailable": true
  },
  {
    "id": "c5342920p-9300667015029",
    "store": "coles",
    "name": "Cup A Soup Italian Minestrone 2 pack",
    "brand": "Continental",
    "price": 1,
    "orgPrice": 2,
    "categoryId": "pantry",
    "imagePath": "https://shop.coles.com.au/wcsstore/Coles-CAS/images/5/3/4/5342920.jpg",
    "cupPrice": "$1.33 per 100g",
    "unit": "ea",
    "packageSize": "75g",
    "barcode": [
      "9300667015029"
    ],
    "isAvailable": true
  },
  {
    "id": "c5192521p-93600491",
    "store": "coles",
    "name": "Gluten Free Chocolate Bar",
    "brand": "Violet Crumble",
    "price": 1,
    "orgPrice": 2,
    "categoryId": "pantry",
    "imagePath": "https://shop.coles.com.au/wcsstore/Coles-CAS/images/5/1/9/5192521.jpg",
    "cupPrice": "$2.00 per 100g",
    "unit": "ea",
    "packageSize": "50g",
    "barcode": [
      "93600491",
      "93555517"
    ],
    "isAvailable": true
  },
  {
    "id": "c4975217p-9310060406959",
    "store": "coles",
    "name": "Chewy Muesli Bars White Choc Chip 6 Pack",
    "brand": "Uncle Tobys",
    "price": 2.15,
    "orgPrice": 4.3,
    "categoryId": "pantry",
    "imagePath": "https://shop.coles.com.au/wcsstore/Coles-CAS/images/4/9/7/4975217.jpg",
    "cupPrice": "$1.16 per 100g",
    "unit": "ea",
    "packageSize": "185g",
    "barcode": [
      "9310060406959"
    ],
    "isAvailable": true
  },
  {
    "id": "c204168p-9300682052283",
    "store": "coles",
    "name": "Bounty Coconut Chocolate Bar",
    "brand": "Mars",
    "price": 1,
    "orgPrice": 2,
    "categoryId": "pantry",
    "imagePath": "https://shop.coles.com.au/wcsstore/Coles-CAS/images/2/0/4/204168.jpg",
    "cupPrice": "$1.79 per 100g",
    "unit": "ea",
    "packageSize": "56g",
    "barcode": [
      "9300682052283",
      "5000159523073",
      "40111216",
      "93682510",
      "93682022"
    ],
    "isAvailable": true
  },
  {
    "id": "c2211186p-9300605101944",
    "store": "coles",
    "name": "Pineapples",
    "brand": "Allen's",
    "price": 1.5,
    "orgPrice": 3,
    "categoryId": "pantry",
    "imagePath": "https://shop.coles.com.au/wcsstore/Coles-CAS/images/2/2/1/2211186.jpg",
    "cupPrice": "$0.88 per 100g",
    "unit": "ea",
    "packageSize": "170g",
    "barcode": [
      "9300605101944"
    ],
    "isAvailable": true
  },
  {
    "id": "c3313782p-5000396046687",
    "store": "coles",
    "name": "Thins Milk Chocolate Biscuits",
    "brand": "McVities",
    "price": 1.75,
    "orgPrice": 3.5,
    "categoryId": "pantry",
    "imagePath": "https://shop.coles.com.au/wcsstore/Coles-CAS/images/3/3/1/3313782.jpg",
    "cupPrice": "$1.17 per 100g",
    "unit": "ea",
    "packageSize": "150g",
    "barcode": [
      "5000396046687"
    ],
    "isAvailable": true
  },
  {
    "id": "c7767668p-9300605228764",
    "store": "coles",
    "name": "Milkybar White Chocolate Bar",
    "brand": "Nestle",
    "price": 1,
    "orgPrice": 2,
    "categoryId": "pantry",
    "imagePath": "https://shop.coles.com.au/wcsstore/Coles-CAS/images/7/7/6/7767668.jpg",
    "cupPrice": "$2.00 per 100g",
    "unit": "ea",
    "packageSize": "50g",
    "barcode": [
      "9300605228764"
    ],
    "isAvailable": true
  },
  {
    "id": "c5706050p-9300667038073",
    "store": "coles",
    "name": "Cup A Soup Dutch Curry with Rice 2 pack",
    "brand": "Continental",
    "price": 1,
    "orgPrice": 2,
    "categoryId": "pantry",
    "imagePath": "https://shop.coles.com.au/wcsstore/Coles-CAS/images/5/7/0/5706050.jpg",
    "cupPrice": "$1.82 per 100g",
    "unit": "ea",
    "packageSize": "55g",
    "barcode": [
      "9300667038073"
    ],
    "isAvailable": true
  },
  {
    "id": "c4725800p-9300667035126",
    "store": "coles",
    "name": "Four Cheeses Pasta & Sauce Serves 3",
    "brand": "Continental",
    "price": 1,
    "orgPrice": 2.1,
    "categoryId": "pantry",
    "imagePath": "https://shop.coles.com.au/wcsstore/Coles-CAS/images/4/7/2/4725800.jpg",
    "cupPrice": "$1.00 per 100g",
    "unit": "ea",
    "packageSize": "100g",
    "barcode": [
      "9300667035126"
    ],
    "isAvailable": true
  },
  {
    "id": "c4725763p-9300667035034",
    "store": "coles",
    "name": "Chicken Curry Pasta & Sauce Serves 3",
    "brand": "Continental",
    "price": 1,
    "orgPrice": 2.1,
    "categoryId": "pantry",
    "imagePath": "https://shop.coles.com.au/wcsstore/Coles-CAS/images/4/7/2/4725763.jpg",
    "cupPrice": "$1.11 per 100g",
    "unit": "ea",
    "packageSize": "90g",
    "barcode": [
      "9300667035034"
    ],
    "isAvailable": true
  },
  {
    "id": "c290465p-9300667015012",
    "store": "coles",
    "name": "Cup A Soup Roast Chicken 2 pack",
    "brand": "Continental",
    "price": 1,
    "orgPrice": 2,
    "categoryId": "pantry",
    "imagePath": "https://shop.coles.com.au/wcsstore/Coles-CAS/images/2/9/0/290465.jpg",
    "cupPrice": "$1.33 per 100g",
    "unit": "ea",
    "packageSize": "75g",
    "barcode": [
      "9300667015012"
    ],
    "isAvailable": true
  },
  {
    "id": "c1260313p-9310988012737",
    "store": "coles",
    "name": "Sea Salt & Vinegar Potato Chips",
    "brand": "Natural Chip Co.",
    "price": 1.75,
    "orgPrice": null,
    "categoryId": "pantry",
    "imagePath": "https://shop.coles.com.au/wcsstore/Coles-CAS/images/1/2/6/1260313.jpg",
    "cupPrice": "$1.00 per 100g",
    "unit": "ea",
    "packageSize": "175g",
    "barcode": [
      "9310988012737"
    ],
    "isAvailable": true
  },
  {
    "id": "c2898283p-9315991023671",
    "store": "coles",
    "name": "Deli Crisps Purple Sweet Potato Chips",
    "brand": "Vege",
    "price": 2.75,
    "orgPrice": 5.5,
    "categoryId": "pantry",
    "imagePath": "https://shop.coles.com.au/wcsstore/Coles-CAS/images/2/8/9/2898283.jpg",
    "cupPrice": "$2.75 per 100g",
    "unit": "ea",
    "packageSize": "100g",
    "barcode": [
      "9315991023671"
    ],
    "isAvailable": true
  },
  {
    "id": "c3191437p",
    "store": "coles",
    "name": "Lindor Milk Cornet",
    "brand": "Lindt",
    "price": 10,
    "orgPrice": 20,
    "categoryId": "pantry",
    "imagePath": "https://shop.coles.com.au/wcsstore/Coles-CAS/images/3/1/9/3191437.jpg",
    "cupPrice": "$2.67 per 100g",
    "unit": "ea",
    "packageSize": "375g",
    "barcode": null,
    "isAvailable": true
  },
  {
    "id": "c3163646p-5000396047035",
    "store": "coles",
    "name": "Jaffa Cakes Biscuits Choc",
    "brand": "Mcvitie's",
    "price": 1.5,
    "orgPrice": 3,
    "categoryId": "pantry",
    "imagePath": "https://shop.coles.com.au/wcsstore/Coles-CAS/images/3/1/6/3163646.jpg",
    "cupPrice": "$1.36 per 100g",
    "unit": "ea",
    "packageSize": "110g",
    "barcode": [
      "5000396047035",
      "5000168002071"
    ],
    "isAvailable": true
  },
  {
    "id": "c3449831p-9310988017176",
    "store": "coles",
    "name": "Honey Soy Chicken Crispy Crackers",
    "brand": "The Natural Cracker Co.",
    "price": 1.75,
    "orgPrice": 3.5,
    "categoryId": "pantry",
    "imagePath": "https://shop.coles.com.au/wcsstore/Coles-CAS/images/3/4/4/3449831.jpg",
    "cupPrice": "$1.09 per 100g",
    "unit": "ea",
    "packageSize": "160g",
    "barcode": [
      "9310988017176"
    ],
    "isAvailable": true
  },
  {
    "id": "c3468654p-5000168191898",
    "store": "coles",
    "name": "Milk Chocolate Digestive Biscuits 2 pack",
    "brand": "McVitie's",
    "price": 1.85,
    "orgPrice": 3.7,
    "categoryId": "pantry",
    "imagePath": "https://shop.coles.com.au/wcsstore/Coles-CAS/images/3/4/6/3468654.jpg",
    "cupPrice": "$0.93 per 100g",
    "unit": "ea",
    "packageSize": "199.8g",
    "barcode": [
      "5000168191898"
    ],
    "isAvailable": true
  },
  {
    "id": "c3468530p-9310288715369",
    "store": "coles",
    "name": "Gluten Free Fancies Caramelised Onion & Balsamic Vinegar Rice Crackers",
    "brand": "Peckish",
    "price": 1.4,
    "orgPrice": 2.8,
    "categoryId": "pantry",
    "imagePath": "https://shop.coles.com.au/wcsstore/Coles-CAS/images/3/4/6/3468530.jpg",
    "cupPrice": "$1.56 per 100g",
    "unit": "ea",
    "packageSize": "90g",
    "barcode": [
      "9310288715369"
    ],
    "isAvailable": true
  },
  {
    "id": "c4725719p-9300667035072",
    "store": "coles",
    "name": "Sour Cream & Chives Pasta & Sauce Serves 3",
    "brand": "Continental",
    "price": 1,
    "orgPrice": 2.1,
    "categoryId": "pantry",
    "imagePath": "https://shop.coles.com.au/wcsstore/Coles-CAS/images/4/7/2/4725719.jpg",
    "cupPrice": "$1.18 per 100g",
    "unit": "ea",
    "packageSize": "85g",
    "barcode": [
      "9300667035072"
    ],
    "isAvailable": true
  },
  {
    "id": "c9151606p-9300667024984",
    "store": "coles",
    "name": "Cup A Soup Creamy Potato & Bacon With Croutons 2 Pack",
    "brand": "Continental",
    "price": 1,
    "orgPrice": 2,
    "categoryId": "pantry",
    "imagePath": "https://shop.coles.com.au/wcsstore/Coles-CAS/images/9/1/5/9151606.jpg",
    "cupPrice": "$2.00 per 100g",
    "unit": "ea",
    "packageSize": "50g",
    "barcode": [
      "9300667024984"
    ],
    "isAvailable": true
  },
  {
    "id": "c4974950p-9310060407260",
    "store": "coles",
    "name": "Yoghurt Muesli Bars Honeycomb 6 Pack",
    "brand": "Uncle Tobys",
    "price": 2.15,
    "orgPrice": 4.3,
    "categoryId": "pantry",
    "imagePath": "https://shop.coles.com.au/wcsstore/Coles-CAS/images/4/9/7/4974950.jpg",
    "cupPrice": "$1.16 per 100g",
    "unit": "ea",
    "packageSize": "185g",
    "barcode": [
      "9310060407260"
    ],
    "isAvailable": true
  },
  {
    "id": "c2352916p-9300617042907",
    "store": "coles",
    "name": "Sour Patch Kids",
    "brand": "The Natural Confectionary Co.",
    "price": 2,
    "orgPrice": 4,
    "categoryId": "pantry",
    "imagePath": "https://shop.coles.com.au/wcsstore/Coles-CAS/images/2/3/5/2352916.jpg",
    "cupPrice": "$0.91 per 100g",
    "unit": "ea",
    "packageSize": "220g",
    "barcode": [
      "9300617042907"
    ],
    "isAvailable": true
  },
  {
    "id": "c2351899p-9400550005219",
    "store": "coles",
    "name": "Caramels",
    "brand": "Cadbury",
    "price": 2,
    "orgPrice": 4,
    "categoryId": "pantry",
    "imagePath": "https://shop.coles.com.au/wcsstore/Coles-CAS/images/2/3/5/2351899.jpg",
    "cupPrice": "$1.25 per 100g",
    "unit": "ea",
    "packageSize": "160g",
    "barcode": [
      "9400550005219",
      "9300617070771"
    ],
    "isAvailable": true
  },
  {
    "id": "c2492198p-9315991023633",
    "store": "coles",
    "name": "Deli Crisps Lentil Lightly Salted Chips",
    "brand": "Vege",
    "price": 2.75,
    "orgPrice": 5.5,
    "categoryId": "pantry",
    "imagePath": "https://shop.coles.com.au/wcsstore/Coles-CAS/images/2/4/9/2492198.jpg",
    "cupPrice": "$2.75 per 100g",
    "unit": "ea",
    "packageSize": "100g",
    "barcode": [
      "9315991023633"
    ],
    "isAvailable": true
  },
  {
    "id": "c2667655p-9300830037452",
    "store": "coles",
    "name": "Cup A Soup Homestyle Pumpkin 2 Pack",
    "brand": "Continental",
    "price": 1,
    "orgPrice": 2,
    "categoryId": "pantry",
    "imagePath": "https://shop.coles.com.au/wcsstore/Coles-CAS/images/2/6/6/2667655.jpg",
    "cupPrice": "$1.64 per 100g",
    "unit": "ea",
    "packageSize": "61g",
    "barcode": [
      "9300830037452"
    ],
    "isAvailable": true
  },
  {
    "id": "c3468508p-9310288715352",
    "store": "coles",
    "name": "Gluten Free Fancies Aged Cheddar & Chives Flavoured Rice Crackers",
    "brand": "Peckish",
    "price": 1.4,
    "orgPrice": 2.8,
    "categoryId": "pantry",
    "imagePath": "https://shop.coles.com.au/wcsstore/Coles-CAS/images/3/4/6/3468508.jpg",
    "cupPrice": "$1.56 per 100g",
    "unit": "ea",
    "packageSize": "90g",
    "barcode": [
      "9310288715352"
    ],
    "isAvailable": true
  },
  {
    "id": "c1414042p-9300830018468",
    "store": "coles",
    "name": "Alfredo Garlic & Herb Pasta & Sauce Serves 3",
    "brand": "Continental",
    "price": 1,
    "orgPrice": 2.1,
    "categoryId": "pantry",
    "imagePath": "https://shop.coles.com.au/wcsstore/Coles-CAS/images/1/4/1/1414042.jpg",
    "cupPrice": "$1.18 per 100g",
    "unit": "ea",
    "packageSize": "85g",
    "barcode": [
      "9300830018468"
    ],
    "isAvailable": true
  },
  {
    "id": "c2667633p-9300830037476",
    "store": "coles",
    "name": "Cup A Soup Homestyle Chicken Noodle 2 pack",
    "brand": "Continental",
    "price": 1,
    "orgPrice": 2,
    "categoryId": "pantry",
    "imagePath": "https://shop.coles.com.au/wcsstore/Coles-CAS/images/2/6/6/2667633.jpg",
    "cupPrice": "$2.50 per 100g",
    "unit": "ea",
    "packageSize": "40g",
    "barcode": [
      "9300830037476"
    ],
    "isAvailable": true
  },
  {
    "id": "c2877432p-93698108",
    "store": "coles",
    "name": "Bueno White",
    "brand": "Kinder",
    "price": 1,
    "orgPrice": 2,
    "categoryId": "pantry",
    "imagePath": "https://shop.coles.com.au/wcsstore/Coles-CAS/images/2/8/7/2877432.jpg",
    "cupPrice": "$2.56 per 100g",
    "unit": "ea",
    "packageSize": "39g",
    "barcode": [
      "93698108",
      "400003176854"
    ],
    "isAvailable": true
  },
  {
    "id": "c3294859p-9310645244846",
    "store": "coles",
    "name": "Lemon And Pepper Tuna",
    "brand": "Wild Tides",
    "price": 1,
    "orgPrice": 2,
    "categoryId": "pantry",
    "imagePath": "https://shop.coles.com.au/wcsstore/Coles-CAS/images/3/2/9/3294859.jpg",
    "cupPrice": "$10.53 per 1kg",
    "unit": "ea",
    "packageSize": "95g",
    "barcode": [
      "9310645244846"
    ],
    "isAvailable": true
  },
  {
    "id": "c3387756p-9300605125407",
    "store": "coles",
    "name": "Passionfruit Flavour Roll Ups 6 pack",
    "brand": "Uncle Tobys",
    "price": 2,
    "orgPrice": 4,
    "categoryId": "pantry",
    "imagePath": "https://shop.coles.com.au/wcsstore/Coles-CAS/images/3/3/8/3387756.jpg",
    "cupPrice": "$2.13 per 100g",
    "unit": "ea",
    "packageSize": "94g",
    "barcode": [
      "9300605125407"
    ],
    "isAvailable": true
  },
  {
    "id": "c3449842p-9310988017190",
    "store": "coles",
    "name": "Sea salt & Vinegar Crispy Crackers",
    "brand": "The Natural Cracker Co",
    "price": 1.75,
    "orgPrice": 3.5,
    "categoryId": "pantry",
    "imagePath": "https://shop.coles.com.au/wcsstore/Coles-CAS/images/3/4/4/3449842.jpg",
    "cupPrice": "$1.09 per 100g",
    "unit": "ea",
    "packageSize": "160g",
    "barcode": [
      "9310988017190"
    ],
    "isAvailable": true
  },
  {
    "id": "c3569888p-400003525102",
    "store": "coles",
    "name": "KitKat Gold White Chocolate With Caramelised Break",
    "brand": "Nestle",
    "price": 1,
    "orgPrice": 2,
    "categoryId": "pantry",
    "imagePath": "https://shop.coles.com.au/wcsstore/Coles-CAS/images/3/5/6/3569888.jpg",
    "cupPrice": "$2.22 per 100g",
    "unit": "ea",
    "packageSize": "45g",
    "barcode": [
      "400003525102",
      "9300605122994"
    ],
    "isAvailable": true
  },
  {
    "id": "c7978200p-9300667015142",
    "store": "coles",
    "name": "Cup A Soup Chinese Chicken & Corn with Lots of Noodles 2 pack",
    "brand": "Continental",
    "price": 1,
    "orgPrice": 2,
    "categoryId": "pantry",
    "imagePath": "https://shop.coles.com.au/wcsstore/Coles-CAS/images/7/9/7/7978200.jpg",
    "cupPrice": "$1.52 per 100g",
    "unit": "ea",
    "packageSize": "66g",
    "barcode": [
      "9300667015142"
    ],
    "isAvailable": true
  },
  {
    "id": "c4503874p-9300682050685",
    "store": "coles",
    "name": "M&M's Minis Chocolate",
    "brand": "Mars",
    "price": 1,
    "orgPrice": 2,
    "categoryId": "pantry",
    "imagePath": "https://shop.coles.com.au/wcsstore/Coles-CAS/images/4/5/0/4503874.jpg",
    "cupPrice": "$2.86 per 100g",
    "unit": "ea",
    "packageSize": "35g",
    "barcode": [
      "9300682050685",
      "93682152"
    ],
    "isAvailable": true
  },
  {
    "id": "c9676010p-9314807060770",
    "store": "coles",
    "name": "Slim Right Chocolate Weight Loss Powder",
    "brand": "Nature's Way",
    "price": 7.25,
    "orgPrice": 14.5,
    "categoryId": "pantry",
    "imagePath": "https://shop.coles.com.au/wcsstore/Coles-CAS/images/9/6/7/9676010.jpg",
    "cupPrice": "$1.93 per 100g",
    "unit": "ea",
    "packageSize": "375g",
    "barcode": [
      "9314807060770",
      "9314807008147"
    ],
    "isAvailable": true
  },
  {
    "id": "c9194846p-9300667025332",
    "store": "coles",
    "name": "Cup A Soup Thai Red Curry 2 pack",
    "brand": "Continental",
    "price": 1,
    "orgPrice": 2,
    "categoryId": "pantry",
    "imagePath": "https://shop.coles.com.au/wcsstore/Coles-CAS/images/9/1/9/9194846.jpg",
    "cupPrice": "$1.67 per 100g",
    "unit": "ea",
    "packageSize": "60g",
    "barcode": [
      "9300667025332"
    ],
    "isAvailable": true
  },
  {
    "id": "c9151537p-9300667025042",
    "store": "coles",
    "name": "Cup A Soup Creamy Pumpkin with Croutons 2 pack",
    "brand": "Continental",
    "price": 1,
    "orgPrice": 2,
    "categoryId": "pantry",
    "imagePath": "https://shop.coles.com.au/wcsstore/Coles-CAS/images/9/1/5/9151537.jpg",
    "cupPrice": "$1.82 per 100g",
    "unit": "ea",
    "packageSize": "55g",
    "barcode": [
      "9300667025042"
    ],
    "isAvailable": true
  },
  {
    "id": "c2286516p-9300830024049",
    "store": "coles",
    "name": "Cup A Soup Pepper Steak & Mushroom with Croutons 2 pack",
    "brand": "Continental",
    "price": 1,
    "orgPrice": 2,
    "categoryId": "pantry",
    "imagePath": "https://shop.coles.com.au/wcsstore/Coles-CAS/images/2/2/8/2286516.jpg",
    "cupPrice": "$1.92 per 100g",
    "unit": "ea",
    "packageSize": "52g",
    "barcode": [
      "9300830024049"
    ],
    "isAvailable": true
  },
  {
    "id": "c2962451p-9310015243844",
    "store": "coles",
    "name": "Nuts Sweet Honey & Sea Salt",
    "brand": "Red Rock Deli",
    "price": 2,
    "orgPrice": 4,
    "categoryId": "pantry",
    "imagePath": "https://shop.coles.com.au/wcsstore/Coles-CAS/images/2/9/6/2962451.jpg",
    "cupPrice": "$15.38 per 1kg",
    "unit": "ea",
    "packageSize": "130g",
    "barcode": [
      "9310015243844"
    ],
    "isAvailable": true
  },
  {
    "id": "c3151840p-9310015248399",
    "store": "coles",
    "name": "Potato Chips Limited Edition",
    "brand": "Red Rock Deli",
    "price": 2.32,
    "orgPrice": 4.65,
    "categoryId": "pantry",
    "imagePath": "https://shop.coles.com.au/wcsstore/Coles-CAS/images/3/1/5/3151840.jpg",
    "cupPrice": "$1.55 per 100g",
    "unit": "ea",
    "packageSize": "150g",
    "barcode": [
      "9310015248399",
      "400003336364",
      "9310015246982",
      "9310015245558"
    ],
    "isAvailable": true
  },
  {
    "id": "c3151851p-9310015248405",
    "store": "coles",
    "name": "Limited Edition Moroccan Chicken & Lemon Potato Chips",
    "brand": "Red Rock Deli",
    "price": 2.32,
    "orgPrice": 4.65,
    "categoryId": "pantry",
    "imagePath": "https://shop.coles.com.au/wcsstore/Coles-CAS/images/3/1/5/3151851.jpg",
    "cupPrice": "$1.55 per 100g",
    "unit": "ea",
    "packageSize": "150g",
    "barcode": [
      "9310015248405",
      "400003364268",
      "9310015245565",
      "9310015246975",
      "9310015248153"
    ],
    "isAvailable": true
  },
  {
    "id": "c3294972p-9310645244860",
    "store": "coles",
    "name": "Spicy Chilli Fished Tuna",
    "brand": "Wild Tides",
    "price": 1,
    "orgPrice": 2,
    "categoryId": "pantry",
    "imagePath": "https://shop.coles.com.au/wcsstore/Coles-CAS/images/3/2/9/3294972.jpg",
    "cupPrice": "$10.53 per 1kg",
    "unit": "ea",
    "packageSize": "95g",
    "barcode": [
      "9310645244860"
    ],
    "isAvailable": true
  },
  {
    "id": "c3384565p-8410076620460",
    "store": "coles",
    "name": "Milk Chocolate Popcorn Bars",
    "brand": "Fibre One",
    "price": 2.75,
    "orgPrice": 5.5,
    "categoryId": "pantry",
    "imagePath": "https://shop.coles.com.au/wcsstore/Coles-CAS/images/3/3/8/3384565.jpg",
    "cupPrice": "$2.62 per 100g",
    "unit": "ea",
    "packageSize": "105g",
    "barcode": [
      "8410076620460"
    ],
    "isAvailable": true
  },
  {
    "id": "c4975181p-9310060406935",
    "store": "coles",
    "name": "Chewy Apricot Wholegrain Oats Bars 6 Pack",
    "brand": "Uncle Tobys",
    "price": 2.15,
    "orgPrice": 4.3,
    "categoryId": "pantry",
    "imagePath": "https://shop.coles.com.au/wcsstore/Coles-CAS/images/4/9/7/4975181.jpg",
    "cupPrice": "$1.16 per 100g",
    "unit": "ea",
    "packageSize": "185g",
    "barcode": [
      "9310060406935"
    ],
    "isAvailable": true
  },
  {
    "id": "c1260346p-9310988012782",
    "store": "coles",
    "name": "Sea Salt & Cracked Pepper Potato Chips",
    "brand": "Natural Chip Co.",
    "price": 1.75,
    "orgPrice": null,
    "categoryId": "pantry",
    "imagePath": "https://shop.coles.com.au/wcsstore/Coles-CAS/images/1/2/6/1260346.jpg",
    "cupPrice": "$1.00 per 100g",
    "unit": "ea",
    "packageSize": "175g",
    "barcode": [
      "9310988012782"
    ],
    "isAvailable": true
  },
  {
    "id": "c2458509p-9300682045421",
    "store": "coles",
    "name": "Teasers Milk Chocolate Bar",
    "brand": "Maltesers",
    "price": 1,
    "orgPrice": 2,
    "categoryId": "pantry",
    "imagePath": "https://shop.coles.com.au/wcsstore/Coles-CAS/images/2/4/5/2458509.jpg",
    "cupPrice": "$2.86 per 100g",
    "unit": "ea",
    "packageSize": "35g",
    "barcode": [
      "9300682045421",
      "9300682054751"
    ],
    "isAvailable": true
  },
  {
    "id": "c3179497p-9300605042414",
    "store": "coles",
    "name": "Ripe Raspberries",
    "brand": "Allen's",
    "price": 1.5,
    "orgPrice": 3,
    "categoryId": "pantry",
    "imagePath": "https://shop.coles.com.au/wcsstore/Coles-CAS/images/3/1/7/3179497.jpg",
    "cupPrice": "$0.79 per 100g",
    "unit": "ea",
    "packageSize": "190g",
    "barcode": [
      "9300605042414"
    ],
    "isAvailable": true
  },
  {
    "id": "c3208620p",
    "store": "coles",
    "name": "A Modo Mio Tiny Black Coffee Machine",
    "brand": "Lavazza",
    "price": 39.5,
    "orgPrice": 79,
    "categoryId": "pantry",
    "imagePath": "https://shop.coles.com.au/wcsstore/Coles-CAS/images/3/2/0/3208620.jpg",
    "cupPrice": "$39.50 per 1ea",
    "unit": "ea",
    "packageSize": "1 each",
    "barcode": null,
    "isAvailable": true
  },
  {
    "id": "c3312928p-9310015247514",
    "store": "coles",
    "name": "Creamy Feta Avocado & Lime Tortilla Chips",
    "brand": "Red Rock Deli",
    "price": 2.32,
    "orgPrice": 4.65,
    "categoryId": "pantry",
    "imagePath": "https://shop.coles.com.au/wcsstore/Coles-CAS/images/3/3/1/3312928.jpg",
    "cupPrice": "$1.41 per 100g",
    "unit": "ea",
    "packageSize": "165g",
    "barcode": [
      "9310015247514",
      "9310015246296"
    ],
    "isAvailable": true
  },
  {
    "id": "c3574108p-9310988017237",
    "store": "coles",
    "name": "Sea Salt Tortilla Strips",
    "brand": "Natural Chip Co.",
    "price": 1.75,
    "orgPrice": 3.5,
    "categoryId": "pantry",
    "imagePath": "https://shop.coles.com.au/wcsstore/Coles-CAS/images/3/5/7/3574108.jpg",
    "cupPrice": "$1.00 per 100g",
    "unit": "ea",
    "packageSize": "175g",
    "barcode": [
      "9310988017237"
    ],
    "isAvailable": true
  },
  {
    "id": "c415935p-94314212",
    "store": "coles",
    "name": "Peanut Chocolate Slab",
    "brand": "Whittakers",
    "price": 1,
    "orgPrice": 2,
    "categoryId": "pantry",
    "imagePath": "https://shop.coles.com.au/wcsstore/Coles-CAS/images/4/1/5/415935.jpg",
    "cupPrice": "$2.00 per 100g",
    "unit": "ea",
    "packageSize": "50g",
    "barcode": [
      "94314212"
    ],
    "isAvailable": true
  },
  {
    "id": "c4975206p-9310060406928",
    "store": "coles",
    "name": "Chewy Muesli Bars Forest Fruits 6 Pack",
    "brand": "Uncle Tobys",
    "price": 2.15,
    "orgPrice": 4.3,
    "categoryId": "pantry",
    "imagePath": "https://shop.coles.com.au/wcsstore/Coles-CAS/images/4/9/7/4975206.jpg",
    "cupPrice": "$1.16 per 100g",
    "unit": "ea",
    "packageSize": "185g",
    "barcode": [
      "9310060406928"
    ],
    "isAvailable": true
  },
  {
    "id": "c3293663p-9300682046480",
    "store": "coles",
    "name": "Chocolate Bar",
    "brand": "Milky Way",
    "price": 1,
    "orgPrice": 2,
    "categoryId": "pantry",
    "imagePath": "https://shop.coles.com.au/wcsstore/Coles-CAS/images/3/2/9/3293663.jpg",
    "cupPrice": "$1.89 per 100g",
    "unit": "ea",
    "packageSize": "53g",
    "barcode": [
      "9300682046480"
    ],
    "isAvailable": true
  },
  {
    "id": "c3312950p-9310015246319",
    "store": "coles",
    "name": "Parmesan & Caramelised Onion Tortilla Chips",
    "brand": "Red Rock Deli",
    "price": 2.32,
    "orgPrice": 4.65,
    "categoryId": "pantry",
    "imagePath": "https://shop.coles.com.au/wcsstore/Coles-CAS/images/3/3/1/3312950.jpg",
    "cupPrice": "$1.41 per 100g",
    "unit": "ea",
    "packageSize": "165g",
    "barcode": [
      "9310015246319"
    ],
    "isAvailable": true
  },
  {
    "id": "c3448250p-9300605118737",
    "store": "coles",
    "name": "Sherbies Sour Fizz Chews",
    "brand": "Allen's",
    "price": 1.5,
    "orgPrice": 3,
    "categoryId": "pantry",
    "imagePath": "https://shop.coles.com.au/wcsstore/Coles-CAS/images/3/4/4/3448250.jpg",
    "cupPrice": "$1.00 per 100g",
    "unit": "ea",
    "packageSize": "150g",
    "barcode": [
      "9300605118737"
    ],
    "isAvailable": true
  },
  {
    "id": "c3501986p-9300605126244",
    "store": "coles",
    "name": "KitKat Chunky Cookie Dough",
    "brand": "Nestle",
    "price": 1,
    "orgPrice": 2,
    "categoryId": "pantry",
    "imagePath": "https://shop.coles.com.au/wcsstore/Coles-CAS/images/3/5/0/3501986.jpg",
    "cupPrice": "$1.92 per 100g",
    "unit": "ea",
    "packageSize": "52g",
    "barcode": [
      "9300605126244"
    ],
    "isAvailable": true
  },
  {
    "id": "c3569108p-9310015247439",
    "store": "coles",
    "name": "Parmesan & Black Truffle Oil Deluxe Chips",
    "brand": "Red Rock Deli",
    "price": 2.25,
    "orgPrice": 4.5,
    "categoryId": "pantry",
    "imagePath": "https://shop.coles.com.au/wcsstore/Coles-CAS/images/3/5/6/3569108.jpg",
    "cupPrice": "$1.67 per 100g",
    "unit": "ea",
    "packageSize": "135g",
    "barcode": [
      "9310015247439"
    ],
    "isAvailable": true
  },
  {
    "id": "c3611532p-9300617060314",
    "store": "coles",
    "name": "Milk Bottles",
    "brand": "Pascall",
    "price": 2,
    "orgPrice": 4,
    "categoryId": "pantry",
    "imagePath": "https://shop.coles.com.au/wcsstore/Coles-CAS/images/3/6/1/3611532.jpg",
    "cupPrice": "$0.95 per 100g",
    "unit": "ea",
    "packageSize": "210g",
    "barcode": [
      "9300617060314"
    ],
    "isAvailable": true
  },
  {
    "id": "c3611485p-9300617060277",
    "store": "coles",
    "name": "Party Pack",
    "brand": "Pascall",
    "price": 2,
    "orgPrice": 4,
    "categoryId": "pantry",
    "imagePath": "https://shop.coles.com.au/wcsstore/Coles-CAS/images/3/6/1/3611485.jpg",
    "cupPrice": "$0.83 per 100g",
    "unit": "ea",
    "packageSize": "240g",
    "barcode": [
      "9300617060277"
    ],
    "isAvailable": true
  },
  {
    "id": "c3583776p-9347881000745",
    "store": "coles",
    "name": "Super Mix",
    "brand": "Harvest Box",
    "price": 2.47,
    "orgPrice": 4.95,
    "categoryId": "pantry",
    "imagePath": "https://shop.coles.com.au/wcsstore/Coles-CAS/images/3/5/8/3583776.jpg",
    "cupPrice": "$1.83 per 100g",
    "unit": "ea",
    "packageSize": "135g",
    "barcode": [
      "9347881000745"
    ],
    "isAvailable": true
  },
  {
    "id": "c7251224p-93682664",
    "store": "coles",
    "name": "Milk Chocolate Small Bag",
    "brand": "M&M's",
    "price": 1,
    "orgPrice": 2,
    "categoryId": "pantry",
    "imagePath": "https://shop.coles.com.au/wcsstore/Coles-CAS/images/7/2/5/7251224.jpg",
    "cupPrice": "$2.04 per 100g",
    "unit": "ea",
    "packageSize": "49g",
    "barcode": [
      "93682664"
    ],
    "isAvailable": true
  },
  {
    "id": "c2492212p-9315991023619",
    "store": "coles",
    "name": "Deli Crisps Turmeric & Cheese Chips",
    "brand": "Vege",
    "price": 2.75,
    "orgPrice": 5.5,
    "categoryId": "pantry",
    "imagePath": "https://shop.coles.com.au/wcsstore/Coles-CAS/images/2/4/9/2492212.jpg",
    "cupPrice": "$2.75 per 100g",
    "unit": "ea",
    "packageSize": "100g",
    "barcode": [
      "9315991023619"
    ],
    "isAvailable": true
  },
  {
    "id": "c2916545p-9311964001349",
    "store": "coles",
    "name": "Natural Smooth Peanut Butter",
    "brand": "Purely Nutz",
    "price": 3.25,
    "orgPrice": 6.5,
    "categoryId": "pantry",
    "imagePath": "https://shop.coles.com.au/wcsstore/Coles-CAS/images/2/9/1/2916545.jpg",
    "cupPrice": "$0.87 per 100g",
    "unit": "ea",
    "packageSize": "375g",
    "barcode": [
      "9311964001349"
    ],
    "isAvailable": true
  },
  {
    "id": "c3294906p-9310645244853",
    "store": "coles",
    "name": "Tuna Onion And Tomato Savoury Sauce",
    "brand": "Wild Tides",
    "price": 1,
    "orgPrice": 2,
    "categoryId": "pantry",
    "imagePath": "https://shop.coles.com.au/wcsstore/Coles-CAS/images/3/2/9/3294906.jpg",
    "cupPrice": "$10.53 per 1kg",
    "unit": "ea",
    "packageSize": "95g",
    "barcode": [
      "9310645244853"
    ],
    "isAvailable": true
  },
  {
    "id": "c3569083p-9310015247415",
    "store": "coles",
    "name": "Vintage Cheddar Caramelised Onion & Rosemary Oil Deluxe Crisps",
    "brand": "Red Rock Deli",
    "price": 2.25,
    "orgPrice": 4.5,
    "categoryId": "pantry",
    "imagePath": "https://shop.coles.com.au/wcsstore/Coles-CAS/images/3/5/6/3569083.jpg",
    "cupPrice": "$1.67 per 100g",
    "unit": "ea",
    "packageSize": "135g",
    "barcode": [
      "9310015247415"
    ],
    "isAvailable": true
  },
  {
    "id": "c3612910p-9300605127524",
    "store": "coles",
    "name": "25% Less Sugar Candy Grubs",
    "brand": "Allen's",
    "price": 1.5,
    "orgPrice": 3,
    "categoryId": "pantry",
    "imagePath": "https://shop.coles.com.au/wcsstore/Coles-CAS/images/3/6/1/3612910.jpg",
    "cupPrice": "$0.88 per 100g",
    "unit": "ea",
    "packageSize": "170g",
    "barcode": [
      "9300605127524"
    ],
    "isAvailable": true
  },
  {
    "id": "c3583765p-9347881000721",
    "store": "coles",
    "name": "We Love Nuts",
    "brand": "Harvest Box",
    "price": 2.47,
    "orgPrice": 4.95,
    "categoryId": "pantry",
    "imagePath": "https://shop.coles.com.au/wcsstore/Coles-CAS/images/3/5/8/3583765.jpg",
    "cupPrice": "$1.83 per 100g",
    "unit": "ea",
    "packageSize": "135g",
    "barcode": [
      "9347881000721"
    ],
    "isAvailable": true
  },
  {
    "id": "c3583743p-9347881000714",
    "store": "coles",
    "name": "Power Mix",
    "brand": "Harvest Box",
    "price": 2.47,
    "orgPrice": 4.95,
    "categoryId": "pantry",
    "imagePath": "https://shop.coles.com.au/wcsstore/Coles-CAS/images/3/5/8/3583743.jpg",
    "cupPrice": "$1.83 per 100g",
    "unit": "ea",
    "packageSize": "135g",
    "barcode": [
      "9347881000714"
    ],
    "isAvailable": true
  },
  {
    "id": "c5248149p-9300617000501",
    "store": "coles",
    "name": "Dairy Milk Chocolate  Freddo",
    "brand": "Cadbury",
    "price": 0.5,
    "orgPrice": 1,
    "categoryId": "pantry",
    "imagePath": "https://shop.coles.com.au/wcsstore/Coles-CAS/images/5/2/4/5248149.jpg",
    "cupPrice": "$1.43 per 100g",
    "unit": "ea",
    "packageSize": "35g",
    "barcode": [
      "9300617000501",
      "9300617333371",
      "9300617411031"
    ],
    "isAvailable": true
  },
  {
    "id": "c4173135p-9314807009427",
    "store": "coles",
    "name": "Slim Right Vanilla Weight Loss Powder",
    "brand": "Nature's Way",
    "price": 7.25,
    "orgPrice": 14.5,
    "categoryId": "pantry",
    "imagePath": "https://shop.coles.com.au/wcsstore/Coles-CAS/images/4/1/7/4173135.jpg",
    "cupPrice": "$1.93 per 100g",
    "unit": "ea",
    "packageSize": "375g",
    "barcode": [
      "9314807009427",
      "400003456598",
      "9314807060763"
    ],
    "isAvailable": true
  },
  {
    "id": "c3295024p-9310645244877",
    "store": "coles",
    "name": "Sweet Chilli Fished Tuna",
    "brand": "Wild Tides",
    "price": 1,
    "orgPrice": 2,
    "categoryId": "pantry",
    "imagePath": "https://shop.coles.com.au/wcsstore/Coles-CAS/images/3/2/9/3295024.jpg",
    "cupPrice": "$1.05 per 100g",
    "unit": "ea",
    "packageSize": "95g",
    "barcode": [
      "9310645244877"
    ],
    "isAvailable": true
  },
  {
    "id": "c3295090p-9310645244891",
    "store": "coles",
    "name": "Smoke Flavour Tuna",
    "brand": "Wild Tides",
    "price": 1,
    "orgPrice": 2,
    "categoryId": "pantry",
    "imagePath": "https://shop.coles.com.au/wcsstore/Coles-CAS/images/3/2/9/3295090.jpg",
    "cupPrice": "$1.05 per 100g",
    "unit": "ea",
    "packageSize": "95g",
    "barcode": [
      "9310645244891"
    ],
    "isAvailable": true
  },
  {
    "id": "c3449820p-9310988017213",
    "store": "coles",
    "name": "Cracker Sweet Chilli Sour Cream",
    "brand": "The Natural Cracker Co.",
    "price": 1.75,
    "orgPrice": 3.5,
    "categoryId": "pantry",
    "imagePath": "https://shop.coles.com.au/wcsstore/Coles-CAS/images/3/4/4/3449820.jpg",
    "cupPrice": "$1.09 per 100g",
    "unit": "ea",
    "packageSize": "160g",
    "barcode": [
      "9310988017213"
    ],
    "isAvailable": true
  },
  {
    "id": "c2213104p-9300617045106",
    "store": "coles",
    "name": "Sour Patch Watermelon",
    "brand": "The Natural Confectionary Co.",
    "price": 2,
    "orgPrice": 4,
    "categoryId": "pantry",
    "imagePath": "https://shop.coles.com.au/wcsstore/Coles-CAS/images/2/2/1/2213104.jpg",
    "cupPrice": "$0.91 per 100g",
    "unit": "ea",
    "packageSize": "220g",
    "barcode": [
      "9300617045106"
    ],
    "isAvailable": true
  },
  {
    "id": "c2395362p-9300617044901",
    "store": "coles",
    "name": "Caramello Koala Chocolate",
    "brand": "Cadbury",
    "price": 0.5,
    "orgPrice": 1,
    "categoryId": "pantry",
    "imagePath": "https://shop.coles.com.au/wcsstore/Coles-CAS/images/2/3/9/2395362.jpg",
    "cupPrice": "$1.43 per 100g",
    "unit": "ea",
    "packageSize": "35g",
    "barcode": [
      "9300617044901"
    ],
    "isAvailable": true
  },
  {
    "id": "c2667622p-9300830037483",
    "store": "coles",
    "name": "Cup A Soup Homestyle Chicken 2 pack",
    "brand": "Continental",
    "price": 1,
    "orgPrice": 2,
    "categoryId": "pantry",
    "imagePath": "https://shop.coles.com.au/wcsstore/Coles-CAS/images/2/6/6/2667622.jpg",
    "cupPrice": "$2.17 per 100g",
    "unit": "ea",
    "packageSize": "46g",
    "barcode": [
      "9300830037483"
    ],
    "isAvailable": true
  },
  {
    "id": "c2916534p-9311964001356",
    "store": "coles",
    "name": "Natural Crunchy Peanut Butter Chunks",
    "brand": "Purely Nutz",
    "price": 3.25,
    "orgPrice": 6.5,
    "categoryId": "pantry",
    "imagePath": "https://shop.coles.com.au/wcsstore/Coles-CAS/images/2/9/1/2916534.jpg",
    "cupPrice": "$0.87 per 100g",
    "unit": "ea",
    "packageSize": "375g",
    "barcode": [
      "9311964001356"
    ],
    "isAvailable": true
  },
  {
    "id": "c3574119p-9310988017244",
    "store": "coles",
    "name": "Sour Cream & Chives Tortilla Strips",
    "brand": "The Natural Chip Co.",
    "price": 1.75,
    "orgPrice": 3.5,
    "categoryId": "pantry",
    "imagePath": "https://shop.coles.com.au/wcsstore/Coles-CAS/images/3/5/7/3574119.jpg",
    "cupPrice": "$1.00 per 100g",
    "unit": "ea",
    "packageSize": "175g",
    "barcode": [
      "9310988017244"
    ],
    "isAvailable": true
  },
  {
    "id": "c3710192p-9300605129269",
    "store": "coles",
    "name": "Kit Kat Double Cookies & Cream",
    "brand": "Nestle",
    "price": 1,
    "orgPrice": 2,
    "categoryId": "pantry",
    "imagePath": "https://shop.coles.com.au/wcsstore/Coles-CAS/images/3/7/1/3710192.jpg",
    "cupPrice": "$2.22 per 100g",
    "unit": "ea",
    "packageSize": "45g",
    "barcode": [
      "9300605129269"
    ],
    "isAvailable": true
  },
  {
    "id": "c3739547p-9310434005054",
    "store": "coles",
    "name": "Kids Cola",
    "brand": "Sour Patch",
    "price": 2,
    "orgPrice": 4,
    "categoryId": "pantry",
    "imagePath": "https://shop.coles.com.au/wcsstore/Coles-CAS/images/3/7/3/3739547.jpg",
    "cupPrice": "$0.91 per 100g",
    "unit": "ea",
    "packageSize": "220g",
    "barcode": [
      "9310434005054"
    ],
    "isAvailable": true
  },
  {
    "id": "c3168504p-9310988014953",
    "store": "coles",
    "name": "Tomato Herbs/Chilli Lime Chips",
    "brand": "Natural Chip Co.",
    "price": 1.75,
    "orgPrice": null,
    "categoryId": "pantry",
    "imagePath": "https://shop.coles.com.au/wcsstore/Coles-CAS/images/3/1/6/3168504.jpg",
    "cupPrice": "$1.00 per 100g",
    "unit": "ea",
    "packageSize": "175g",
    "barcode": [
      "9310988014953",
      "9310988017886",
      "9310988016841"
    ],
    "isAvailable": true
  },
  {
    "id": "c3384554p-8410076620453",
    "store": "coles",
    "name": "Peanut Butter Popcorn Bars 5 pack",
    "brand": "Fibre One",
    "price": 2.75,
    "orgPrice": 5.5,
    "categoryId": "pantry",
    "imagePath": "https://shop.coles.com.au/wcsstore/Coles-CAS/images/3/3/8/3384554.jpg",
    "cupPrice": "$2.62 per 100g",
    "unit": "ea",
    "packageSize": "105g",
    "barcode": [
      "8410076620453"
    ],
    "isAvailable": true
  },
  {
    "id": "c3569094p-9310015247422",
    "store": "coles",
    "name": "Chilli Roast Garlic & Lemon Oil Deluxe Chips",
    "brand": "Red Rock Deli",
    "price": 2.25,
    "orgPrice": 4.5,
    "categoryId": "pantry",
    "imagePath": "https://shop.coles.com.au/wcsstore/Coles-CAS/images/3/5/6/3569094.jpg",
    "cupPrice": "$1.67 per 100g",
    "unit": "ea",
    "packageSize": "135g",
    "barcode": [
      "9310015247422"
    ],
    "isAvailable": true
  },
  {
    "id": "c2026140p-9300605094666",
    "store": "coles",
    "name": "KitKat Chunky Caramel",
    "brand": "Nestle",
    "price": 1,
    "orgPrice": 2,
    "categoryId": "pantry",
    "imagePath": "https://shop.coles.com.au/wcsstore/Coles-CAS/images/2/0/2/2026140.jpg",
    "cupPrice": "$1.82 per 100g",
    "unit": "ea",
    "packageSize": "55g",
    "barcode": [
      "9300605094666"
    ],
    "isAvailable": true
  },
  {
    "id": "c3198913p",
    "store": "coles",
    "name": "Bueno Dark",
    "brand": "Kinder",
    "price": 1,
    "orgPrice": 2,
    "categoryId": "pantry",
    "imagePath": "https://shop.coles.com.au/wcsstore/Coles-CAS/images/3/1/9/3198913.jpg",
    "cupPrice": "$2.33 per 100g",
    "unit": "ea",
    "packageSize": "43g",
    "barcode": null,
    "isAvailable": true
  },
  {
    "id": "c3295104p-9310645244907",
    "store": "coles",
    "name": "Sweetcorn And Mayonnaise Responsibly Fished Tuna",
    "brand": "Wild Tides",
    "price": 1,
    "orgPrice": 2,
    "categoryId": "pantry",
    "imagePath": "https://shop.coles.com.au/wcsstore/Coles-CAS/images/3/2/9/3295104.jpg",
    "cupPrice": "$10.53 per 1kg",
    "unit": "ea",
    "packageSize": "95g",
    "barcode": [
      "9310645244907"
    ],
    "isAvailable": true
  },
  {
    "id": "c3295080p-9310645244884",
    "store": "coles",
    "name": "Tomato & Basil Fished Tuna",
    "brand": "Wild Tides",
    "price": 1,
    "orgPrice": 2,
    "categoryId": "pantry",
    "imagePath": "https://shop.coles.com.au/wcsstore/Coles-CAS/images/3/2/9/3295080.jpg",
    "cupPrice": "$1.05 per 100g",
    "unit": "ea",
    "packageSize": "95g",
    "barcode": [
      "9310645244884"
    ],
    "isAvailable": true
  },
  {
    "id": "c3502016p-93555296",
    "store": "coles",
    "name": "Original Fruit Chews Lollies Stick",
    "brand": "Starburst",
    "price": 1,
    "orgPrice": 2,
    "categoryId": "pantry",
    "imagePath": "https://shop.coles.com.au/wcsstore/Coles-CAS/images/3/5/0/3502016.jpg",
    "cupPrice": "$2.22 per 100g",
    "unit": "ea",
    "packageSize": "45g",
    "barcode": [
      "93555296"
    ],
    "isAvailable": true
  },
  {
    "id": "c3583798p-9347881000769",
    "store": "coles",
    "name": "Almond Latte",
    "brand": "Harvest Box",
    "price": 2.47,
    "orgPrice": 4.95,
    "categoryId": "pantry",
    "imagePath": "https://shop.coles.com.au/wcsstore/Coles-CAS/images/3/5/8/3583798.jpg",
    "cupPrice": "$1.83 per 100g",
    "unit": "ea",
    "packageSize": "135g",
    "barcode": [
      "9347881000769"
    ],
    "isAvailable": true
  },
  {
    "id": "c3739503p-9310434005016",
    "store": "coles",
    "name": "Kids Mega Duos",
    "brand": "Sour Patch",
    "price": 2,
    "orgPrice": 4,
    "categoryId": "pantry",
    "imagePath": "https://shop.coles.com.au/wcsstore/Coles-CAS/images/3/7/3/3739503.jpg",
    "cupPrice": "$0.91 per 100g",
    "unit": "ea",
    "packageSize": "220g",
    "barcode": [
      "9310434005016"
    ],
    "isAvailable": true
  },
  {
    "id": "c9676031p-9314807060787",
    "store": "coles",
    "name": "Slim Right Strawberry Weight Loss Drink Powder",
    "brand": "Nature's Way",
    "price": 7.25,
    "orgPrice": 14.5,
    "categoryId": "pantry",
    "imagePath": "https://shop.coles.com.au/wcsstore/Coles-CAS/images/9/6/7/9676031.jpg",
    "cupPrice": "$1.93 per 100g",
    "unit": "ea",
    "packageSize": "375g",
    "barcode": [
      "9314807060787",
      "400003456604",
      "9314807008154"
    ],
    "isAvailable": true
  },
  {
    "id": "c3127711p-9315991023794",
    "store": "coles",
    "name": "Deli Crisps Lentil Sriracha Chips",
    "brand": "Vege",
    "price": 2.75,
    "orgPrice": 5.5,
    "categoryId": "pantry",
    "imagePath": "https://shop.coles.com.au/wcsstore/Coles-CAS/images/3/1/2/3127711.jpg",
    "cupPrice": "$2.75 per 100g",
    "unit": "ea",
    "packageSize": "100g",
    "barcode": [
      "9315991023794"
    ],
    "isAvailable": true
  },
  {
    "id": "c4949400p-94314205",
    "store": "coles",
    "name": "Toasted Coconut Slab Milk Chocolate Bar",
    "brand": "Whittaker's",
    "price": 1,
    "orgPrice": 2,
    "categoryId": "pantry",
    "imagePath": "https://shop.coles.com.au/wcsstore/Coles-CAS/images/4/9/4/4949400.jpg",
    "cupPrice": "$2.00 per 100g",
    "unit": "ea",
    "packageSize": "50g",
    "barcode": [
      "94314205"
    ],
    "isAvailable": true
  },
  {
    "id": "c3529760p-9310645262062",
    "store": "coles",
    "name": "Hazelnut Spread",
    "brand": "Coles",
    "price": 2,
    "orgPrice": 4,
    "categoryId": "pantry",
    "imagePath": "https://shop.coles.com.au/wcsstore/Coles-CAS/images/3/5/2/3529760.jpg",
    "cupPrice": "$0.67 per 100g",
    "unit": "ea",
    "packageSize": "300g",
    "barcode": [
      "9310645262062"
    ],
    "isAvailable": true
  },
  {
    "id": "c3608913p-9310645277394",
    "store": "coles",
    "name": "Responsibly Fished Tuna Teriyaki",
    "brand": "Wild Tides",
    "price": 1,
    "orgPrice": 2,
    "categoryId": "pantry",
    "imagePath": "https://shop.coles.com.au/wcsstore/Coles-CAS/images/3/6/0/3608913.jpg",
    "cupPrice": "$10.53 per 1kg",
    "unit": "ea",
    "packageSize": "95g",
    "barcode": [
      "9310645277394"
    ],
    "isAvailable": true
  },
  {
    "id": "c3779767p-9310140010724",
    "store": "coles",
    "name": "Brown Rice Chips Sea Salt",
    "brand": "Sunrice",
    "price": 2.5,
    "orgPrice": 5,
    "categoryId": "pantry",
    "imagePath": "https://shop.coles.com.au/wcsstore/Coles-CAS/images/3/7/7/3779767.jpg",
    "cupPrice": "$1.67 per 100g",
    "unit": "ea",
    "packageSize": "150g",
    "barcode": [
      "9310140010724"
    ],
    "isAvailable": true
  },
  {
    "id": "c3574120p-9310988017251",
    "store": "coles",
    "name": "Lime & Chilli Tortilla Strips",
    "brand": "Natural Chip Co.",
    "price": 1.75,
    "orgPrice": 3.5,
    "categoryId": "pantry",
    "imagePath": "https://shop.coles.com.au/wcsstore/Coles-CAS/images/3/5/7/3574120.jpg",
    "cupPrice": "$1.00 per 100g",
    "unit": "ea",
    "packageSize": "175g",
    "barcode": [
      "9310988017251"
    ],
    "isAvailable": true
  },
  {
    "id": "c3449853p-9310988017206",
    "store": "coles",
    "name": "Farmhouse Cheddar Crispy Crackers",
    "brand": "The Natural Cracker Co.",
    "price": 1.75,
    "orgPrice": 3.5,
    "categoryId": "pantry",
    "imagePath": "https://shop.coles.com.au/wcsstore/Coles-CAS/images/3/4/4/3449853.jpg",
    "cupPrice": "$1.09 per 100g",
    "unit": "ea",
    "packageSize": "160g",
    "barcode": [
      "9310988017206"
    ],
    "isAvailable": true
  },
  {
    "id": "c3531976p-9341370003811",
    "store": "coles",
    "name": "BBQ Meatballs",
    "brand": "Plumrose",
    "price": 2,
    "orgPrice": 4,
    "categoryId": "pantry",
    "imagePath": "https://shop.coles.com.au/wcsstore/Coles-CAS/images/3/5/3/3531976.jpg",
    "cupPrice": "$4.76 per 1kg",
    "unit": "ea",
    "packageSize": "420g",
    "barcode": [
      "9341370003811"
    ],
    "isAvailable": true
  },
  {
    "id": "c3531921p-9341370003804",
    "store": "coles",
    "name": "Tomato Meatballs",
    "brand": "Plumrose",
    "price": 2,
    "orgPrice": 4,
    "categoryId": "pantry",
    "imagePath": "https://shop.coles.com.au/wcsstore/Coles-CAS/images/3/5/3/3531921.jpg",
    "cupPrice": "$4.76 per 1kg",
    "unit": "ea",
    "packageSize": "420g",
    "barcode": [
      "9341370003804"
    ],
    "isAvailable": true
  },
  {
    "id": "c3532083p-9300617075608",
    "store": "coles",
    "name": "Raspberry Flavour Chocolate Mallow Bites",
    "brand": "Pascall",
    "price": 2,
    "orgPrice": 4,
    "categoryId": "pantry",
    "imagePath": "https://shop.coles.com.au/wcsstore/Coles-CAS/images/3/5/3/3532083.jpg",
    "cupPrice": "$1.25 per 100g",
    "unit": "ea",
    "packageSize": "160g",
    "barcode": [
      "9300617075608"
    ],
    "isAvailable": true
  },
  {
    "id": "c3608924p-9310645277400",
    "store": "coles",
    "name": "Responsibly Fished Tuna Thai Green Curry Mild",
    "brand": "Wild Tides",
    "price": 1,
    "orgPrice": 2,
    "categoryId": "pantry",
    "imagePath": "https://shop.coles.com.au/wcsstore/Coles-CAS/images/3/6/0/3608924.jpg",
    "cupPrice": "$10.53 per 1kg",
    "unit": "ea",
    "packageSize": "95g",
    "barcode": [
      "9310645277400"
    ],
    "isAvailable": true
  },
  {
    "id": "c3779789p-9310140010731",
    "store": "coles",
    "name": "Brown Rice Chips Wild Rice",
    "brand": "Sunrice",
    "price": 2.5,
    "orgPrice": 5,
    "categoryId": "pantry",
    "imagePath": "https://shop.coles.com.au/wcsstore/Coles-CAS/images/3/7/7/3779789.jpg",
    "cupPrice": "$1.67 per 100g",
    "unit": "ea",
    "packageSize": "150g",
    "barcode": [
      "9310140010731"
    ],
    "isAvailable": true
  },
  {
    "id": "c3433412p-9310034001227",
    "store": "coles",
    "name": "Chocolate Flavour Wafer Bites",
    "brand": "Oreo",
    "price": 0.6,
    "orgPrice": 1.5,
    "categoryId": "pantry",
    "imagePath": "https://shop.coles.com.au/wcsstore/Coles-CAS/images/3/4/3/3433412.jpg",
    "cupPrice": "$1.28 per 100g",
    "unit": "ea",
    "packageSize": "47g",
    "barcode": [
      "9310034001227"
    ],
    "isAvailable": true
  },
  {
    "id": "c3608946p-9310645277417",
    "store": "coles",
    "name": "Responsibly Fished Tuna Triple Chilli Medium",
    "brand": "Wild Tides",
    "price": 1,
    "orgPrice": 2,
    "categoryId": "pantry",
    "imagePath": "https://shop.coles.com.au/wcsstore/Coles-CAS/images/3/6/0/3608946.jpg",
    "cupPrice": "$10.53 per 1kg",
    "unit": "ea",
    "packageSize": "95g",
    "barcode": [
      "9310645277417"
    ],
    "isAvailable": true
  },
  {
    "id": "c3572190p-9310015247477",
    "store": "coles",
    "name": "Balsamic Vinegar & Chilli Roasted Mixed Nuts",
    "brand": "Red Rock Deli",
    "price": 2,
    "orgPrice": 4,
    "categoryId": "pantry",
    "imagePath": "https://shop.coles.com.au/wcsstore/Coles-CAS/images/3/5/7/3572190.jpg",
    "cupPrice": "$2.00 per 100g",
    "unit": "ea",
    "packageSize": "100g",
    "barcode": [
      "9310015247477"
    ],
    "isAvailable": true
  },
  {
    "id": "c3752148p-7622300878689",
    "store": "coles",
    "name": "Pita Crackers Herb",
    "brand": "Captains Table",
    "price": 1.75,
    "orgPrice": 3.5,
    "categoryId": "pantry",
    "imagePath": "https://shop.coles.com.au/wcsstore/Coles-CAS/images/3/7/5/3752148.jpg",
    "cupPrice": "$1.75 per 100g",
    "unit": "ea",
    "packageSize": "100g",
    "barcode": [
      "7622300878689"
    ],
    "isAvailable": true
  },
  {
    "id": "c7588159p-9314807022778",
    "store": "coles",
    "name": "Protein Figure Vanilla Powder",
    "brand": "Nature's Way",
    "price": 13,
    "orgPrice": 26,
    "categoryId": "pantry",
    "imagePath": "https://shop.coles.com.au/wcsstore/Coles-CAS/images/7/5/8/7588159.jpg",
    "cupPrice": "$3.25 per 100g",
    "unit": "ea",
    "packageSize": "400g",
    "barcode": [
      "9314807022778"
    ],
    "isAvailable": true
  },
  {
    "id": "c8434627p-9310213541353",
    "store": "coles",
    "name": "Frozen Crumbed Chicken Breast Tenders",
    "brand": "Steggles",
    "price": 3.97,
    "orgPrice": 7.95,
    "categoryId": "freezer",
    "imagePath": "https://shop.coles.com.au/wcsstore/Coles-CAS/images/8/4/3/8434627.jpg",
    "cupPrice": "$9.93 per 1kg",
    "unit": "ea",
    "packageSize": "400g",
    "barcode": [
      "9310213541353",
      "9310213565892"
    ],
    "isAvailable": true
  },
  {
    "id": "c5164388p-9344372002950",
    "store": "coles",
    "name": "Frozen Raspberries",
    "brand": "Creative Gourmet",
    "price": 2.82,
    "orgPrice": 5.65,
    "categoryId": "freezer",
    "imagePath": "https://shop.coles.com.au/wcsstore/Coles-CAS/images/5/1/6/5164388.jpg",
    "cupPrice": "$9.40 per 1kg",
    "unit": "ea",
    "packageSize": "300g",
    "barcode": [
      "9344372002950",
      "9300766040991",
      "9311008049993"
    ],
    "isAvailable": true
  },
  {
    "id": "c4683889p-9330471002212",
    "store": "coles",
    "name": "Frozen Whole Duck",
    "brand": "Luv A Duck",
    "price": 11.5,
    "orgPrice": 23,
    "categoryId": "freezer",
    "imagePath": "https://shop.coles.com.au/wcsstore/Coles-CAS/images/4/6/8/4683889.jpg",
    "cupPrice": "$5.48 per 1kg",
    "unit": "ea",
    "packageSize": "2.1kg",
    "barcode": [
      "9330471002212"
    ],
    "isAvailable": true
  },
  {
    "id": "c5164399p-400002883357",
    "store": "coles",
    "name": "Frozen Blueberries",
    "brand": "Creative Gourmet",
    "price": 2.82,
    "orgPrice": 5.65,
    "categoryId": "freezer",
    "imagePath": "https://shop.coles.com.au/wcsstore/Coles-CAS/images/5/1/6/5164399.jpg",
    "cupPrice": "$9.40 per 1kg",
    "unit": "ea",
    "packageSize": "300g",
    "barcode": [
      "400002883357",
      "9344372002783",
      "9311008049177",
      "9300766041172"
    ],
    "isAvailable": true
  },
  {
    "id": "c2356724p-9318122381008",
    "store": "coles",
    "name": "Frozen Pork & Chive Dumplings 10 Pieces",
    "brand": "Hong Kong Dim Sim Kitchen",
    "price": 2.5,
    "orgPrice": 5,
    "categoryId": "freezer",
    "imagePath": "https://shop.coles.com.au/wcsstore/Coles-CAS/images/2/3/5/2356724.jpg",
    "cupPrice": "$1.25 per 100g",
    "unit": "ea",
    "packageSize": "200g",
    "barcode": [
      "9318122381008"
    ],
    "isAvailable": true
  },
  {
    "id": "c3059972p-9344372003179",
    "store": "coles",
    "name": "Frozen Banana Chunks",
    "brand": "Creative Gourmet",
    "price": 2.5,
    "orgPrice": 5,
    "categoryId": "freezer",
    "imagePath": "https://shop.coles.com.au/wcsstore/Coles-CAS/images/3/0/5/3059972.jpg",
    "cupPrice": "$5.00 per 1kg",
    "unit": "ea",
    "packageSize": "500g",
    "barcode": [
      "9344372003179"
    ],
    "isAvailable": true
  },
  {
    "id": "c5039976p-9310663400675",
    "store": "coles",
    "name": "Frozen Microwave Giant Sausage Roll",
    "brand": "Mrs Mac's",
    "price": 1.25,
    "orgPrice": 2.5,
    "categoryId": "freezer",
    "imagePath": "https://shop.coles.com.au/wcsstore/Coles-CAS/images/5/0/3/5039976.jpg",
    "cupPrice": "$0.71 per 100g",
    "unit": "ea",
    "packageSize": "175g",
    "barcode": [
      "9310663400675"
    ],
    "isAvailable": true
  },
  {
    "id": "c3230754p",
    "store": "coles",
    "name": "Frozen Honey Soy Frozen Chicken Breast Tenders",
    "brand": "Steggles",
    "price": 3.97,
    "orgPrice": 7.95,
    "categoryId": "freezer",
    "imagePath": "https://shop.coles.com.au/wcsstore/Coles-CAS/images/3/2/3/3230754.jpg",
    "cupPrice": "$9.93 per 1kg",
    "unit": "ea",
    "packageSize": "400g",
    "barcode": null,
    "isAvailable": true
  },
  {
    "id": "c3573047p-9344372004619",
    "store": "coles",
    "name": "Frozen Passionfruit Pulp",
    "brand": "Creative Gourmet",
    "price": 2.82,
    "orgPrice": 5.65,
    "categoryId": "freezer",
    "imagePath": "https://shop.coles.com.au/wcsstore/Coles-CAS/images/3/5/7/3573047.jpg",
    "cupPrice": "$9.40 per 1kg",
    "unit": "ea",
    "packageSize": "300g",
    "barcode": [
      "9344372004619"
    ],
    "isAvailable": true
  },
  {
    "id": "c9992122p-5000159496681",
    "store": "coles",
    "name": "Chocolate Bar Iced Confectionery Multipack 6 x 51mL",
    "brand": "Mars",
    "price": 4.25,
    "orgPrice": 8.5,
    "categoryId": "freezer",
    "imagePath": "https://shop.coles.com.au/wcsstore/Coles-CAS/images/9/9/9/9992122.jpg",
    "cupPrice": "$1.39 per 100ml",
    "unit": "ea",
    "packageSize": "306ml",
    "barcode": [
      "5000159496681",
      "5000159397292"
    ],
    "isAvailable": true
  },
  {
    "id": "c3573070p-9344372004626",
    "store": "coles",
    "name": "Frozen Pink Dragonfruit Chunks",
    "brand": "Creative Gourmet",
    "price": 2.82,
    "orgPrice": 5.65,
    "categoryId": "freezer",
    "imagePath": "https://shop.coles.com.au/wcsstore/Coles-CAS/images/3/5/7/3573070.jpg",
    "cupPrice": "$9.40 per 1kg",
    "unit": "ea",
    "packageSize": "300g",
    "barcode": [
      "9344372004626"
    ],
    "isAvailable": true
  },
  {
    "id": "c3407310p",
    "store": "coles",
    "name": "Peanut Butter Chocolate Cones",
    "brand": "Reese's",
    "price": 4.25,
    "orgPrice": 8.5,
    "categoryId": "freezer",
    "imagePath": "https://shop.coles.com.au/wcsstore/Coles-CAS/images/3/4/0/3407310.jpg",
    "cupPrice": "$0.90 per 100ml",
    "unit": "ea",
    "packageSize": "472ml",
    "barcode": null,
    "isAvailable": true
  },
  {
    "id": "c5040013p-9310663400620",
    "store": "coles",
    "name": "Frozen Microwave Beef Pie",
    "brand": "Mrs Mac's",
    "price": 1.25,
    "orgPrice": 2.5,
    "categoryId": "freezer",
    "imagePath": "https://shop.coles.com.au/wcsstore/Coles-CAS/images/5/0/4/5040013.jpg",
    "cupPrice": "$0.63 per 100g",
    "unit": "ea",
    "packageSize": "200g",
    "barcode": [
      "9310663400620"
    ],
    "isAvailable": true
  },
  {
    "id": "c3407300p-9310161014558",
    "store": "coles",
    "name": "Frozen Cookies 'N' Crème Sticks",
    "brand": "Hershey's",
    "price": 4.25,
    "orgPrice": 8.5,
    "categoryId": "freezer",
    "imagePath": "https://shop.coles.com.au/wcsstore/Coles-CAS/images/3/4/0/3407300.jpg",
    "cupPrice": "$0.90 per 100ml",
    "unit": "ea",
    "packageSize": "473ml",
    "barcode": [
      "9310161014558"
    ],
    "isAvailable": true
  },
  {
    "id": "c5039954p-9310663400668",
    "store": "coles",
    "name": "Frozen Microwave Traditional Beef Pastie",
    "brand": "Mrs Mac's",
    "price": 1.25,
    "orgPrice": 2.5,
    "categoryId": "freezer",
    "imagePath": "https://shop.coles.com.au/wcsstore/Coles-CAS/images/5/0/3/5039954.jpg",
    "cupPrice": "$0.76 per 100g",
    "unit": "ea",
    "packageSize": "165g",
    "barcode": [
      "9310663400668"
    ],
    "isAvailable": true
  },
  {
    "id": "c3718682p-5000159518895",
    "store": "coles",
    "name": "Praline White Ice Cream Bar 6 pack",
    "brand": "Mars",
    "price": 4.25,
    "orgPrice": 8.5,
    "categoryId": "freezer",
    "imagePath": "https://shop.coles.com.au/wcsstore/Coles-CAS/images/3/7/1/3718682.jpg",
    "cupPrice": "$2.00 per 100ml",
    "unit": "ea",
    "packageSize": "213ml",
    "barcode": [
      "5000159518895"
    ],
    "isAvailable": true
  },
  {
    "id": "c3697017p-9310161015401",
    "store": "coles",
    "name": "Murray St Caramelised Peanut Brittle Ice Cream Tub",
    "brand": "Bulla",
    "price": 5,
    "orgPrice": 10,
    "categoryId": "freezer",
    "imagePath": "https://shop.coles.com.au/wcsstore/Coles-CAS/images/3/6/9/3697017.jpg",
    "cupPrice": "$1.09 per 100ml",
    "unit": "ea",
    "packageSize": "460ml",
    "barcode": [
      "9310161015401"
    ],
    "isAvailable": true
  },
  {
    "id": "c3697040p-9310161015487",
    "store": "coles",
    "name": "Murray St Caramel Maple Macadamia Ice Cream Sticks 4 pack",
    "brand": "Bulla",
    "price": 5,
    "orgPrice": 10,
    "categoryId": "freezer",
    "imagePath": "https://shop.coles.com.au/wcsstore/Coles-CAS/images/3/6/9/3697040.jpg",
    "cupPrice": "$1.25 per 100ml",
    "unit": "ea",
    "packageSize": "400ml",
    "barcode": [
      "9310161015487"
    ],
    "isAvailable": true
  },
  {
    "id": "c3697006p-9310161015395",
    "store": "coles",
    "name": "Murray St Vanilla Bean & Chocolate Almond Ice Cream Tub",
    "brand": "Bulla",
    "price": 5,
    "orgPrice": 10,
    "categoryId": "freezer",
    "imagePath": "https://shop.coles.com.au/wcsstore/Coles-CAS/images/3/6/9/3697006.jpg",
    "cupPrice": "$1.09 per 100ml",
    "unit": "ea",
    "packageSize": "460ml",
    "barcode": [
      "9310161015395"
    ],
    "isAvailable": true
  },
  {
    "id": "c3697083p-9310161015517",
    "store": "coles",
    "name": "Murray St Vanilla Bean & Chocolate Almonds Ice cream Sticks 4 Pack",
    "brand": "Bulla",
    "price": 5,
    "orgPrice": 10,
    "categoryId": "freezer",
    "imagePath": "https://shop.coles.com.au/wcsstore/Coles-CAS/images/3/6/9/3697083.jpg",
    "cupPrice": "$1.25 per 100ml",
    "unit": "ea",
    "packageSize": "400ml",
    "barcode": [
      "9310161015517"
    ],
    "isAvailable": true
  },
  {
    "id": "c2002095p-9310631627691",
    "store": "coles",
    "name": "Organic Espresso Coffee Beans",
    "brand": "Vittoria",
    "price": 18.25,
    "orgPrice": 36.5,
    "categoryId": "drink",
    "imagePath": "https://shop.coles.com.au/wcsstore/Coles-CAS/images/2/0/0/2002095.jpg",
    "cupPrice": "$1.83 per 100g",
    "unit": "ea",
    "packageSize": "1kg",
    "barcode": [
      "9310631627691"
    ],
    "isAvailable": true
  },
  {
    "id": "c8686572p-9310631622764",
    "store": "coles",
    "name": "Mountain Grown Coffee Beans",
    "brand": "Vittoria",
    "price": 15,
    "orgPrice": 36.5,
    "categoryId": "drink",
    "imagePath": "https://shop.coles.com.au/wcsstore/Coles-CAS/images/8/6/8/8686572.jpg",
    "cupPrice": "$1.50 per 100g",
    "unit": "ea",
    "packageSize": "1kg",
    "barcode": [
      "9310631622764"
    ],
    "isAvailable": true
  },
  {
    "id": "c9180375p-9310631616091",
    "store": "coles",
    "name": "Mountain Grown Ground Coffee",
    "brand": "Vittoria",
    "price": 15,
    "orgPrice": 36.5,
    "categoryId": "drink",
    "imagePath": "https://shop.coles.com.au/wcsstore/Coles-CAS/images/9/1/8/9180375.jpg",
    "cupPrice": "$1.50 per 100g",
    "unit": "ea",
    "packageSize": "1kg",
    "barcode": [
      "9310631616091"
    ],
    "isAvailable": true
  },
  {
    "id": "c6344308p-9310021039097",
    "store": "coles",
    "name": "Peach Ice Tea",
    "brand": "Lipton",
    "price": 1.9,
    "orgPrice": 3.8,
    "categoryId": "drink",
    "imagePath": "https://shop.coles.com.au/wcsstore/Coles-CAS/images/6/3/4/6344308.jpg",
    "cupPrice": "$1.27 per 1l",
    "unit": "ea",
    "packageSize": "1.5l",
    "barcode": [
      "9310021039097"
    ],
    "isAvailable": true
  },
  {
    "id": "c6344294p-9310021039080",
    "store": "coles",
    "name": "Lemon Ice Tea",
    "brand": "Lipton",
    "price": 1.9,
    "orgPrice": 3.8,
    "categoryId": "drink",
    "imagePath": "https://shop.coles.com.au/wcsstore/Coles-CAS/images/6/3/4/6344294.jpg",
    "cupPrice": "$1.27 per 1l",
    "unit": "ea",
    "packageSize": "1.5l",
    "barcode": [
      "9310021039080"
    ],
    "isAvailable": true
  },
  {
    "id": "c6344476p-9310021039202",
    "store": "coles",
    "name": "Light Peach Ice Tea",
    "brand": "Lipton",
    "price": 1.9,
    "orgPrice": 3.8,
    "categoryId": "drink",
    "imagePath": "https://shop.coles.com.au/wcsstore/Coles-CAS/images/6/3/4/6344476.jpg",
    "cupPrice": "$1.27 per 1l",
    "unit": "ea",
    "packageSize": "1.5l",
    "barcode": [
      "9310021039202"
    ],
    "isAvailable": true
  },
  {
    "id": "c4965847p-9310021036720",
    "store": "coles",
    "name": "Vanilla Chai Latte Sachets 8 pack",
    "brand": "Lipton",
    "price": 3.5,
    "orgPrice": 7,
    "categoryId": "drink",
    "imagePath": "https://shop.coles.com.au/wcsstore/Coles-CAS/images/4/9/6/4965847.jpg",
    "cupPrice": "$1.89 per 100g",
    "unit": "ea",
    "packageSize": "185g",
    "barcode": [
      "9310021036720"
    ],
    "isAvailable": true
  },
  {
    "id": "c3532797p-9311493003579",
    "store": "coles",
    "name": "Ginger Beer Multipack Cans 200mL",
    "brand": "Bundaberg",
    "price": 3,
    "orgPrice": 6.6,
    "categoryId": "drink",
    "imagePath": "https://shop.coles.com.au/wcsstore/Coles-CAS/images/3/5/3/3532797.jpg",
    "cupPrice": "$2.50 per 1l",
    "unit": "ea",
    "packageSize": "6 pack",
    "barcode": [
      "9311493003579"
    ],
    "isAvailable": true
  },
  {
    "id": "c7386664p-9310021043476",
    "store": "coles",
    "name": "Raspberry Ice Tea",
    "brand": "Lipton",
    "price": 1.9,
    "orgPrice": 3.8,
    "categoryId": "drink",
    "imagePath": "https://shop.coles.com.au/wcsstore/Coles-CAS/images/7/3/8/7386664.jpg",
    "cupPrice": "$1.27 per 1l",
    "unit": "ea",
    "packageSize": "1.5l",
    "barcode": [
      "9310021043476"
    ],
    "isAvailable": true
  },
  {
    "id": "c6344487p-9310021041540",
    "store": "coles",
    "name": "Mango Ice Tea",
    "brand": "Lipton",
    "price": 1.9,
    "orgPrice": 3.8,
    "categoryId": "drink",
    "imagePath": "https://shop.coles.com.au/wcsstore/Coles-CAS/images/6/3/4/6344487.jpg",
    "cupPrice": "$1.27 per 1l",
    "unit": "ea",
    "packageSize": "1.5l",
    "barcode": [
      "9310021041540"
    ],
    "isAvailable": true
  },
  {
    "id": "c5594671p-9310640620010",
    "store": "coles",
    "name": "Orange Ice Sports Drink",
    "brand": "Gatorade",
    "price": 1.75,
    "orgPrice": 3.5,
    "categoryId": "drink",
    "imagePath": "https://shop.coles.com.au/wcsstore/Coles-CAS/images/5/5/9/5594671.jpg",
    "cupPrice": "$2.92 per 1l",
    "unit": "ea",
    "packageSize": "600ml",
    "barcode": [
      "9310640620010",
      "9313820043012",
      "9313820043050"
    ],
    "isAvailable": true
  },
  {
    "id": "c5468870p-9310640620034",
    "store": "coles",
    "name": "Lemon Lime Sports Drink",
    "brand": "Gatorade",
    "price": 1.75,
    "orgPrice": 3.5,
    "categoryId": "drink",
    "imagePath": "https://shop.coles.com.au/wcsstore/Coles-CAS/images/5/4/6/5468870.jpg",
    "cupPrice": "$2.92 per 1l",
    "unit": "ea",
    "packageSize": "600ml",
    "barcode": [
      "9310640620034",
      "9313820040011",
      "9313820040059"
    ],
    "isAvailable": true
  },
  {
    "id": "c8729937p-9310640620119",
    "store": "coles",
    "name": "Fierce Grape Sport Drink",
    "brand": "Gatorade",
    "price": 1.75,
    "orgPrice": 3.5,
    "categoryId": "drink",
    "imagePath": "https://shop.coles.com.au/wcsstore/Coles-CAS/images/8/7/2/8729937.jpg",
    "cupPrice": "$2.92 per 1l",
    "unit": "ea",
    "packageSize": "600ml",
    "barcode": [
      "9310640620119"
    ],
    "isAvailable": true
  },
  {
    "id": "c5468917p-9313820042053",
    "store": "coles",
    "name": "Tropical Fruit Sports Drink",
    "brand": "Gatorade",
    "price": 1.75,
    "orgPrice": 3.5,
    "categoryId": "drink",
    "imagePath": "https://shop.coles.com.au/wcsstore/Coles-CAS/images/5/4/6/5468917.jpg",
    "cupPrice": "$2.92 per 1l",
    "unit": "ea",
    "packageSize": "600ml",
    "barcode": [
      "9313820042053",
      "9310640620058",
      "9313820042015"
    ],
    "isAvailable": true
  },
  {
    "id": "c6157082p-9310640620027",
    "store": "coles",
    "name": "Fierce Blue Bolt Sports Drink",
    "brand": "Gatorade",
    "price": 1.75,
    "orgPrice": 3.5,
    "categoryId": "drink",
    "imagePath": "https://shop.coles.com.au/wcsstore/Coles-CAS/images/6/1/5/6157082.jpg",
    "cupPrice": "$2.92 per 1l",
    "unit": "ea",
    "packageSize": "600ml",
    "barcode": [
      "9310640620027",
      "9313820045047"
    ],
    "isAvailable": true
  },
  {
    "id": "c3208620p",
    "store": "coles",
    "name": "A Modo Mio Tiny Black Coffee Machine",
    "brand": "Lavazza",
    "price": 39.5,
    "orgPrice": 79,
    "categoryId": "drink",
    "imagePath": "https://shop.coles.com.au/wcsstore/Coles-CAS/images/3/2/0/3208620.jpg",
    "cupPrice": "$39.50 per 1ea",
    "unit": "ea",
    "packageSize": "1 each",
    "barcode": null,
    "isAvailable": true
  },
  {
    "id": "c6344320p-9310021039134",
    "store": "coles",
    "name": "Citrus Green Ice Tea",
    "brand": "Lipton",
    "price": 1.9,
    "orgPrice": 3.8,
    "categoryId": "drink",
    "imagePath": "https://shop.coles.com.au/wcsstore/Coles-CAS/images/6/3/4/6344320.jpg",
    "cupPrice": "$1.27 per 1l",
    "unit": "ea",
    "packageSize": "1.5l",
    "barcode": [
      "9310021039134"
    ],
    "isAvailable": true
  },
  {
    "id": "c6344465p-9310021039189",
    "store": "coles",
    "name": "Lemon Light Ice Tea Drink",
    "brand": "Lipton",
    "price": 1.9,
    "orgPrice": 3.8,
    "categoryId": "drink",
    "imagePath": "https://shop.coles.com.au/wcsstore/Coles-CAS/images/6/3/4/6344465.jpg",
    "cupPrice": "$1.27 per 1l",
    "unit": "ea",
    "packageSize": "1.5l",
    "barcode": [
      "9310021039189"
    ],
    "isAvailable": true
  },
  {
    "id": "c3709750p-9300830053469",
    "store": "coles",
    "name": "Peach & Nectarine Flavour Ice Tea",
    "brand": "Lipton",
    "price": 1.9,
    "orgPrice": 3.8,
    "categoryId": "drink",
    "imagePath": "https://shop.coles.com.au/wcsstore/Coles-CAS/images/3/7/0/3709750.jpg",
    "cupPrice": "$1.27 per 1l",
    "unit": "ea",
    "packageSize": "1.5l",
    "barcode": [
      "9300830053469"
    ],
    "isAvailable": true
  },
  {
    "id": "c3291045p-9310640000959",
    "store": "coles",
    "name": "Raspberry G2 Sports Drink",
    "brand": "Gatorade",
    "price": 1.75,
    "orgPrice": 3.5,
    "categoryId": "drink",
    "imagePath": "https://shop.coles.com.au/wcsstore/Coles-CAS/images/3/2/9/3291045.jpg",
    "cupPrice": "$0.29 per 100ml",
    "unit": "ea",
    "packageSize": "600ml",
    "barcode": [
      "9310640000959",
      "400003396269"
    ],
    "isAvailable": true
  },
  {
    "id": "c3291056p-9310640000935",
    "store": "coles",
    "name": "Glacier Freeze G2 Sports Drink",
    "brand": "Gatorade",
    "price": 1.75,
    "orgPrice": 3.5,
    "categoryId": "drink",
    "imagePath": "https://shop.coles.com.au/wcsstore/Coles-CAS/images/3/2/9/3291056.jpg",
    "cupPrice": "$2.92 per 1l",
    "unit": "ea",
    "packageSize": "600ml",
    "barcode": [
      "9310640000935",
      "400003396276"
    ],
    "isAvailable": true
  },
  {
    "id": "c2898261p-9315991023596",
    "store": "coles",
    "name": "Deli Crisps Original Blend Chips",
    "brand": "Vege",
    "price": 2.75,
    "orgPrice": 5.5,
    "categoryId": "health-beauty",
    "imagePath": "https://shop.coles.com.au/wcsstore/Coles-CAS/images/2/8/9/2898261.jpg",
    "cupPrice": "$2.75 per 100g",
    "unit": "ea",
    "packageSize": "100g",
    "barcode": [
      "9315991023596"
    ],
    "isAvailable": true
  },
  {
    "id": "c2869478p-9311770592475",
    "store": "coles",
    "name": "Odourless High Strength Wild Fish Oil Capsules",
    "brand": "Swisse",
    "price": 17.5,
    "orgPrice": 35,
    "categoryId": "health-beauty",
    "imagePath": "https://shop.coles.com.au/wcsstore/Coles-CAS/images/2/8/6/2869478.jpg",
    "cupPrice": "$0.04 per 1ea",
    "unit": "ea",
    "packageSize": "400 pack",
    "barcode": [
      "9311770592475"
    ],
    "isAvailable": true
  },
  {
    "id": "c9131391p-9311770590006",
    "store": "coles",
    "name": "Ultiboost Magnesium Tablets",
    "brand": "Swisse",
    "price": 17.5,
    "orgPrice": 35,
    "categoryId": "health-beauty",
    "imagePath": "https://shop.coles.com.au/wcsstore/Coles-CAS/images/9/1/3/9131391.jpg",
    "cupPrice": "$14.58 per 100ea",
    "unit": "ea",
    "packageSize": "120 pack",
    "barcode": [
      "9311770590006"
    ],
    "isAvailable": true
  },
  {
    "id": "c3469351p-9311770595582",
    "store": "coles",
    "name": "Ultiboost Magnesium 150mg 200 Tablets",
    "brand": "Swisse",
    "price": 19.5,
    "orgPrice": 39,
    "categoryId": "health-beauty",
    "imagePath": "https://shop.coles.com.au/wcsstore/Coles-CAS/images/3/4/6/3469351.jpg",
    "cupPrice": "$19.50 per 1ea",
    "unit": "ea",
    "packageSize": "1 pack",
    "barcode": [
      "9311770595582"
    ],
    "isAvailable": true
  },
  {
    "id": "c9114268p-9314807025786",
    "store": "coles",
    "name": "Vita Gummies Vitamin C",
    "brand": "Nature's Way",
    "price": 10,
    "orgPrice": 20,
    "categoryId": "health-beauty",
    "imagePath": "https://shop.coles.com.au/wcsstore/Coles-CAS/images/9/1/1/9114268.jpg",
    "cupPrice": "$8.33 per 100ea",
    "unit": "ea",
    "packageSize": "120 pack",
    "barcode": [
      "9314807025786"
    ],
    "isAvailable": true
  },
  {
    "id": "c7514855p-9311770588522",
    "store": "coles",
    "name": "Ultiboost Iron Tablets",
    "brand": "Swisse",
    "price": 5,
    "orgPrice": 10,
    "categoryId": "health-beauty",
    "imagePath": "https://shop.coles.com.au/wcsstore/Coles-CAS/images/7/5/1/7514855.jpg",
    "cupPrice": "$16.67 per 100ea",
    "unit": "ea",
    "packageSize": "30 pack",
    "barcode": [
      "9311770588522"
    ],
    "isAvailable": true
  },
  {
    "id": "c2869456p",
    "store": "coles",
    "name": "High Strength C",
    "brand": "Swisse",
    "price": 20,
    "orgPrice": 40,
    "categoryId": "health-beauty",
    "imagePath": "https://shop.coles.com.au/wcsstore/Coles-CAS/images/2/8/6/2869456.jpg",
    "cupPrice": "$0.13 per 1ea",
    "unit": "ea",
    "packageSize": "150 pack",
    "barcode": null,
    "isAvailable": true
  },
  {
    "id": "c9114075p-9314807025533",
    "store": "coles",
    "name": "Vita Gummies 120 Multivitamins Pastilles",
    "brand": "Nature's Way",
    "price": 10,
    "orgPrice": 20,
    "categoryId": "health-beauty",
    "imagePath": "https://shop.coles.com.au/wcsstore/Coles-CAS/images/9/1/1/9114075.jpg",
    "cupPrice": "$10.00 per 1ea",
    "unit": "ea",
    "packageSize": "1 pack",
    "barcode": [
      "9314807025533"
    ],
    "isAvailable": true
  },
  {
    "id": "c2265775p-9314807046408",
    "store": "coles",
    "name": "Women's Vita Gummies Multivitamins",
    "brand": "Nature's Way",
    "price": 10,
    "orgPrice": 20,
    "categoryId": "health-beauty",
    "imagePath": "https://shop.coles.com.au/wcsstore/Coles-CAS/images/2/2/6/2265775.jpg",
    "cupPrice": "$10.00 per 100ea",
    "unit": "ea",
    "packageSize": "100 pack",
    "barcode": [
      "9314807046408"
    ],
    "isAvailable": true
  },
  {
    "id": "c8099067p-9311770588843",
    "store": "coles",
    "name": "Ultiboost Odourless Wild Fish Oil 1000mg Capsules",
    "brand": "Swisse",
    "price": 14,
    "orgPrice": 28,
    "categoryId": "health-beauty",
    "imagePath": "https://shop.coles.com.au/wcsstore/Coles-CAS/images/8/0/9/8099067.jpg",
    "cupPrice": "$3.50 per 100ea",
    "unit": "ea",
    "packageSize": "400 pack",
    "barcode": [
      "9311770588843"
    ],
    "isAvailable": true
  },
  {
    "id": "c2898283p-9315991023671",
    "store": "coles",
    "name": "Deli Crisps Purple Sweet Potato Chips",
    "brand": "Vege",
    "price": 2.75,
    "orgPrice": 5.5,
    "categoryId": "health-beauty",
    "imagePath": "https://shop.coles.com.au/wcsstore/Coles-CAS/images/2/8/9/2898283.jpg",
    "cupPrice": "$2.75 per 100g",
    "unit": "ea",
    "packageSize": "100g",
    "barcode": [
      "9315991023671"
    ],
    "isAvailable": true
  },
  {
    "id": "c6940778p-9311770587617",
    "store": "coles",
    "name": "Ultiboost Sleep Tablets",
    "brand": "Swisse",
    "price": 11,
    "orgPrice": 22,
    "categoryId": "health-beauty",
    "imagePath": "https://shop.coles.com.au/wcsstore/Coles-CAS/images/6/9/4/6940778.jpg",
    "cupPrice": "$18.33 per 100ea",
    "unit": "ea",
    "packageSize": "60 pack",
    "barcode": [
      "9311770587617"
    ],
    "isAvailable": true
  },
  {
    "id": "c2492198p-9315991023633",
    "store": "coles",
    "name": "Deli Crisps Lentil Lightly Salted Chips",
    "brand": "Vege",
    "price": 2.75,
    "orgPrice": 5.5,
    "categoryId": "health-beauty",
    "imagePath": "https://shop.coles.com.au/wcsstore/Coles-CAS/images/2/4/9/2492198.jpg",
    "cupPrice": "$2.75 per 100g",
    "unit": "ea",
    "packageSize": "100g",
    "barcode": [
      "9315991023633"
    ],
    "isAvailable": true
  },
  {
    "id": "c2564415p-9314807052003",
    "store": "coles",
    "name": "Vita Gummies Hair- Skin & Nails",
    "brand": "Nature's Way",
    "price": 10,
    "orgPrice": 20,
    "categoryId": "health-beauty",
    "imagePath": "https://shop.coles.com.au/wcsstore/Coles-CAS/images/2/5/6/2564415.jpg",
    "cupPrice": "$16.67 per 100ea",
    "unit": "ea",
    "packageSize": "60 pack",
    "barcode": [
      "9314807052003"
    ],
    "isAvailable": true
  },
  {
    "id": "c2868817p-9311770597500",
    "store": "coles",
    "name": "Ultiboost Glucosamine Sulfate Tablets",
    "brand": "Swisse",
    "price": 21,
    "orgPrice": 42,
    "categoryId": "health-beauty",
    "imagePath": "https://shop.coles.com.au/wcsstore/Coles-CAS/images/2/8/6/2868817.jpg",
    "cupPrice": "$0.12 per 1ea",
    "unit": "ea",
    "packageSize": "180 pack",
    "barcode": [
      "9311770597500"
    ],
    "isAvailable": true
  },
  {
    "id": "c9676010p-9314807060770",
    "store": "coles",
    "name": "Slim Right Chocolate Weight Loss Powder",
    "brand": "Nature's Way",
    "price": 7.25,
    "orgPrice": 14.5,
    "categoryId": "health-beauty",
    "imagePath": "https://shop.coles.com.au/wcsstore/Coles-CAS/images/9/6/7/9676010.jpg",
    "cupPrice": "$1.93 per 100g",
    "unit": "ea",
    "packageSize": "375g",
    "barcode": [
      "9314807060770",
      "9314807008147"
    ],
    "isAvailable": true
  },
  {
    "id": "c7514866p-9311770588492",
    "store": "coles",
    "name": "Ultiboost Vitamin D Capsules",
    "brand": "Swisse",
    "price": 5.5,
    "orgPrice": 11,
    "categoryId": "health-beauty",
    "imagePath": "https://shop.coles.com.au/wcsstore/Coles-CAS/images/7/5/1/7514866.jpg",
    "cupPrice": "$9.17 per 100ea",
    "unit": "ea",
    "packageSize": "60 pack",
    "barcode": [
      "9311770588492"
    ],
    "isAvailable": true
  },
  {
    "id": "c7514979p-9311770588584",
    "store": "coles",
    "name": "Ultiboost Liver Detox Tablets",
    "brand": "Swisse",
    "price": 10.6,
    "orgPrice": 21.2,
    "categoryId": "health-beauty",
    "imagePath": "https://shop.coles.com.au/wcsstore/Coles-CAS/images/7/5/1/7514979.jpg",
    "cupPrice": "$17.67 per 100ea",
    "unit": "ea",
    "packageSize": "60 pack",
    "barcode": [
      "9311770588584"
    ],
    "isAvailable": true
  },
  {
    "id": "c1216253p-9314807069193",
    "store": "coles",
    "name": "Vita Gummies Daily Fibre Vitamins",
    "brand": "Nature's Way",
    "price": 10,
    "orgPrice": 20,
    "categoryId": "health-beauty",
    "imagePath": "https://shop.coles.com.au/wcsstore/Coles-CAS/images/1/2/1/1216253.jpg",
    "cupPrice": "$9.09 per 100ea",
    "unit": "ea",
    "packageSize": "110 pack",
    "barcode": [
      "9314807069193",
      "9314807025762"
    ],
    "isAvailable": true
  },
  {
    "id": "c2897327p-9314807059361",
    "store": "coles",
    "name": "Adults Vita Gummies Magnesium",
    "brand": "Nature's Way",
    "price": 10,
    "orgPrice": 20,
    "categoryId": "health-beauty",
    "imagePath": "https://shop.coles.com.au/wcsstore/Coles-CAS/images/2/8/9/2897327.jpg",
    "cupPrice": "$12.50 per 100ea",
    "unit": "ea",
    "packageSize": "80 pack",
    "barcode": [
      "9314807059361"
    ],
    "isAvailable": true
  },
  {
    "id": "c3453260p-9314807066239",
    "store": "coles",
    "name": "Adult Vita Gummie Immune Support Tablets",
    "brand": "Nature's Way",
    "price": 10,
    "orgPrice": 20,
    "categoryId": "health-beauty",
    "imagePath": "https://shop.coles.com.au/wcsstore/Coles-CAS/images/3/4/5/3453260.jpg",
    "cupPrice": "$0.15 per 1ea",
    "unit": "ea",
    "packageSize": "65 pack",
    "barcode": [
      "9314807066239"
    ],
    "isAvailable": true
  },
  {
    "id": "c6279818p-9311770587259",
    "store": "coles",
    "name": "Ultivite Women's 50+ Multi Vitamins",
    "brand": "Swisse",
    "price": 18,
    "orgPrice": 36,
    "categoryId": "health-beauty",
    "imagePath": "https://shop.coles.com.au/wcsstore/Coles-CAS/images/6/2/7/6279818.jpg",
    "cupPrice": "$30.00 per 100ea",
    "unit": "ea",
    "packageSize": "60 pack",
    "barcode": [
      "9311770587259"
    ],
    "isAvailable": true
  },
  {
    "id": "c6280464p-93388139",
    "store": "coles",
    "name": "Men's Ultivite Multi Vitamin Tablets",
    "brand": "Swisse",
    "price": 14.5,
    "orgPrice": 29,
    "categoryId": "health-beauty",
    "imagePath": "https://shop.coles.com.au/wcsstore/Coles-CAS/images/6/2/8/6280464.jpg",
    "cupPrice": "$24.17 per 100ea",
    "unit": "ea",
    "packageSize": "60 pack",
    "barcode": [
      "93388139"
    ],
    "isAvailable": true
  },
  {
    "id": "c9120329p-9311770589666",
    "store": "coles",
    "name": "Ultiboost Zinc+ Tablets",
    "brand": "Swisse",
    "price": 8.1,
    "orgPrice": 16.2,
    "categoryId": "health-beauty",
    "imagePath": "https://shop.coles.com.au/wcsstore/Coles-CAS/images/9/1/2/9120329.jpg",
    "cupPrice": "$13.50 per 100ea",
    "unit": "ea",
    "packageSize": "60 pack",
    "barcode": [
      "9311770589666"
    ],
    "isAvailable": true
  },
  {
    "id": "c1281437p-9311770593199",
    "store": "coles",
    "name": "Ultiboost Relax & Sleep 60 Tablets",
    "brand": "Swisse",
    "price": 16,
    "orgPrice": 32,
    "categoryId": "health-beauty",
    "imagePath": "https://shop.coles.com.au/wcsstore/Coles-CAS/images/1/2/8/1281437.jpg",
    "cupPrice": "$16.00 per 1ea",
    "unit": "ea",
    "packageSize": "1 pack",
    "barcode": [
      "9311770593199"
    ],
    "isAvailable": true
  },
  {
    "id": "c2492212p-9315991023619",
    "store": "coles",
    "name": "Deli Crisps Turmeric & Cheese Chips",
    "brand": "Vege",
    "price": 2.75,
    "orgPrice": 5.5,
    "categoryId": "health-beauty",
    "imagePath": "https://shop.coles.com.au/wcsstore/Coles-CAS/images/2/4/9/2492212.jpg",
    "cupPrice": "$2.75 per 100g",
    "unit": "ea",
    "packageSize": "100g",
    "barcode": [
      "9315991023619"
    ],
    "isAvailable": true
  },
  {
    "id": "c7514902p-9311770588508",
    "store": "coles",
    "name": "Ultiboost Magnesium Tablets",
    "brand": "Swisse",
    "price": 10.5,
    "orgPrice": 21,
    "categoryId": "health-beauty",
    "imagePath": "https://shop.coles.com.au/wcsstore/Coles-CAS/images/7/5/1/7514902.jpg",
    "cupPrice": "$17.50 per 100ea",
    "unit": "ea",
    "packageSize": "60 pack",
    "barcode": [
      "9311770588508"
    ],
    "isAvailable": true
  },
  {
    "id": "c6280475p-93454117",
    "store": "coles",
    "name": "Ultivite Women's Formula 1 Multi Vitamins",
    "brand": "Swisse",
    "price": 14.5,
    "orgPrice": 29,
    "categoryId": "health-beauty",
    "imagePath": "https://shop.coles.com.au/wcsstore/Coles-CAS/images/6/2/8/6280475.jpg",
    "cupPrice": "$24.17 per 100ea",
    "unit": "ea",
    "packageSize": "60 pack",
    "barcode": [
      "93454117"
    ],
    "isAvailable": true
  },
  {
    "id": "c4173135p-9314807009427",
    "store": "coles",
    "name": "Slim Right Vanilla Weight Loss Powder",
    "brand": "Nature's Way",
    "price": 7.25,
    "orgPrice": 14.5,
    "categoryId": "health-beauty",
    "imagePath": "https://shop.coles.com.au/wcsstore/Coles-CAS/images/4/1/7/4173135.jpg",
    "cupPrice": "$1.93 per 100g",
    "unit": "ea",
    "packageSize": "375g",
    "barcode": [
      "9314807009427",
      "400003456598",
      "9314807060763"
    ],
    "isAvailable": true
  },
  {
    "id": "c9925861p-9314807026981",
    "store": "coles",
    "name": "Vita Gummies Vitamin D3 1000iu",
    "brand": "Nature's Way",
    "price": 10.5,
    "orgPrice": 21,
    "categoryId": "health-beauty",
    "imagePath": "https://shop.coles.com.au/wcsstore/Coles-CAS/images/9/9/2/9925861.jpg",
    "cupPrice": "$8.75 per 100ea",
    "unit": "ea",
    "packageSize": "120 pack",
    "barcode": [
      "9314807026981"
    ],
    "isAvailable": true
  },
  {
    "id": "c2265764p-9314807046392",
    "store": "coles",
    "name": "Men's Vita Gummies Multivitamins",
    "brand": "Nature's Way",
    "price": 10,
    "orgPrice": 20,
    "categoryId": "health-beauty",
    "imagePath": "https://shop.coles.com.au/wcsstore/Coles-CAS/images/2/2/6/2265764.jpg",
    "cupPrice": "$10.00 per 100ea",
    "unit": "ea",
    "packageSize": "100 pack",
    "barcode": [
      "9314807046392"
    ],
    "isAvailable": true
  },
  {
    "id": "c7514786p-9311770588515",
    "store": "coles",
    "name": "Ultiboost Calcium + Vitamin D Tablets",
    "brand": "Swisse",
    "price": 8,
    "orgPrice": 16,
    "categoryId": "health-beauty",
    "imagePath": "https://shop.coles.com.au/wcsstore/Coles-CAS/images/7/5/1/7514786.jpg",
    "cupPrice": "$8.89 per 100ea",
    "unit": "ea",
    "packageSize": "90 pack",
    "barcode": [
      "9311770588515",
      "9311770589888"
    ],
    "isAvailable": true
  },
  {
    "id": "c9114086p-9314807025779",
    "store": "coles",
    "name": "Vita Gummies Omega 3",
    "brand": "Nature's Way",
    "price": 10,
    "orgPrice": 20,
    "categoryId": "health-beauty",
    "imagePath": "https://shop.coles.com.au/wcsstore/Coles-CAS/images/9/1/1/9114086.jpg",
    "cupPrice": "$9.09 per 100ea",
    "unit": "ea",
    "packageSize": "110 pack",
    "barcode": [
      "9314807025779",
      "9314807066703"
    ],
    "isAvailable": true
  },
  {
    "id": "c3469260p-93555166",
    "store": "coles",
    "name": "Ultibiotic Daily Digestive Probiotic 30 Capsules",
    "brand": "Swisse",
    "price": 16,
    "orgPrice": 32,
    "categoryId": "health-beauty",
    "imagePath": "https://shop.coles.com.au/wcsstore/Coles-CAS/images/3/4/6/3469260.jpg",
    "cupPrice": "$16.00 per 1ea",
    "unit": "ea",
    "packageSize": "1 pack",
    "barcode": [
      "93555166"
    ],
    "isAvailable": true
  },
  {
    "id": "c3453250p-9314807066222",
    "store": "coles",
    "name": "Adult Vita Gummies Calcium + Vitamin D Tablets",
    "brand": "Nature's Way",
    "price": 10,
    "orgPrice": 20,
    "categoryId": "health-beauty",
    "imagePath": "https://shop.coles.com.au/wcsstore/Coles-CAS/images/3/4/5/3453250.jpg",
    "cupPrice": "$0.15 per 1ea",
    "unit": "ea",
    "packageSize": "65 pack",
    "barcode": [
      "9314807066222"
    ],
    "isAvailable": true
  },
  {
    "id": "c1783694p-9311770595834",
    "store": "coles",
    "name": "Ultiboost Magnesium Calcium + D3 120 Tablets",
    "brand": "Swisse",
    "price": 12.5,
    "orgPrice": 25,
    "categoryId": "health-beauty",
    "imagePath": "https://shop.coles.com.au/wcsstore/Coles-CAS/images/1/7/8/1783694.jpg",
    "cupPrice": "$12.50 per 1ea",
    "unit": "ea",
    "packageSize": "1 pack",
    "barcode": [
      "9311770595834"
    ],
    "isAvailable": true
  },
  {
    "id": "c3468869p-93554701",
    "store": "coles",
    "name": "Ultinatal Pre-conception & Pregnancy Multivitamin 60 Capsules",
    "brand": "Swisse",
    "price": 14.5,
    "orgPrice": 29,
    "categoryId": "health-beauty",
    "imagePath": "https://shop.coles.com.au/wcsstore/Coles-CAS/images/3/4/6/3468869.jpg",
    "cupPrice": "$14.50 per 1ea",
    "unit": "ea",
    "packageSize": "1 pack",
    "barcode": [
      "93554701"
    ],
    "isAvailable": true
  },
  {
    "id": "c6279807p-9311770587266",
    "store": "coles",
    "name": "Men's Ultivite 50+ Multi Vitamin 60 Tablets",
    "brand": "Swisse",
    "price": 18,
    "orgPrice": 36,
    "categoryId": "health-beauty",
    "imagePath": "https://shop.coles.com.au/wcsstore/Coles-CAS/images/6/2/7/6279807.jpg",
    "cupPrice": "$18.00 per 1ea",
    "unit": "ea",
    "packageSize": "1 pack",
    "barcode": [
      "9311770587266"
    ],
    "isAvailable": true
  },
  {
    "id": "c9676031p-9314807060787",
    "store": "coles",
    "name": "Slim Right Strawberry Weight Loss Drink Powder",
    "brand": "Nature's Way",
    "price": 7.25,
    "orgPrice": 14.5,
    "categoryId": "health-beauty",
    "imagePath": "https://shop.coles.com.au/wcsstore/Coles-CAS/images/9/6/7/9676031.jpg",
    "cupPrice": "$1.93 per 100g",
    "unit": "ea",
    "packageSize": "375g",
    "barcode": [
      "9314807060787",
      "400003456604",
      "9314807008154"
    ],
    "isAvailable": true
  },
  {
    "id": "c3127711p-9315991023794",
    "store": "coles",
    "name": "Deli Crisps Lentil Sriracha Chips",
    "brand": "Vege",
    "price": 2.75,
    "orgPrice": 5.5,
    "categoryId": "health-beauty",
    "imagePath": "https://shop.coles.com.au/wcsstore/Coles-CAS/images/3/1/2/3127711.jpg",
    "cupPrice": "$2.75 per 100g",
    "unit": "ea",
    "packageSize": "100g",
    "barcode": [
      "9315991023794"
    ],
    "isAvailable": true
  },
  {
    "id": "c3287434p",
    "store": "coles",
    "name": "Men's Ultivite Multivitamin",
    "brand": "Swisse",
    "price": 10,
    "orgPrice": 20,
    "categoryId": "health-beauty",
    "imagePath": "https://shop.coles.com.au/wcsstore/Coles-CAS/images/3/2/8/3287434.jpg",
    "cupPrice": "$0.33 per 1ea",
    "unit": "ea",
    "packageSize": "30 pack",
    "barcode": null,
    "isAvailable": true
  },
  {
    "id": "c3779767p-9310140010724",
    "store": "coles",
    "name": "Brown Rice Chips Sea Salt",
    "brand": "Sunrice",
    "price": 2.5,
    "orgPrice": 5,
    "categoryId": "health-beauty",
    "imagePath": "https://shop.coles.com.au/wcsstore/Coles-CAS/images/3/7/7/3779767.jpg",
    "cupPrice": "$1.67 per 100g",
    "unit": "ea",
    "packageSize": "150g",
    "barcode": [
      "9310140010724"
    ],
    "isAvailable": true
  },
  {
    "id": "c3287456p",
    "store": "coles",
    "name": "Women's Ultivite Multivitamin 30 Tablets",
    "brand": "Swisse",
    "price": 10,
    "orgPrice": 20,
    "categoryId": "health-beauty",
    "imagePath": "https://shop.coles.com.au/wcsstore/Coles-CAS/images/3/2/8/3287456.jpg",
    "cupPrice": "$10.00 per 1ea",
    "unit": "ea",
    "packageSize": "1 pack",
    "barcode": null,
    "isAvailable": true
  },
  {
    "id": "c3469330p-9311770601719",
    "store": "coles",
    "name": "Ultiboost High Strength  Co-Enzyme Q10 300mg 90 Capsules",
    "brand": "Swisse",
    "price": 25,
    "orgPrice": 50,
    "categoryId": "health-beauty",
    "imagePath": "https://shop.coles.com.au/wcsstore/Coles-CAS/images/3/4/6/3469330.jpg",
    "cupPrice": "$25.00 per 1ea",
    "unit": "ea",
    "packageSize": "1 pack",
    "barcode": [
      "9311770601719"
    ],
    "isAvailable": true
  },
  {
    "id": "c3468870p-9311770601788",
    "store": "coles",
    "name": "Ultinatal Breastfeeding Support Tablets",
    "brand": "Swisse",
    "price": 14.5,
    "orgPrice": 29,
    "categoryId": "health-beauty",
    "imagePath": "https://shop.coles.com.au/wcsstore/Coles-CAS/images/3/4/6/3468870.jpg",
    "cupPrice": "$0.16 per 1ea",
    "unit": "ea",
    "packageSize": "90 pack",
    "barcode": [
      "9311770601788"
    ],
    "isAvailable": true
  },
  {
    "id": "c3779789p-9310140010731",
    "store": "coles",
    "name": "Brown Rice Chips Wild Rice",
    "brand": "Sunrice",
    "price": 2.5,
    "orgPrice": 5,
    "categoryId": "health-beauty",
    "imagePath": "https://shop.coles.com.au/wcsstore/Coles-CAS/images/3/7/7/3779789.jpg",
    "cupPrice": "$1.67 per 100g",
    "unit": "ea",
    "packageSize": "150g",
    "barcode": [
      "9310140010731"
    ],
    "isAvailable": true
  },
  {
    "id": "c2911745p-9311770591676",
    "store": "coles",
    "name": "Ultiboost Mega B + Tablets",
    "brand": "Swisse",
    "price": 21,
    "orgPrice": 42,
    "categoryId": "health-beauty",
    "imagePath": "https://shop.coles.com.au/wcsstore/Coles-CAS/images/2/9/1/2911745.jpg",
    "cupPrice": "$35.00 per 100ea",
    "unit": "ea",
    "packageSize": "60 pack",
    "barcode": [
      "9311770591676"
    ],
    "isAvailable": true
  },
  {
    "id": "c3479570p-9311770602938",
    "store": "coles",
    "name": "Ultiboost Lemon & Honey Magnesium + Sleep Powder",
    "brand": "Swisse",
    "price": 20,
    "orgPrice": 40,
    "categoryId": "health-beauty",
    "imagePath": "https://shop.coles.com.au/wcsstore/Coles-CAS/images/3/4/7/3479570.jpg",
    "cupPrice": "$11.11 per 100g",
    "unit": "ea",
    "packageSize": "180g",
    "barcode": [
      "9311770602938"
    ],
    "isAvailable": true
  },
  {
    "id": "c7588159p-9314807022778",
    "store": "coles",
    "name": "Protein Figure Vanilla Powder",
    "brand": "Nature's Way",
    "price": 13,
    "orgPrice": 26,
    "categoryId": "health-beauty",
    "imagePath": "https://shop.coles.com.au/wcsstore/Coles-CAS/images/7/5/8/7588159.jpg",
    "cupPrice": "$3.25 per 100g",
    "unit": "ea",
    "packageSize": "400g",
    "barcode": [
      "9314807022778"
    ],
    "isAvailable": true
  },
  {
    "id": "c3516848p-9327693000485",
    "store": "coles",
    "name": "Signature Cleansing Hand Wash",
    "brand": "Sukin",
    "price": 8.97,
    "orgPrice": 17.95,
    "categoryId": "health-beauty",
    "imagePath": "https://shop.coles.com.au/wcsstore/Coles-CAS/images/3/5/1/3516848.jpg",
    "cupPrice": "$8.97 per 1l",
    "unit": "ea",
    "packageSize": "1l",
    "barcode": [
      "9327693000485"
    ],
    "isAvailable": true
  },
  {
    "id": "c3516724p-9327693000140",
    "store": "coles",
    "name": "Signature Cleansing Hand Wash",
    "brand": "Sukin",
    "price": 4.97,
    "orgPrice": 9.95,
    "categoryId": "health-beauty",
    "imagePath": "https://shop.coles.com.au/wcsstore/Coles-CAS/images/3/5/1/3516724.jpg",
    "cupPrice": "$0.99 per 100ml",
    "unit": "ea",
    "packageSize": "500ml",
    "barcode": [
      "9327693000140",
      "9327693007170"
    ],
    "isAvailable": true
  },
  {
    "id": "c6811527p-9325344001751",
    "store": "coles",
    "name": "Ultra Thin with Wings Regular Pads",
    "brand": "Libra",
    "price": 2.1,
    "orgPrice": null,
    "categoryId": "health-beauty",
    "imagePath": "https://shop.coles.com.au/wcsstore/Coles-CAS/images/6/8/1/6811527.jpg",
    "cupPrice": "$0.15 per 1ea",
    "unit": "ea",
    "packageSize": "14 pack",
    "barcode": [
      "9325344001751",
      "9310004342312"
    ],
    "isAvailable": true
  },
  {
    "id": "c6913742p-4902430734936",
    "store": "coles",
    "name": "Regenerist Advanced Anti-Ageing Micro-Sculpting Face Cream",
    "brand": "Olay",
    "price": 24.5,
    "orgPrice": 49,
    "categoryId": "health-beauty",
    "imagePath": "https://shop.coles.com.au/wcsstore/Coles-CAS/images/6/9/1/6913742.jpg",
    "cupPrice": "$49.00 per 100g",
    "unit": "ea",
    "packageSize": "50g",
    "barcode": [
      "4902430734936",
      "75609019326",
      "075609019326",
      "4902430367042"
    ],
    "isAvailable": true
  },
  {
    "id": "c2869478p-9311770592475",
    "store": "coles",
    "name": "Odourless High Strength Wild Fish Oil Capsules",
    "brand": "Swisse",
    "price": 17.5,
    "orgPrice": 35,
    "categoryId": "health-beauty",
    "imagePath": "https://shop.coles.com.au/wcsstore/Coles-CAS/images/2/8/6/2869478.jpg",
    "cupPrice": "$0.04 per 1ea",
    "unit": "ea",
    "packageSize": "400 pack",
    "barcode": [
      "9311770592475"
    ],
    "isAvailable": true
  },
  {
    "id": "c5531401p-9310004342268",
    "store": "coles",
    "name": "Goodnights Extra Long with Wings Pads",
    "brand": "Libra",
    "price": 2.1,
    "orgPrice": null,
    "categoryId": "health-beauty",
    "imagePath": "https://shop.coles.com.au/wcsstore/Coles-CAS/images/5/5/3/5531401.jpg",
    "cupPrice": "$0.21 per 1ea",
    "unit": "ea",
    "packageSize": "10 pack",
    "barcode": [
      "9310004342268",
      "9325344001690"
    ],
    "isAvailable": true
  },
  {
    "id": "c9131391p-9311770590006",
    "store": "coles",
    "name": "Ultiboost Magnesium Tablets",
    "brand": "Swisse",
    "price": 17.5,
    "orgPrice": 35,
    "categoryId": "health-beauty",
    "imagePath": "https://shop.coles.com.au/wcsstore/Coles-CAS/images/9/1/3/9131391.jpg",
    "cupPrice": "$14.58 per 100ea",
    "unit": "ea",
    "packageSize": "120 pack",
    "barcode": [
      "9311770590006"
    ],
    "isAvailable": true
  },
  {
    "id": "c1651354p-4902430558730",
    "store": "coles",
    "name": "Regenerist Micro-Sculpting Night Face Cream Moisturiser",
    "brand": "Olay",
    "price": 24.5,
    "orgPrice": 49,
    "categoryId": "health-beauty",
    "imagePath": "https://shop.coles.com.au/wcsstore/Coles-CAS/images/1/6/5/1651354.jpg",
    "cupPrice": "$49.00 per 100g",
    "unit": "ea",
    "packageSize": "50g",
    "barcode": [
      "4902430558730",
      "4902430735087",
      "4902430585538"
    ],
    "isAvailable": true
  },
  {
    "id": "c3469351p-9311770595582",
    "store": "coles",
    "name": "Ultiboost Magnesium 150mg 200 Tablets",
    "brand": "Swisse",
    "price": 19.5,
    "orgPrice": 39,
    "categoryId": "health-beauty",
    "imagePath": "https://shop.coles.com.au/wcsstore/Coles-CAS/images/3/4/6/3469351.jpg",
    "cupPrice": "$19.50 per 1ea",
    "unit": "ea",
    "packageSize": "1 pack",
    "barcode": [
      "9311770595582"
    ],
    "isAvailable": true
  },
  {
    "id": "c4920339p-5011451103979",
    "store": "coles",
    "name": "Cleansing Facial Wipes",
    "brand": "Simple",
    "price": 3.75,
    "orgPrice": 7.5,
    "categoryId": "health-beauty",
    "imagePath": "https://shop.coles.com.au/wcsstore/Coles-CAS/images/4/9/2/4920339.jpg",
    "cupPrice": "$0.15 per 1ea",
    "unit": "ea",
    "packageSize": "25 pack",
    "barcode": [
      "5011451103979"
    ],
    "isAvailable": true
  },
  {
    "id": "c6889761p-4902430359818",
    "store": "coles",
    "name": "Total Effects 7 in One Touch of Foundation BB Crème Face Cream SPF 15",
    "brand": "Olay",
    "price": 16.75,
    "orgPrice": 33.5,
    "categoryId": "health-beauty",
    "imagePath": "https://shop.coles.com.au/wcsstore/Coles-CAS/images/6/8/8/6889761.jpg",
    "cupPrice": "$33.50 per 100g",
    "unit": "ea",
    "packageSize": "50g",
    "barcode": [
      "4902430359818",
      "4902430182003"
    ],
    "isAvailable": true
  },
  {
    "id": "c9114268p-9314807025786",
    "store": "coles",
    "name": "Vita Gummies Vitamin C",
    "brand": "Nature's Way",
    "price": 10,
    "orgPrice": 20,
    "categoryId": "health-beauty",
    "imagePath": "https://shop.coles.com.au/wcsstore/Coles-CAS/images/9/1/1/9114268.jpg",
    "cupPrice": "$8.33 per 100ea",
    "unit": "ea",
    "packageSize": "120 pack",
    "barcode": [
      "9314807025786"
    ],
    "isAvailable": true
  },
  {
    "id": "c3552149p-9327693008436",
    "store": "coles",
    "name": "Lime & Coconut Cleansing Hand Wash",
    "brand": "Sukin",
    "price": 4.97,
    "orgPrice": 9.95,
    "categoryId": "health-beauty",
    "imagePath": "https://shop.coles.com.au/wcsstore/Coles-CAS/images/3/5/5/3552149.jpg",
    "cupPrice": "$0.99 per 100ml",
    "unit": "ea",
    "packageSize": "500ml",
    "barcode": [
      "9327693008436",
      "9327693008412"
    ],
    "isAvailable": true
  },
  {
    "id": "c7514855p-9311770588522",
    "store": "coles",
    "name": "Ultiboost Iron Tablets",
    "brand": "Swisse",
    "price": 5,
    "orgPrice": 10,
    "categoryId": "health-beauty",
    "imagePath": "https://shop.coles.com.au/wcsstore/Coles-CAS/images/7/5/1/7514855.jpg",
    "cupPrice": "$16.67 per 100ea",
    "unit": "ea",
    "packageSize": "30 pack",
    "barcode": [
      "9311770588522"
    ],
    "isAvailable": true
  },
  {
    "id": "c6685987p-9325344001232",
    "store": "coles",
    "name": "Maternity Extra Long with Wings Pads",
    "brand": "Libra",
    "price": 2.1,
    "orgPrice": null,
    "categoryId": "health-beauty",
    "imagePath": "https://shop.coles.com.au/wcsstore/Coles-CAS/images/6/6/8/6685987.jpg",
    "cupPrice": "$0.21 per 1ea",
    "unit": "ea",
    "packageSize": "10 pack",
    "barcode": [
      "9325344001232"
    ],
    "isAvailable": true
  },
  {
    "id": "c5998138p-4902430360111",
    "store": "coles",
    "name": "Total Effects 7 In One Normal Day Face Cream SPF 15",
    "brand": "Olay",
    "price": 16.75,
    "orgPrice": 33.5,
    "categoryId": "health-beauty",
    "imagePath": "https://shop.coles.com.au/wcsstore/Coles-CAS/images/5/9/9/5998138.jpg",
    "cupPrice": "$33.50 per 100g",
    "unit": "ea",
    "packageSize": "50g",
    "barcode": [
      "4902430360111",
      "4902430051231"
    ],
    "isAvailable": true
  },
  {
    "id": "c2350273p-4902430644266",
    "store": "coles",
    "name": "Clean & Balanced Shampoo",
    "brand": "Head & Shoulders",
    "price": 6,
    "orgPrice": 12,
    "categoryId": "health-beauty",
    "imagePath": "https://shop.coles.com.au/wcsstore/Coles-CAS/images/2/3/5/2350273.jpg",
    "cupPrice": "$0.97 per 100ml",
    "unit": "ea",
    "packageSize": "620ml",
    "barcode": [
      "4902430644266"
    ],
    "isAvailable": true
  },
  {
    "id": "c2869456p",
    "store": "coles",
    "name": "High Strength C",
    "brand": "Swisse",
    "price": 20,
    "orgPrice": 40,
    "categoryId": "health-beauty",
    "imagePath": "https://shop.coles.com.au/wcsstore/Coles-CAS/images/2/8/6/2869456.jpg",
    "cupPrice": "$0.13 per 1ea",
    "unit": "ea",
    "packageSize": "150 pack",
    "barcode": null,
    "isAvailable": true
  },
  {
    "id": "c2994050p-9327693000225",
    "store": "coles",
    "name": "Signature Botanical Body Wash",
    "brand": "Sukin",
    "price": 8.97,
    "orgPrice": 17.95,
    "categoryId": "health-beauty",
    "imagePath": "https://shop.coles.com.au/wcsstore/Coles-CAS/images/2/9/9/2994050.jpg",
    "cupPrice": "$8.97 per 1l",
    "unit": "ea",
    "packageSize": "1l",
    "barcode": [
      "9327693000225"
    ],
    "isAvailable": true
  },
  {
    "id": "c69696p-9300618553105",
    "store": "coles",
    "name": "Moisturising Cream",
    "brand": "Olay",
    "price": 6.5,
    "orgPrice": 13,
    "categoryId": "health-beauty",
    "imagePath": "https://shop.coles.com.au/wcsstore/Coles-CAS/images/6/9/6/69696.jpg",
    "cupPrice": "$6.50 per 100g",
    "unit": "ea",
    "packageSize": "100g",
    "barcode": [
      "9300618553105"
    ],
    "isAvailable": true
  },
  {
    "id": "c9114075p-9314807025533",
    "store": "coles",
    "name": "Vita Gummies 120 Multivitamins Pastilles",
    "brand": "Nature's Way",
    "price": 10,
    "orgPrice": 20,
    "categoryId": "health-beauty",
    "imagePath": "https://shop.coles.com.au/wcsstore/Coles-CAS/images/9/1/1/9114075.jpg",
    "cupPrice": "$10.00 per 1ea",
    "unit": "ea",
    "packageSize": "1 pack",
    "barcode": [
      "9314807025533"
    ],
    "isAvailable": true
  },
  {
    "id": "c9114235p-5012254050132",
    "store": "coles",
    "name": "Blemish Control Apricot Scrub",
    "brand": "St Ives",
    "price": 5,
    "orgPrice": 10,
    "categoryId": "health-beauty",
    "imagePath": "https://shop.coles.com.au/wcsstore/Coles-CAS/images/9/1/1/9114235.jpg",
    "cupPrice": "$3.33 per 100ml",
    "unit": "ea",
    "packageSize": "150ml",
    "barcode": [
      "5012254050132"
    ],
    "isAvailable": true
  },
  {
    "id": "c2265775p-9314807046408",
    "store": "coles",
    "name": "Women's Vita Gummies Multivitamins",
    "brand": "Nature's Way",
    "price": 10,
    "orgPrice": 20,
    "categoryId": "health-beauty",
    "imagePath": "https://shop.coles.com.au/wcsstore/Coles-CAS/images/2/2/6/2265775.jpg",
    "cupPrice": "$10.00 per 100ea",
    "unit": "ea",
    "packageSize": "100 pack",
    "barcode": [
      "9314807046408"
    ],
    "isAvailable": true
  },
  {
    "id": "c2686026p-9325344002802",
    "store": "coles",
    "name": "Ultra Thins Regular Pads",
    "brand": "Libra",
    "price": 2.1,
    "orgPrice": null,
    "categoryId": "health-beauty",
    "imagePath": "https://shop.coles.com.au/wcsstore/Coles-CAS/images/2/6/8/2686026.jpg",
    "cupPrice": "$0.15 per 1ea",
    "unit": "ea",
    "packageSize": "14 pack",
    "barcode": [
      "9325344002802"
    ],
    "isAvailable": true
  },
  {
    "id": "c8099067p-9311770588843",
    "store": "coles",
    "name": "Ultiboost Odourless Wild Fish Oil 1000mg Capsules",
    "brand": "Swisse",
    "price": 14,
    "orgPrice": 28,
    "categoryId": "health-beauty",
    "imagePath": "https://shop.coles.com.au/wcsstore/Coles-CAS/images/8/0/9/8099067.jpg",
    "cupPrice": "$3.50 per 100ea",
    "unit": "ea",
    "packageSize": "400 pack",
    "barcode": [
      "9311770588843"
    ],
    "isAvailable": true
  },
  {
    "id": "c8146305p-9325344000082",
    "store": "coles",
    "name": "Girl Regular Pads With Wings",
    "brand": "Libra",
    "price": 2.1,
    "orgPrice": null,
    "categoryId": "health-beauty",
    "imagePath": "https://shop.coles.com.au/wcsstore/Coles-CAS/images/8/1/4/8146305.jpg",
    "cupPrice": "$0.18 per 1ea",
    "unit": "ea",
    "packageSize": "12 pack",
    "barcode": [
      "9325344000082"
    ],
    "isAvailable": true
  },
  {
    "id": "c6940778p-9311770587617",
    "store": "coles",
    "name": "Ultiboost Sleep Tablets",
    "brand": "Swisse",
    "price": 11,
    "orgPrice": 22,
    "categoryId": "health-beauty",
    "imagePath": "https://shop.coles.com.au/wcsstore/Coles-CAS/images/6/9/4/6940778.jpg",
    "cupPrice": "$18.33 per 100ea",
    "unit": "ea",
    "packageSize": "60 pack",
    "barcode": [
      "9311770587617"
    ],
    "isAvailable": true
  },
  {
    "id": "c6811505p-9310004342329",
    "store": "coles",
    "name": "Ultra Thins Super with Wings Pads",
    "brand": "Libra",
    "price": 2.1,
    "orgPrice": null,
    "categoryId": "health-beauty",
    "imagePath": "https://shop.coles.com.au/wcsstore/Coles-CAS/images/6/8/1/6811505.jpg",
    "cupPrice": "$0.18 per 1ea",
    "unit": "ea",
    "packageSize": "12 pack",
    "barcode": [
      "9310004342329",
      "9325344001768"
    ],
    "isAvailable": true
  },
  {
    "id": "c4919930p-400001240717",
    "store": "coles",
    "name": "Regenerist Advanced Anti-Ageing Revitalising Night Face Cream",
    "brand": "Olay",
    "price": 16.75,
    "orgPrice": 33.5,
    "categoryId": "health-beauty",
    "imagePath": "https://shop.coles.com.au/wcsstore/Coles-CAS/images/4/9/1/4919930.jpg",
    "cupPrice": "$33.50 per 100g",
    "unit": "ea",
    "packageSize": "50g",
    "barcode": [
      "400001240717",
      "4902430937009",
      "4902430735001",
      "4902430433617"
    ],
    "isAvailable": true
  },
  {
    "id": "c1168762p-4902430469852",
    "store": "coles",
    "name": "Regenerist Advanced Anti-Ageing Micro-Sculpting UV Day Face Cream SPF 30",
    "brand": "Olay",
    "price": 24.5,
    "orgPrice": 49,
    "categoryId": "health-beauty",
    "imagePath": "https://shop.coles.com.au/wcsstore/Coles-CAS/images/1/1/6/1168762.jpg",
    "cupPrice": "$49.00 per 100ml",
    "unit": "ea",
    "packageSize": "50ml",
    "barcode": [
      "4902430469852",
      "4902430529938"
    ],
    "isAvailable": true
  },
  {
    "id": "c8536853p-9325344000129",
    "store": "coles",
    "name": "Ultra Thin Pads Goodnights With Wings",
    "brand": "Libra",
    "price": 2.1,
    "orgPrice": null,
    "categoryId": "health-beauty",
    "imagePath": "https://shop.coles.com.au/wcsstore/Coles-CAS/images/8/5/3/8536853.jpg",
    "cupPrice": "$0.21 per 1ea",
    "unit": "ea",
    "packageSize": "10 pack",
    "barcode": [
      "9325344000129"
    ],
    "isAvailable": true
  },
  {
    "id": "c2564415p-9314807052003",
    "store": "coles",
    "name": "Vita Gummies Hair- Skin & Nails",
    "brand": "Nature's Way",
    "price": 10,
    "orgPrice": 20,
    "categoryId": "health-beauty",
    "imagePath": "https://shop.coles.com.au/wcsstore/Coles-CAS/images/2/5/6/2564415.jpg",
    "cupPrice": "$16.67 per 100ea",
    "unit": "ea",
    "packageSize": "60 pack",
    "barcode": [
      "9314807052003"
    ],
    "isAvailable": true
  },
  {
    "id": "c2868817p-9311770597500",
    "store": "coles",
    "name": "Ultiboost Glucosamine Sulfate Tablets",
    "brand": "Swisse",
    "price": 21,
    "orgPrice": 42,
    "categoryId": "health-beauty",
    "imagePath": "https://shop.coles.com.au/wcsstore/Coles-CAS/images/2/8/6/2868817.jpg",
    "cupPrice": "$0.12 per 1ea",
    "unit": "ea",
    "packageSize": "180 pack",
    "barcode": [
      "9311770597500"
    ],
    "isAvailable": true
  },
  {
    "id": "c6811491p-9310004342336",
    "store": "coles",
    "name": "Regular with Wings Pads",
    "brand": "Libra",
    "price": 2.1,
    "orgPrice": null,
    "categoryId": "health-beauty",
    "imagePath": "https://shop.coles.com.au/wcsstore/Coles-CAS/images/6/8/1/6811491.jpg",
    "cupPrice": "$0.15 per 1ea",
    "unit": "ea",
    "packageSize": "14 pack",
    "barcode": [
      "9310004342336",
      "9325344000471",
      "9325344001737"
    ],
    "isAvailable": true
  },
  {
    "id": "c5293540p-4902430986717",
    "store": "coles",
    "name": "Complete UV Protection Normal To Dry Skin Moisturiser Lotion SPF 15+",
    "brand": "Olay",
    "price": 7.7,
    "orgPrice": 15.4,
    "categoryId": "health-beauty",
    "imagePath": "https://shop.coles.com.au/wcsstore/Coles-CAS/images/5/2/9/5293540.jpg",
    "cupPrice": "$5.13 per 100ml",
    "unit": "ea",
    "packageSize": "150ml",
    "barcode": [
      "4902430986717"
    ],
    "isAvailable": true
  },
  {
    "id": "c5398582p-9300632067091",
    "store": "coles",
    "name": "360 Degree Value Pack Medium Toothbrush",
    "brand": "Colgate",
    "price": 4,
    "orgPrice": 8,
    "categoryId": "health-beauty",
    "imagePath": "https://shop.coles.com.au/wcsstore/Coles-CAS/images/5/3/9/5398582.jpg",
    "cupPrice": "$2.00 per 1ea",
    "unit": "ea",
    "packageSize": "2 pack",
    "barcode": [
      "9300632067091"
    ],
    "isAvailable": true
  },
  {
    "id": "c5293529p-4902430951432",
    "store": "coles",
    "name": "Complete UV Protection Sensitive Moisturiser Lotion SPF 15+",
    "brand": "Olay",
    "price": 7.7,
    "orgPrice": 15.4,
    "categoryId": "health-beauty",
    "imagePath": "https://shop.coles.com.au/wcsstore/Coles-CAS/images/5/2/9/5293529.jpg",
    "cupPrice": "$5.13 per 100ml",
    "unit": "ea",
    "packageSize": "150ml",
    "barcode": [
      "4902430951432",
      "400003159048"
    ],
    "isAvailable": true
  },
  {
    "id": "c2350284p-4902430644273",
    "store": "coles",
    "name": "Smooth & Silky Conditioner",
    "brand": "Head & Shoulders",
    "price": 6,
    "orgPrice": 12,
    "categoryId": "health-beauty",
    "imagePath": "https://shop.coles.com.au/wcsstore/Coles-CAS/images/2/3/5/2350284.jpg",
    "cupPrice": "$0.97 per 100ml",
    "unit": "ea",
    "packageSize": "620ml",
    "barcode": [
      "4902430644273"
    ],
    "isAvailable": true
  },
  {
    "id": "c2350320p-4902430644310",
    "store": "coles",
    "name": "Smooth & Silky Shampoo",
    "brand": "Head & Shoulders",
    "price": 6,
    "orgPrice": 12,
    "categoryId": "health-beauty",
    "imagePath": "https://shop.coles.com.au/wcsstore/Coles-CAS/images/2/3/5/2350320.jpg",
    "cupPrice": "$0.97 per 100ml",
    "unit": "ea",
    "packageSize": "620ml",
    "barcode": [
      "4902430644310"
    ],
    "isAvailable": true
  },
  {
    "id": "c3128689p",
    "store": "coles",
    "name": "White Accelerator Blue Light Teeth Whitening System",
    "brand": "White Glo",
    "price": 17.5,
    "orgPrice": 35,
    "categoryId": "health-beauty",
    "imagePath": "https://shop.coles.com.au/wcsstore/Coles-CAS/images/3/1/2/3128689.jpg",
    "cupPrice": "$17.50 per 1ea",
    "unit": "ea",
    "packageSize": "1 pack",
    "barcode": null,
    "isAvailable": true
  },
  {
    "id": "c6005700p-9300632069125",
    "store": "coles",
    "name": "360 Degree Value Pack Soft Toothbrush",
    "brand": "Colgate",
    "price": 4,
    "orgPrice": 8,
    "categoryId": "health-beauty",
    "imagePath": "https://shop.coles.com.au/wcsstore/Coles-CAS/images/6/0/0/6005700.jpg",
    "cupPrice": "$2.00 per 1ea",
    "unit": "ea",
    "packageSize": "2 pack",
    "barcode": [
      "9300632069125"
    ],
    "isAvailable": true
  },
  {
    "id": "c5984789p-4902430129411",
    "store": "coles",
    "name": "Total Effects Foaming Cleanser",
    "brand": "Olay",
    "price": 6.5,
    "orgPrice": 13,
    "categoryId": "health-beauty",
    "imagePath": "https://shop.coles.com.au/wcsstore/Coles-CAS/images/5/9/8/5984789.jpg",
    "cupPrice": "$6.50 per 100g",
    "unit": "ea",
    "packageSize": "100g",
    "barcode": [
      "4902430129411"
    ],
    "isAvailable": true
  },
  {
    "id": "c2859044p-4902430719582",
    "store": "coles",
    "name": "Eyes Pro-Retinol Anti-Ageing Eye Cream Treatment",
    "brand": "Olay",
    "price": 24.5,
    "orgPrice": 49,
    "categoryId": "health-beauty",
    "imagePath": "https://shop.coles.com.au/wcsstore/Coles-CAS/images/2/8/5/2859044.jpg",
    "cupPrice": "$163.34 per 100ml",
    "unit": "ea",
    "packageSize": "15ml",
    "barcode": [
      "4902430719582"
    ],
    "isAvailable": true
  },
  {
    "id": "c7514866p-9311770588492",
    "store": "coles",
    "name": "Ultiboost Vitamin D Capsules",
    "brand": "Swisse",
    "price": 5.5,
    "orgPrice": 11,
    "categoryId": "health-beauty",
    "imagePath": "https://shop.coles.com.au/wcsstore/Coles-CAS/images/7/5/1/7514866.jpg",
    "cupPrice": "$9.17 per 100ea",
    "unit": "ea",
    "packageSize": "60 pack",
    "barcode": [
      "9311770588492"
    ],
    "isAvailable": true
  },
  {
    "id": "c4920882p-5011451103931",
    "store": "coles",
    "name": "Light Moisturiser",
    "brand": "Simple",
    "price": 5.25,
    "orgPrice": 10.5,
    "categoryId": "health-beauty",
    "imagePath": "https://shop.coles.com.au/wcsstore/Coles-CAS/images/4/9/2/4920882.jpg",
    "cupPrice": "$4.20 per 100ml",
    "unit": "ea",
    "packageSize": "125ml",
    "barcode": [
      "5011451103931"
    ],
    "isAvailable": true
  },
  {
    "id": "c5037201p-9300618556519",
    "store": "coles",
    "name": "Sensitive Skin Moisturiser Cream",
    "brand": "Olay",
    "price": 6.5,
    "orgPrice": 13,
    "categoryId": "health-beauty",
    "imagePath": "https://shop.coles.com.au/wcsstore/Coles-CAS/images/5/0/3/5037201.jpg",
    "cupPrice": "$6.50 per 100g",
    "unit": "ea",
    "packageSize": "100g",
    "barcode": [
      "9300618556519",
      "4902430497190"
    ],
    "isAvailable": true
  },
  {
    "id": "c148850p-4902430116275",
    "store": "coles",
    "name": "Moisturising Lotion",
    "brand": "Olay",
    "price": 6.5,
    "orgPrice": 13,
    "categoryId": "health-beauty",
    "imagePath": "https://shop.coles.com.au/wcsstore/Coles-CAS/images/1/4/8/148850.jpg",
    "cupPrice": "$4.33 per 100ml",
    "unit": "ea",
    "packageSize": "150ml",
    "barcode": [
      "4902430116275",
      "9300618551774"
    ],
    "isAvailable": true
  },
  {
    "id": "c9245969p-4902430359733",
    "store": "coles",
    "name": "Total Effects 7 in One UV Protection Gentle Day Face Cream SPF 15",
    "brand": "Olay",
    "price": 16.75,
    "orgPrice": 33.5,
    "categoryId": "health-beauty",
    "imagePath": "https://shop.coles.com.au/wcsstore/Coles-CAS/images/9/2/4/9245969.jpg",
    "cupPrice": "$33.50 per 100g",
    "unit": "ea",
    "packageSize": "50g",
    "barcode": [
      "4902430359733",
      "020800307703",
      "20800307703",
      "4902430033718",
      "4902430949477"
    ],
    "isAvailable": true
  },
  {
    "id": "c2686004p-9325344002710",
    "store": "coles",
    "name": "Extra Regular Pads",
    "brand": "Libra",
    "price": 2.1,
    "orgPrice": null,
    "categoryId": "health-beauty",
    "imagePath": "https://shop.coles.com.au/wcsstore/Coles-CAS/images/2/6/8/2686004.jpg",
    "cupPrice": "$0.15 per 1ea",
    "unit": "ea",
    "packageSize": "14 pack",
    "barcode": [
      "9325344002710",
      "9325344003052"
    ],
    "isAvailable": true
  },
  {
    "id": "c7514979p-9311770588584",
    "store": "coles",
    "name": "Ultiboost Liver Detox Tablets",
    "brand": "Swisse",
    "price": 10.6,
    "orgPrice": 21.2,
    "categoryId": "health-beauty",
    "imagePath": "https://shop.coles.com.au/wcsstore/Coles-CAS/images/7/5/1/7514979.jpg",
    "cupPrice": "$17.67 per 100ea",
    "unit": "ea",
    "packageSize": "60 pack",
    "barcode": [
      "9311770588584"
    ],
    "isAvailable": true
  },
  {
    "id": "c1216253p-9314807069193",
    "store": "coles",
    "name": "Vita Gummies Daily Fibre Vitamins",
    "brand": "Nature's Way",
    "price": 10,
    "orgPrice": 20,
    "categoryId": "health-beauty",
    "imagePath": "https://shop.coles.com.au/wcsstore/Coles-CAS/images/1/2/1/1216253.jpg",
    "cupPrice": "$9.09 per 100ea",
    "unit": "ea",
    "packageSize": "110 pack",
    "barcode": [
      "9314807069193",
      "9314807025762"
    ],
    "isAvailable": true
  },
  {
    "id": "c2897327p-9314807059361",
    "store": "coles",
    "name": "Adults Vita Gummies Magnesium",
    "brand": "Nature's Way",
    "price": 10,
    "orgPrice": 20,
    "categoryId": "health-beauty",
    "imagePath": "https://shop.coles.com.au/wcsstore/Coles-CAS/images/2/8/9/2897327.jpg",
    "cupPrice": "$12.50 per 100ea",
    "unit": "ea",
    "packageSize": "80 pack",
    "barcode": [
      "9314807059361"
    ],
    "isAvailable": true
  },
  {
    "id": "c3445499p-8717163687611",
    "store": "coles",
    "name": "Kind To Skin Biodegradable Facial Wipes",
    "brand": "Simple",
    "price": 3.75,
    "orgPrice": 7.5,
    "categoryId": "health-beauty",
    "imagePath": "https://shop.coles.com.au/wcsstore/Coles-CAS/images/3/4/4/3445499.jpg",
    "cupPrice": "$0.15 per 1ea",
    "unit": "ea",
    "packageSize": "25 each",
    "barcode": [
      "8717163687611"
    ],
    "isAvailable": true
  },
  {
    "id": "c3453260p-9314807066239",
    "store": "coles",
    "name": "Adult Vita Gummie Immune Support Tablets",
    "brand": "Nature's Way",
    "price": 10,
    "orgPrice": 20,
    "categoryId": "health-beauty",
    "imagePath": "https://shop.coles.com.au/wcsstore/Coles-CAS/images/3/4/5/3453260.jpg",
    "cupPrice": "$0.15 per 1ea",
    "unit": "ea",
    "packageSize": "65 pack",
    "barcode": [
      "9314807066239"
    ],
    "isAvailable": true
  },
  {
    "id": "c6279818p-9311770587259",
    "store": "coles",
    "name": "Ultivite Women's 50+ Multi Vitamins",
    "brand": "Swisse",
    "price": 18,
    "orgPrice": 36,
    "categoryId": "health-beauty",
    "imagePath": "https://shop.coles.com.au/wcsstore/Coles-CAS/images/6/2/7/6279818.jpg",
    "cupPrice": "$30.00 per 100ea",
    "unit": "ea",
    "packageSize": "60 pack",
    "barcode": [
      "9311770587259"
    ],
    "isAvailable": true
  },
  {
    "id": "c6280464p-93388139",
    "store": "coles",
    "name": "Men's Ultivite Multi Vitamin Tablets",
    "brand": "Swisse",
    "price": 14.5,
    "orgPrice": 29,
    "categoryId": "health-beauty",
    "imagePath": "https://shop.coles.com.au/wcsstore/Coles-CAS/images/6/2/8/6280464.jpg",
    "cupPrice": "$24.17 per 100ea",
    "unit": "ea",
    "packageSize": "60 pack",
    "barcode": [
      "93388139"
    ],
    "isAvailable": true
  },
  {
    "id": "c9120329p-9311770589666",
    "store": "coles",
    "name": "Ultiboost Zinc+ Tablets",
    "brand": "Swisse",
    "price": 8.1,
    "orgPrice": 16.2,
    "categoryId": "health-beauty",
    "imagePath": "https://shop.coles.com.au/wcsstore/Coles-CAS/images/9/1/2/9120329.jpg",
    "cupPrice": "$13.50 per 100ea",
    "unit": "ea",
    "packageSize": "60 pack",
    "barcode": [
      "9311770589666"
    ],
    "isAvailable": true
  },
  {
    "id": "c1281437p-9311770593199",
    "store": "coles",
    "name": "Ultiboost Relax & Sleep 60 Tablets",
    "brand": "Swisse",
    "price": 16,
    "orgPrice": 32,
    "categoryId": "health-beauty",
    "imagePath": "https://shop.coles.com.au/wcsstore/Coles-CAS/images/1/2/8/1281437.jpg",
    "cupPrice": "$16.00 per 1ea",
    "unit": "ea",
    "packageSize": "1 pack",
    "barcode": [
      "9311770593199"
    ],
    "isAvailable": true
  },
  {
    "id": "c3036059p-9325344002994",
    "store": "coles",
    "name": "Invisible Sport Regular Pads With Wings",
    "brand": "Libra",
    "price": 2.3,
    "orgPrice": 4.6,
    "categoryId": "health-beauty",
    "imagePath": "https://shop.coles.com.au/wcsstore/Coles-CAS/images/3/0/3/3036059.jpg",
    "cupPrice": "$0.19 per 1ea",
    "unit": "ea",
    "packageSize": "12 pack",
    "barcode": [
      "9325344002994"
    ],
    "isAvailable": true
  },
  {
    "id": "c3301546p-9325344002116",
    "store": "coles",
    "name": "Girl Goodnight Pads With Wings",
    "brand": "Libra",
    "price": 2,
    "orgPrice": 4,
    "categoryId": "health-beauty",
    "imagePath": "https://shop.coles.com.au/wcsstore/Coles-CAS/images/3/3/0/3301546.jpg",
    "cupPrice": "$0.20 per 1ea",
    "unit": "ea",
    "packageSize": "10 pack",
    "barcode": [
      "9325344002116"
    ],
    "isAvailable": true
  },
  {
    "id": "c2994618p-9327693000430",
    "store": "coles",
    "name": "Signature Botanical Body Wash",
    "brand": "Sukin",
    "price": 4.97,
    "orgPrice": 9.95,
    "categoryId": "health-beauty",
    "imagePath": "https://shop.coles.com.au/wcsstore/Coles-CAS/images/2/9/9/2994618.jpg",
    "cupPrice": "$0.99 per 100ml",
    "unit": "ea",
    "packageSize": "500ml",
    "barcode": [
      "9327693000430"
    ],
    "isAvailable": true
  },
  {
    "id": "c6811480p-9310004342343",
    "store": "coles",
    "name": "Extra Super with Wings Pads",
    "brand": "Libra",
    "price": 2.1,
    "orgPrice": null,
    "categoryId": "health-beauty",
    "imagePath": "https://shop.coles.com.au/wcsstore/Coles-CAS/images/6/8/1/6811480.jpg",
    "cupPrice": "$0.18 per 1ea",
    "unit": "ea",
    "packageSize": "12 pack",
    "barcode": [
      "9310004342343",
      "9325344000488"
    ],
    "isAvailable": true
  },
  {
    "id": "c7514902p-9311770588508",
    "store": "coles",
    "name": "Ultiboost Magnesium Tablets",
    "brand": "Swisse",
    "price": 10.5,
    "orgPrice": 21,
    "categoryId": "health-beauty",
    "imagePath": "https://shop.coles.com.au/wcsstore/Coles-CAS/images/7/5/1/7514902.jpg",
    "cupPrice": "$17.50 per 100ea",
    "unit": "ea",
    "packageSize": "60 pack",
    "barcode": [
      "9311770588508"
    ],
    "isAvailable": true
  },
  {
    "id": "c6280475p-93454117",
    "store": "coles",
    "name": "Ultivite Women's Formula 1 Multi Vitamins",
    "brand": "Swisse",
    "price": 14.5,
    "orgPrice": 29,
    "categoryId": "health-beauty",
    "imagePath": "https://shop.coles.com.au/wcsstore/Coles-CAS/images/6/2/8/6280475.jpg",
    "cupPrice": "$24.17 per 100ea",
    "unit": "ea",
    "packageSize": "60 pack",
    "barcode": [
      "93454117"
    ],
    "isAvailable": true
  },
  {
    "id": "c9925861p-9314807026981",
    "store": "coles",
    "name": "Vita Gummies Vitamin D3 1000iu",
    "brand": "Nature's Way",
    "price": 10.5,
    "orgPrice": 21,
    "categoryId": "health-beauty",
    "imagePath": "https://shop.coles.com.au/wcsstore/Coles-CAS/images/9/9/2/9925861.jpg",
    "cupPrice": "$8.75 per 100ea",
    "unit": "ea",
    "packageSize": "120 pack",
    "barcode": [
      "9314807026981"
    ],
    "isAvailable": true
  },
  {
    "id": "c2265764p-9314807046392",
    "store": "coles",
    "name": "Men's Vita Gummies Multivitamins",
    "brand": "Nature's Way",
    "price": 10,
    "orgPrice": 20,
    "categoryId": "health-beauty",
    "imagePath": "https://shop.coles.com.au/wcsstore/Coles-CAS/images/2/2/6/2265764.jpg",
    "cupPrice": "$10.00 per 100ea",
    "unit": "ea",
    "packageSize": "100 pack",
    "barcode": [
      "9314807046392"
    ],
    "isAvailable": true
  },
  {
    "id": "c3509365p-8850006480830",
    "store": "coles",
    "name": "Luminous Oils Coconut Oil With Frangipani Body Wash",
    "brand": "Palmolive",
    "price": 3,
    "orgPrice": 6,
    "categoryId": "health-beauty",
    "imagePath": "https://shop.coles.com.au/wcsstore/Coles-CAS/images/3/5/0/3509365.jpg",
    "cupPrice": "$0.75 per 100ml",
    "unit": "ea",
    "packageSize": "400ml",
    "barcode": [
      "8850006480830",
      "8850006480878"
    ],
    "isAvailable": true
  },
  {
    "id": "c3730429p-4902430917681",
    "store": "coles",
    "name": "Eyes Retinol 24 Night Rye Cream",
    "brand": "Olay",
    "price": 30,
    "orgPrice": 60,
    "categoryId": "health-beauty",
    "imagePath": "https://shop.coles.com.au/wcsstore/Coles-CAS/images/3/7/3/3730429.jpg",
    "cupPrice": "$200.01 per 100ml",
    "unit": "ea",
    "packageSize": "15ml",
    "barcode": [
      "4902430917681"
    ],
    "isAvailable": true
  },
  {
    "id": "c7782628p-400003156351",
    "store": "coles",
    "name": "Provital Revitalizing Night Cream",
    "brand": "Olay",
    "price": 8.75,
    "orgPrice": 17.5,
    "categoryId": "health-beauty",
    "imagePath": "https://shop.coles.com.au/wcsstore/Coles-CAS/images/7/7/8/7782628.jpg",
    "cupPrice": "$17.50 per 100g",
    "unit": "ea",
    "packageSize": "50g",
    "barcode": [
      "400003156351",
      "4902430483322"
    ],
    "isAvailable": true
  },
  {
    "id": "c2686037p-9325344002819",
    "store": "coles",
    "name": "Ultra Thins Super Pads",
    "brand": "Libra",
    "price": 2.1,
    "orgPrice": null,
    "categoryId": "health-beauty",
    "imagePath": "https://shop.coles.com.au/wcsstore/Coles-CAS/images/2/6/8/2686037.jpg",
    "cupPrice": "$0.18 per 1ea",
    "unit": "ea",
    "packageSize": "12 pack",
    "barcode": [
      "9325344002819"
    ],
    "isAvailable": true
  },
  {
    "id": "c3036070p-9325344002987",
    "store": "coles",
    "name": "Invisible Sport Regular Pads",
    "brand": "Libra",
    "price": 2.3,
    "orgPrice": 4.6,
    "categoryId": "health-beauty",
    "imagePath": "https://shop.coles.com.au/wcsstore/Coles-CAS/images/3/0/3/3036070.jpg",
    "cupPrice": "$0.19 per 1ea",
    "unit": "ea",
    "packageSize": "12 pack",
    "barcode": [
      "9325344002987"
    ],
    "isAvailable": true
  },
  {
    "id": "c3731997p-9300830053407",
    "store": "coles",
    "name": "Energising Coconut & Coffee Scrub",
    "brand": "St Ives",
    "price": 5,
    "orgPrice": 10,
    "categoryId": "health-beauty",
    "imagePath": "https://shop.coles.com.au/wcsstore/Coles-CAS/images/3/7/3/3731997.jpg",
    "cupPrice": "$3.57 per 100ml",
    "unit": "ea",
    "packageSize": "140ml",
    "barcode": [
      "9300830053407"
    ],
    "isAvailable": true
  },
  {
    "id": "c7514786p-9311770588515",
    "store": "coles",
    "name": "Ultiboost Calcium + Vitamin D Tablets",
    "brand": "Swisse",
    "price": 8,
    "orgPrice": 16,
    "categoryId": "health-beauty",
    "imagePath": "https://shop.coles.com.au/wcsstore/Coles-CAS/images/7/5/1/7514786.jpg",
    "cupPrice": "$8.89 per 100ea",
    "unit": "ea",
    "packageSize": "90 pack",
    "barcode": [
      "9311770588515",
      "9311770589888"
    ],
    "isAvailable": true
  },
  {
    "id": "c7204235p-4902430240604",
    "store": "coles",
    "name": "Regenerist Cream Cleanser",
    "brand": "Olay",
    "price": 8.7,
    "orgPrice": 17.4,
    "categoryId": "health-beauty",
    "imagePath": "https://shop.coles.com.au/wcsstore/Coles-CAS/images/7/2/0/7204235.jpg",
    "cupPrice": "$8.70 per 100g",
    "unit": "ea",
    "packageSize": "100g",
    "barcode": [
      "4902430240604"
    ],
    "isAvailable": true
  },
  {
    "id": "c9114086p-9314807025779",
    "store": "coles",
    "name": "Vita Gummies Omega 3",
    "brand": "Nature's Way",
    "price": 10,
    "orgPrice": 20,
    "categoryId": "health-beauty",
    "imagePath": "https://shop.coles.com.au/wcsstore/Coles-CAS/images/9/1/1/9114086.jpg",
    "cupPrice": "$9.09 per 100ea",
    "unit": "ea",
    "packageSize": "110 pack",
    "barcode": [
      "9314807025779",
      "9314807066703"
    ],
    "isAvailable": true
  },
  {
    "id": "c2350240p-4902430644259",
    "store": "coles",
    "name": "Apple Fresh Shampoo",
    "brand": "Head & Shoulders",
    "price": 6,
    "orgPrice": 12,
    "categoryId": "health-beauty",
    "imagePath": "https://shop.coles.com.au/wcsstore/Coles-CAS/images/2/3/5/2350240.jpg",
    "cupPrice": "$0.97 per 100ml",
    "unit": "ea",
    "packageSize": "620ml",
    "barcode": [
      "4902430644259"
    ],
    "isAvailable": true
  },
  {
    "id": "c2350310p-4902430644303",
    "store": "coles",
    "name": "Itchy Scalp Care Shampoo",
    "brand": "Head & Shoulders",
    "price": 6,
    "orgPrice": 12,
    "categoryId": "health-beauty",
    "imagePath": "https://shop.coles.com.au/wcsstore/Coles-CAS/images/2/3/5/2350310.jpg",
    "cupPrice": "$0.97 per 100ml",
    "unit": "ea",
    "packageSize": "620ml",
    "barcode": [
      "4902430644303"
    ],
    "isAvailable": true
  },
  {
    "id": "c3469260p-93555166",
    "store": "coles",
    "name": "Ultibiotic Daily Digestive Probiotic 30 Capsules",
    "brand": "Swisse",
    "price": 16,
    "orgPrice": 32,
    "categoryId": "health-beauty",
    "imagePath": "https://shop.coles.com.au/wcsstore/Coles-CAS/images/3/4/6/3469260.jpg",
    "cupPrice": "$16.00 per 1ea",
    "unit": "ea",
    "packageSize": "1 pack",
    "barcode": [
      "93555166"
    ],
    "isAvailable": true
  },
  {
    "id": "c3569742p-4902430734066",
    "store": "coles",
    "name": "Regenerist Luminous Serum",
    "brand": "Olay",
    "price": 26.5,
    "orgPrice": 53,
    "categoryId": "health-beauty",
    "imagePath": "https://shop.coles.com.au/wcsstore/Coles-CAS/images/3/5/6/3569742.jpg",
    "cupPrice": "$88.34 per 100ml",
    "unit": "ea",
    "packageSize": "30ml",
    "barcode": [
      "4902430734066"
    ],
    "isAvailable": true
  },
  {
    "id": "c2350295p-4902430644280",
    "store": "coles",
    "name": "Dry Scalp Shampoo",
    "brand": "Head & Shoulders",
    "price": 6,
    "orgPrice": 12,
    "categoryId": "health-beauty",
    "imagePath": "https://shop.coles.com.au/wcsstore/Coles-CAS/images/2/3/5/2350295.jpg",
    "cupPrice": "$0.97 per 100ml",
    "unit": "ea",
    "packageSize": "620ml",
    "barcode": [
      "4902430644280"
    ],
    "isAvailable": true
  },
  {
    "id": "c3447406p-8710447474419",
    "store": "coles",
    "name": "Daily Skin Detox Purifying Facial Cleanser",
    "brand": "Simple",
    "price": 5.5,
    "orgPrice": 11,
    "categoryId": "health-beauty",
    "imagePath": "https://shop.coles.com.au/wcsstore/Coles-CAS/images/3/4/4/3447406.jpg",
    "cupPrice": "$3.67 per 100ml",
    "unit": "ea",
    "packageSize": "150ml",
    "barcode": [
      "8710447474419"
    ],
    "isAvailable": true
  },
  {
    "id": "c3453250p-9314807066222",
    "store": "coles",
    "name": "Adult Vita Gummies Calcium + Vitamin D Tablets",
    "brand": "Nature's Way",
    "price": 10,
    "orgPrice": 20,
    "categoryId": "health-beauty",
    "imagePath": "https://shop.coles.com.au/wcsstore/Coles-CAS/images/3/4/5/3453250.jpg",
    "cupPrice": "$0.15 per 1ea",
    "unit": "ea",
    "packageSize": "65 pack",
    "barcode": [
      "9314807066222"
    ],
    "isAvailable": true
  },
  {
    "id": "c1783694p-9311770595834",
    "store": "coles",
    "name": "Ultiboost Magnesium Calcium + D3 120 Tablets",
    "brand": "Swisse",
    "price": 12.5,
    "orgPrice": 25,
    "categoryId": "health-beauty",
    "imagePath": "https://shop.coles.com.au/wcsstore/Coles-CAS/images/1/7/8/1783694.jpg",
    "cupPrice": "$12.50 per 1ea",
    "unit": "ea",
    "packageSize": "1 pack",
    "barcode": [
      "9311770595834"
    ],
    "isAvailable": true
  },
  {
    "id": "c3468869p-93554701",
    "store": "coles",
    "name": "Ultinatal Pre-conception & Pregnancy Multivitamin 60 Capsules",
    "brand": "Swisse",
    "price": 14.5,
    "orgPrice": 29,
    "categoryId": "health-beauty",
    "imagePath": "https://shop.coles.com.au/wcsstore/Coles-CAS/images/3/4/6/3468869.jpg",
    "cupPrice": "$14.50 per 1ea",
    "unit": "ea",
    "packageSize": "1 pack",
    "barcode": [
      "93554701"
    ],
    "isAvailable": true
  },
  {
    "id": "c3537473p-4902430893664",
    "store": "coles",
    "name": "Magnemasks Advanced Anti Wrinkle Sheet Mask",
    "brand": "Olay",
    "price": 5.5,
    "orgPrice": 11,
    "categoryId": "health-beauty",
    "imagePath": "https://shop.coles.com.au/wcsstore/Coles-CAS/images/3/5/3/3537473.jpg",
    "cupPrice": "$22.92 per 100g",
    "unit": "ea",
    "packageSize": "1 each",
    "barcode": [
      "4902430893664"
    ],
    "isAvailable": true
  },
  {
    "id": "c3537462p-4902430800099",
    "store": "coles",
    "name": "Regenerist UV Whip Active Moisturiser SPF 30",
    "brand": "Olay",
    "price": 24.5,
    "orgPrice": 49,
    "categoryId": "health-beauty",
    "imagePath": "https://shop.coles.com.au/wcsstore/Coles-CAS/images/3/5/3/3537462.jpg",
    "cupPrice": "$49.00 per 100g",
    "unit": "ea",
    "packageSize": "50g",
    "barcode": [
      "4902430800099"
    ],
    "isAvailable": true
  },
  {
    "id": "c6279807p-9311770587266",
    "store": "coles",
    "name": "Men's Ultivite 50+ Multi Vitamin 60 Tablets",
    "brand": "Swisse",
    "price": 18,
    "orgPrice": 36,
    "categoryId": "health-beauty",
    "imagePath": "https://shop.coles.com.au/wcsstore/Coles-CAS/images/6/2/7/6279807.jpg",
    "cupPrice": "$18.00 per 1ea",
    "unit": "ea",
    "packageSize": "1 pack",
    "barcode": [
      "9311770587266"
    ],
    "isAvailable": true
  },
  {
    "id": "c8944259p-075609001659",
    "store": "coles",
    "name": "Total Effects 7 in One Normal Day Face Cream",
    "brand": "Olay",
    "price": 16.75,
    "orgPrice": 33.5,
    "categoryId": "health-beauty",
    "imagePath": "https://shop.coles.com.au/wcsstore/Coles-CAS/images/8/9/4/8944259.jpg",
    "cupPrice": "$33.50 per 100g",
    "unit": "ea",
    "packageSize": "50g",
    "barcode": [
      "075609001659",
      "4902430359764",
      "4902430092944"
    ],
    "isAvailable": true
  },
  {
    "id": "c2620695p-9319871000783",
    "store": "coles",
    "name": "Diamond Series Whitening System",
    "brand": "White Glo",
    "price": 10,
    "orgPrice": 20,
    "categoryId": "health-beauty",
    "imagePath": "https://shop.coles.com.au/wcsstore/Coles-CAS/images/2/6/2/2620695.jpg",
    "cupPrice": "$10.00 per 1ea",
    "unit": "ea",
    "packageSize": "1 pack",
    "barcode": [
      "9319871000783"
    ],
    "isAvailable": true
  },
  {
    "id": "c3287434p",
    "store": "coles",
    "name": "Men's Ultivite Multivitamin",
    "brand": "Swisse",
    "price": 10,
    "orgPrice": 20,
    "categoryId": "health-beauty",
    "imagePath": "https://shop.coles.com.au/wcsstore/Coles-CAS/images/3/2/8/3287434.jpg",
    "cupPrice": "$0.33 per 1ea",
    "unit": "ea",
    "packageSize": "30 pack",
    "barcode": null,
    "isAvailable": true
  },
  {
    "id": "c3445568p-075609197437",
    "store": "coles",
    "name": "Brightening Eye Cream",
    "brand": "Olay",
    "price": 24.5,
    "orgPrice": 49,
    "categoryId": "health-beauty",
    "imagePath": "https://shop.coles.com.au/wcsstore/Coles-CAS/images/3/4/4/3445568.jpg",
    "cupPrice": "$163.34 per 100ml",
    "unit": "ea",
    "packageSize": "15ml",
    "barcode": [
      "075609197437"
    ],
    "isAvailable": true
  },
  {
    "id": "c3714331p-9327693008382",
    "store": "coles",
    "name": "Botanical Body Wash Pineapple & Coconut",
    "brand": "Sukin",
    "price": 4.97,
    "orgPrice": 9.95,
    "categoryId": "health-beauty",
    "imagePath": "https://shop.coles.com.au/wcsstore/Coles-CAS/images/3/7/1/3714331.jpg",
    "cupPrice": "$0.99 per 100ml",
    "unit": "ea",
    "packageSize": "500ml",
    "barcode": [
      "9327693008382"
    ],
    "isAvailable": true
  },
  {
    "id": "c5293212p-4902430979160",
    "store": "coles",
    "name": "Complete Defence Moisturising Lotion SPF 25",
    "brand": "Olay",
    "price": 7.5,
    "orgPrice": 15,
    "categoryId": "health-beauty",
    "imagePath": "https://shop.coles.com.au/wcsstore/Coles-CAS/images/5/2/9/5293212.jpg",
    "cupPrice": "$10.00 per 100ml",
    "unit": "ea",
    "packageSize": "75ml",
    "barcode": [
      "4902430979160",
      "4902430755641"
    ],
    "isAvailable": true
  },
  {
    "id": "c1167850p-4902430479561",
    "store": "coles",
    "name": "Regenerist Eye Serum Revitalising Fragrance Free",
    "brand": "Olay",
    "price": 17.5,
    "orgPrice": 35,
    "categoryId": "health-beauty",
    "imagePath": "https://shop.coles.com.au/wcsstore/Coles-CAS/images/1/1/6/1167850.jpg",
    "cupPrice": "$116.67 per 100ml",
    "unit": "ea",
    "packageSize": "15ml",
    "barcode": [
      "4902430479561",
      "4902430529945"
    ],
    "isAvailable": true
  },
  {
    "id": "c3287456p",
    "store": "coles",
    "name": "Women's Ultivite Multivitamin 30 Tablets",
    "brand": "Swisse",
    "price": 10,
    "orgPrice": 20,
    "categoryId": "health-beauty",
    "imagePath": "https://shop.coles.com.au/wcsstore/Coles-CAS/images/3/2/8/3287456.jpg",
    "cupPrice": "$10.00 per 1ea",
    "unit": "ea",
    "packageSize": "1 pack",
    "barcode": null,
    "isAvailable": true
  },
  {
    "id": "c3445590p-4902430799881",
    "store": "coles",
    "name": "Regenerist Whip Active Moisturiser",
    "brand": "Olay",
    "price": 24.5,
    "orgPrice": 49,
    "categoryId": "health-beauty",
    "imagePath": "https://shop.coles.com.au/wcsstore/Coles-CAS/images/3/4/4/3445590.jpg",
    "cupPrice": "$4.90 per 10g",
    "unit": "ea",
    "packageSize": "50g",
    "barcode": [
      "4902430799881"
    ],
    "isAvailable": true
  },
  {
    "id": "c3469330p-9311770601719",
    "store": "coles",
    "name": "Ultiboost High Strength  Co-Enzyme Q10 300mg 90 Capsules",
    "brand": "Swisse",
    "price": 25,
    "orgPrice": 50,
    "categoryId": "health-beauty",
    "imagePath": "https://shop.coles.com.au/wcsstore/Coles-CAS/images/3/4/6/3469330.jpg",
    "cupPrice": "$25.00 per 1ea",
    "unit": "ea",
    "packageSize": "1 pack",
    "barcode": [
      "9311770601719"
    ],
    "isAvailable": true
  },
  {
    "id": "c3468870p-9311770601788",
    "store": "coles",
    "name": "Ultinatal Breastfeeding Support Tablets",
    "brand": "Swisse",
    "price": 14.5,
    "orgPrice": 29,
    "categoryId": "health-beauty",
    "imagePath": "https://shop.coles.com.au/wcsstore/Coles-CAS/images/3/4/6/3468870.jpg",
    "cupPrice": "$0.16 per 1ea",
    "unit": "ea",
    "packageSize": "90 pack",
    "barcode": [
      "9311770601788"
    ],
    "isAvailable": true
  },
  {
    "id": "c3509376p-8850006480854",
    "store": "coles",
    "name": "Luminous Oils Shower Gel",
    "brand": "Palmolive",
    "price": 3,
    "orgPrice": 6,
    "categoryId": "health-beauty",
    "imagePath": "https://shop.coles.com.au/wcsstore/Coles-CAS/images/3/5/0/3509376.jpg",
    "cupPrice": "$0.75 per 100ml",
    "unit": "ea",
    "packageSize": "400ml",
    "barcode": [
      "8850006480854"
    ],
    "isAvailable": true
  },
  {
    "id": "c3714353p-9327693008399",
    "store": "coles",
    "name": "Botanical Body Wash Bergamot & Patchouli",
    "brand": "Sukin",
    "price": 4.97,
    "orgPrice": 9.95,
    "categoryId": "health-beauty",
    "imagePath": "https://shop.coles.com.au/wcsstore/Coles-CAS/images/3/7/1/3714353.jpg",
    "cupPrice": "$0.99 per 100ml",
    "unit": "ea",
    "packageSize": "500ml",
    "barcode": [
      "9327693008399"
    ],
    "isAvailable": true
  },
  {
    "id": "c2873170p-9300632088386",
    "store": "coles",
    "name": "360 Sensitive Manual Toothbrush",
    "brand": "Colgate",
    "price": 4,
    "orgPrice": 8,
    "categoryId": "health-beauty",
    "imagePath": "https://shop.coles.com.au/wcsstore/Coles-CAS/images/2/8/7/2873170.jpg",
    "cupPrice": "$2.00 per 1ea",
    "unit": "ea",
    "packageSize": "2 pack",
    "barcode": [
      "9300632088386"
    ],
    "isAvailable": true
  },
  {
    "id": "c3730407p-075609197451",
    "store": "coles",
    "name": "Mist Hydrating Face Spray Energizing Essence",
    "brand": "Olay",
    "price": 17.5,
    "orgPrice": 35,
    "categoryId": "health-beauty",
    "imagePath": "https://shop.coles.com.au/wcsstore/Coles-CAS/images/3/7/3/3730407.jpg",
    "cupPrice": "$17.86 per 100ml",
    "unit": "ea",
    "packageSize": "98ml",
    "barcode": [
      "075609197451"
    ],
    "isAvailable": true
  },
  {
    "id": "c2911745p-9311770591676",
    "store": "coles",
    "name": "Ultiboost Mega B + Tablets",
    "brand": "Swisse",
    "price": 21,
    "orgPrice": 42,
    "categoryId": "health-beauty",
    "imagePath": "https://shop.coles.com.au/wcsstore/Coles-CAS/images/2/9/1/2911745.jpg",
    "cupPrice": "$35.00 per 100ea",
    "unit": "ea",
    "packageSize": "60 pack",
    "barcode": [
      "9311770591676"
    ],
    "isAvailable": true
  },
  {
    "id": "c3241502p",
    "store": "coles",
    "name": "Magnemasks Infusion Anti-Ageing Rejuvenating Starter Kit",
    "brand": "Olay",
    "price": 27.5,
    "orgPrice": 55,
    "categoryId": "health-beauty",
    "imagePath": "https://shop.coles.com.au/wcsstore/Coles-CAS/images/3/2/4/3241502.jpg",
    "cupPrice": "$27.50 per 1ea",
    "unit": "ea",
    "packageSize": "1 pack",
    "barcode": null,
    "isAvailable": true
  },
  {
    "id": "c3479570p-9311770602938",
    "store": "coles",
    "name": "Ultiboost Lemon & Honey Magnesium + Sleep Powder",
    "brand": "Swisse",
    "price": 20,
    "orgPrice": 40,
    "categoryId": "health-beauty",
    "imagePath": "https://shop.coles.com.au/wcsstore/Coles-CAS/images/3/4/7/3479570.jpg",
    "cupPrice": "$11.11 per 100g",
    "unit": "ea",
    "packageSize": "180g",
    "barcode": [
      "9311770602938"
    ],
    "isAvailable": true
  },
  {
    "id": "c6557149p-5000394206434",
    "store": "coles",
    "name": "Ultra Alkaline AA Batteries",
    "brand": "Duracell",
    "price": 8.75,
    "orgPrice": 17.5,
    "categoryId": "household",
    "imagePath": "https://shop.coles.com.au/wcsstore/Coles-CAS/images/6/5/5/6557149.jpg",
    "cupPrice": "$0.88 per 1ea",
    "unit": "ea",
    "packageSize": "10 pack",
    "barcode": [
      "5000394206434",
      "5000394014978",
      "5000394091467",
      "5000394003712"
    ],
    "isAvailable": true
  },
  {
    "id": "c9735935p-9300615055664",
    "store": "coles",
    "name": "Super Strength Lemon Dishwashing Liquid",
    "brand": "Morning Fresh",
    "price": 3.75,
    "orgPrice": 7.5,
    "categoryId": "household",
    "imagePath": "https://shop.coles.com.au/wcsstore/Coles-CAS/images/9/7/3/9735935.jpg",
    "cupPrice": "$0.42 per 100ml",
    "unit": "ea",
    "packageSize": "900ml",
    "barcode": [
      "9300615055664"
    ],
    "isAvailable": true
  },
  {
    "id": "c2860768p-4015400897095",
    "store": "coles",
    "name": "Original All In One Lemon Dishwasher Tablets",
    "brand": "Fairy",
    "price": 13.3,
    "orgPrice": null,
    "categoryId": "household",
    "imagePath": "https://shop.coles.com.au/wcsstore/Coles-CAS/images/2/8/6/2860768.jpg",
    "cupPrice": "$0.30 per 1ea",
    "unit": "ea",
    "packageSize": "44 pack",
    "barcode": [
      "4015400897095"
    ],
    "isAvailable": true
  },
  {
    "id": "c3514740p-8001090985460",
    "store": "coles",
    "name": "Platinum Plus Lemon Dishwashing Tablets",
    "brand": "Fairy",
    "price": 17.5,
    "orgPrice": 35,
    "categoryId": "household",
    "imagePath": "https://shop.coles.com.au/wcsstore/Coles-CAS/images/3/5/1/3514740.jpg",
    "cupPrice": "$0.39 per 1ea",
    "unit": "ea",
    "packageSize": "45 pack",
    "barcode": [
      "8001090985460"
    ],
    "isAvailable": true
  },
  {
    "id": "c3514730p-8001090985439",
    "store": "coles",
    "name": "Platinum Plus Lemon Dishwashing Tablets",
    "brand": "Fairy",
    "price": 14.1,
    "orgPrice": 30,
    "categoryId": "household",
    "imagePath": "https://shop.coles.com.au/wcsstore/Coles-CAS/images/3/5/1/3514730.jpg",
    "cupPrice": "$0.47 per 1ea",
    "unit": "ea",
    "packageSize": "30 pack",
    "barcode": [
      "8001090985439"
    ],
    "isAvailable": true
  },
  {
    "id": "c3774581p-9350376003848",
    "store": "coles",
    "name": "Advanced Clean Laundry Liquid",
    "brand": "Cold Power",
    "price": 8.75,
    "orgPrice": 17.5,
    "categoryId": "household",
    "imagePath": "https://shop.coles.com.au/wcsstore/Coles-CAS/images/3/7/7/3774581.jpg",
    "cupPrice": "$4.38 per 1l",
    "unit": "ea",
    "packageSize": "2l",
    "barcode": [
      "9350376003848"
    ],
    "isAvailable": true
  },
  {
    "id": "c5091513p-9300615055695",
    "store": "coles",
    "name": "Super Strength Lime Fresh Dishwashing Liquid",
    "brand": "Morning Fresh",
    "price": 3.75,
    "orgPrice": 7.5,
    "categoryId": "household",
    "imagePath": "https://shop.coles.com.au/wcsstore/Coles-CAS/images/5/0/9/5091513.jpg",
    "cupPrice": "$0.42 per 100ml",
    "unit": "ea",
    "packageSize": "900ml",
    "barcode": [
      "9300615055695"
    ],
    "isAvailable": true
  },
  {
    "id": "c3208890p",
    "store": "coles",
    "name": "Raspberry & Crisp Apple Dishwashing Liquid",
    "brand": "Morning Fresh",
    "price": 3.75,
    "orgPrice": 7.5,
    "categoryId": "household",
    "imagePath": "https://shop.coles.com.au/wcsstore/Coles-CAS/images/3/2/0/3208890.jpg",
    "cupPrice": "$0.42 per 100ml",
    "unit": "ea",
    "packageSize": "900ml",
    "barcode": null,
    "isAvailable": true
  },
  {
    "id": "c3514729p-8001090985491",
    "store": "coles",
    "name": "Platinum Plus Lemon Dishwasher Tablets",
    "brand": "Fairy",
    "price": 8,
    "orgPrice": 16,
    "categoryId": "household",
    "imagePath": "https://shop.coles.com.au/wcsstore/Coles-CAS/images/3/5/1/3514729.jpg",
    "cupPrice": "$0.53 per 1ea",
    "unit": "ea",
    "packageSize": "15 pack",
    "barcode": [
      "8001090985491"
    ],
    "isAvailable": true
  },
  {
    "id": "c3774923p-9350376004524",
    "store": "coles",
    "name": "Advanced Clean Laundry Powder",
    "brand": "Cold Power",
    "price": 8.75,
    "orgPrice": 17.5,
    "categoryId": "household",
    "imagePath": "https://shop.coles.com.au/wcsstore/Coles-CAS/images/3/7/7/3774923.jpg",
    "cupPrice": "$4.38 per 1kg",
    "unit": "ea",
    "packageSize": "2kg",
    "barcode": [
      "9350376004524"
    ],
    "isAvailable": true
  },
  {
    "id": "c7754134p-5000394091481",
    "store": "coles",
    "name": "Ultra Alkaline AAA Batteries",
    "brand": "Duracell",
    "price": 8.75,
    "orgPrice": 17.5,
    "categoryId": "household",
    "imagePath": "https://shop.coles.com.au/wcsstore/Coles-CAS/images/7/7/5/7754134.jpg",
    "cupPrice": "$1.09 per 1ea",
    "unit": "ea",
    "packageSize": "8 pack",
    "barcode": [
      "5000394091481"
    ],
    "isAvailable": true
  },
  {
    "id": "c9736075p-9300615055671",
    "store": "coles",
    "name": "Super Strength Original Dishwashing Liquid",
    "brand": "Morning Fresh",
    "price": 3.75,
    "orgPrice": 7.5,
    "categoryId": "household",
    "imagePath": "https://shop.coles.com.au/wcsstore/Coles-CAS/images/9/7/3/9736075.jpg",
    "cupPrice": "$0.42 per 100ml",
    "unit": "ea",
    "packageSize": "900ml",
    "barcode": [
      "9300615055671"
    ],
    "isAvailable": true
  },
  {
    "id": "c3774606p-9350376003923",
    "store": "coles",
    "name": "Advanced Clean Sensitive Pure Clean Laundry Liquid",
    "brand": "Cold Power",
    "price": 8.75,
    "orgPrice": 17.5,
    "categoryId": "household",
    "imagePath": "https://shop.coles.com.au/wcsstore/Coles-CAS/images/3/7/7/3774606.jpg",
    "cupPrice": "$4.38 per 1l",
    "unit": "ea",
    "packageSize": "2l",
    "barcode": [
      "9350376003923"
    ],
    "isAvailable": true
  },
  {
    "id": "c3774934p-9350376004579",
    "store": "coles",
    "name": "Sensitive Pure Clean Laundry Powder",
    "brand": "Cold Power",
    "price": 8.75,
    "orgPrice": 17.5,
    "categoryId": "household",
    "imagePath": "https://shop.coles.com.au/wcsstore/Coles-CAS/images/3/7/7/3774934.jpg",
    "cupPrice": "$4.38 per 1kg",
    "unit": "ea",
    "packageSize": "2kg",
    "barcode": [
      "9350376004579"
    ],
    "isAvailable": true
  },
  {
    "id": "c7319328p-9300632072750",
    "store": "coles",
    "name": "Soft & Sensitive Fabric Conditioner",
    "brand": "Cuddly",
    "price": 4.5,
    "orgPrice": 9,
    "categoryId": "household",
    "imagePath": "https://shop.coles.com.au/wcsstore/Coles-CAS/images/7/3/1/7319328.jpg",
    "cupPrice": "$4.50 per 1l",
    "unit": "ea",
    "packageSize": "1l",
    "barcode": [
      "9300632072750"
    ],
    "isAvailable": true
  },
  {
    "id": "c3035806p-9350376000199",
    "store": "coles",
    "name": "Care & Renew Laundry Liquid For Colours",
    "brand": "Lovables",
    "price": 6,
    "orgPrice": 12,
    "categoryId": "household",
    "imagePath": "https://shop.coles.com.au/wcsstore/Coles-CAS/images/3/0/3/3035806.jpg",
    "cupPrice": "$4.00 per 1l",
    "unit": "ea",
    "packageSize": "1.5l",
    "barcode": [
      "9350376000199"
    ],
    "isAvailable": true
  },
  {
    "id": "c3035792p-9350376000205",
    "store": "coles",
    "name": "Care & Renew Laundry Liquid For Blacks & Darks",
    "brand": "Lovables",
    "price": 6,
    "orgPrice": 12,
    "categoryId": "household",
    "imagePath": "https://shop.coles.com.au/wcsstore/Coles-CAS/images/3/0/3/3035792.jpg",
    "cupPrice": "$4.00 per 1l",
    "unit": "ea",
    "packageSize": "1.5l",
    "barcode": [
      "9350376000205"
    ],
    "isAvailable": true
  },
  {
    "id": "c3774592p-9350376003886",
    "store": "coles",
    "name": "Lemon Advanced Laundry Liquid",
    "brand": "Cold Power",
    "price": 8.75,
    "orgPrice": 17.5,
    "categoryId": "household",
    "imagePath": "https://shop.coles.com.au/wcsstore/Coles-CAS/images/3/7/7/3774592.jpg",
    "cupPrice": "$4.38 per 1l",
    "unit": "ea",
    "packageSize": "2l",
    "barcode": [
      "9350376003886"
    ],
    "isAvailable": true
  },
  {
    "id": "c3774264p-9350376003695",
    "store": "coles",
    "name": "Profession 7 In 1 Laundry Liquid",
    "brand": "Dynamo",
    "price": 6,
    "orgPrice": 12,
    "categoryId": "household",
    "imagePath": "https://shop.coles.com.au/wcsstore/Coles-CAS/images/3/7/7/3774264.jpg",
    "cupPrice": "$6.67 per 1l",
    "unit": "ea",
    "packageSize": "900ml",
    "barcode": [
      "9350376003695"
    ],
    "isAvailable": true
  },
  {
    "id": "c8689093p-4902430345156",
    "store": "coles",
    "name": "Air Effects Thai Dragon Fruit Air Freshener",
    "brand": "Ambi Pur",
    "price": 4,
    "orgPrice": 6,
    "categoryId": "household",
    "imagePath": "https://shop.coles.com.au/wcsstore/Coles-CAS/images/8/6/8/8689093.jpg",
    "cupPrice": "$1.45 per 100g",
    "unit": "ea",
    "packageSize": "275g",
    "barcode": [
      "4902430345156"
    ],
    "isAvailable": true
  },
  {
    "id": "c7319306p-9300632072736",
    "store": "coles",
    "name": "Sunshine Fresh Fabric Conditioner",
    "brand": "Cuddly",
    "price": 4.5,
    "orgPrice": 9,
    "categoryId": "household",
    "imagePath": "https://shop.coles.com.au/wcsstore/Coles-CAS/images/7/3/1/7319306.jpg",
    "cupPrice": "$4.50 per 1l",
    "unit": "ea",
    "packageSize": "1l",
    "barcode": [
      "9300632072736"
    ],
    "isAvailable": true
  },
  {
    "id": "c3196168p",
    "store": "coles",
    "name": "Professional Capsules",
    "brand": "Dynamo",
    "price": 6.25,
    "orgPrice": 12.5,
    "categoryId": "household",
    "imagePath": "https://shop.coles.com.au/wcsstore/Coles-CAS/images/3/1/9/3196168.jpg",
    "cupPrice": "$0.39 per 1ea",
    "unit": "ea",
    "packageSize": "16 pack",
    "barcode": null,
    "isAvailable": true
  },
  {
    "id": "c3645013p-3086123566385",
    "store": "coles",
    "name": "Mega Lighters",
    "brand": "Bic",
    "price": 6,
    "orgPrice": 12,
    "categoryId": "household",
    "imagePath": "https://shop.coles.com.au/wcsstore/Coles-CAS/images/3/6/4/3645013.jpg",
    "cupPrice": "$3.00 per 1ea",
    "unit": "ea",
    "packageSize": "2 pack",
    "barcode": [
      "3086123566385"
    ],
    "isAvailable": true
  },
  {
    "id": "c3777921p-9350376003619",
    "store": "coles",
    "name": "Profession Oxi Plus Liquid",
    "brand": "Dynamo",
    "price": 6,
    "orgPrice": 12,
    "categoryId": "household",
    "imagePath": "https://shop.coles.com.au/wcsstore/Coles-CAS/images/3/7/7/3777921.jpg",
    "cupPrice": "$6.67 per 1l",
    "unit": "ea",
    "packageSize": "900ml",
    "barcode": [
      "9350376003619"
    ],
    "isAvailable": true
  },
  {
    "id": "c3774526p-9350376003947",
    "store": "coles",
    "name": "Clean & Fresh Advanced Laundry Liquid",
    "brand": "Cold Power",
    "price": 8.75,
    "orgPrice": 17.5,
    "categoryId": "household",
    "imagePath": "https://shop.coles.com.au/wcsstore/Coles-CAS/images/3/7/7/3774526.jpg",
    "cupPrice": "$4.86 per 1l",
    "unit": "ea",
    "packageSize": "1.8l",
    "barcode": [
      "9350376003947"
    ],
    "isAvailable": true
  },
  {
    "id": "c9805510p-9325005013208",
    "store": "coles",
    "name": "Super Microfibre with Telescopic Handle Mop",
    "brand": "Vileda",
    "price": 10,
    "orgPrice": 19.5,
    "categoryId": "household",
    "imagePath": "https://shop.coles.com.au/wcsstore/Coles-CAS/images/9/8/0/9805510.jpg",
    "cupPrice": "$10.00 per 1ea",
    "unit": "ea",
    "packageSize": "1 each",
    "barcode": [
      "9325005013208",
      "6923282610344"
    ],
    "isAvailable": true
  },
  {
    "id": "c3203977p",
    "store": "coles",
    "name": "Platinum Lemon Dishwashing Liquid",
    "brand": "Fairy",
    "price": 3.5,
    "orgPrice": 7,
    "categoryId": "household",
    "imagePath": "https://shop.coles.com.au/wcsstore/Coles-CAS/images/3/2/0/3203977.jpg",
    "cupPrice": "$0.56 per 100ml",
    "unit": "ea",
    "packageSize": "625ml",
    "barcode": null,
    "isAvailable": true
  },
  {
    "id": "c8162130p-4902430304757",
    "store": "coles",
    "name": "Air Effects Linen & Sky Air Freshener",
    "brand": "Ambi Pur",
    "price": 4,
    "orgPrice": 6,
    "categoryId": "household",
    "imagePath": "https://shop.coles.com.au/wcsstore/Coles-CAS/images/8/1/6/8162130.jpg",
    "cupPrice": "$1.45 per 100g",
    "unit": "ea",
    "packageSize": "275g",
    "barcode": [
      "4902430304757"
    ],
    "isAvailable": true
  },
  {
    "id": "c7665420p-9350461579128",
    "store": "coles",
    "name": "Mens Low Cut Sports Socks size 6-10",
    "brand": "Bonds",
    "price": 7,
    "orgPrice": 14,
    "categoryId": "household",
    "imagePath": "https://shop.coles.com.au/wcsstore/Coles-CAS/images/7/6/6/7665420.jpg",
    "cupPrice": "",
    "unit": "ea",
    "packageSize": "3 pack",
    "barcode": [
      "9350461579128",
      "9351950252249",
      "9354779518657",
      "9350461829544",
      "9351257794077",
      "9352762292102",
      "9354009874997",
      "9354779888941",
      "9313366849444",
      "9354009768555",
      "9354009256960",
      "9354009322160",
      "9351950629621",
      "9354009349662",
      "9351950035644",
      "9354779203263",
      "9312997179616",
      "9351950660594",
      "9352762793302",
      "9312758503902",
      "9352762229115",
      "9312997170699",
      "9310308928502",
      "9312997389633",
      "9351950133517",
      "9351257054720",
      "9351257246026",
      "9351257623827",
      "9351257431378",
      "9352762500375",
      "9312997835338",
      "9354779782522",
      "9310259600922",
      "9350461829520",
      "9312758941551",
      "9313022205492",
      "9354009195740"
    ],
    "isAvailable": true
  },
  {
    "id": "c3196667p",
    "store": "coles",
    "name": "Black Wash Laundry Liquid 1L",
    "brand": "Radiant",
    "price": 5,
    "orgPrice": 10,
    "categoryId": "household",
    "imagePath": "https://shop.coles.com.au/wcsstore/Coles-CAS/images/3/1/9/3196667.jpg",
    "cupPrice": "$5.00 per 1l",
    "unit": "ea",
    "packageSize": "1l",
    "barcode": null,
    "isAvailable": true
  },
  {
    "id": "c3414655p-9300701781033",
    "store": "coles",
    "name": "Vanilla & Soft Cashmere Essential Oils",
    "brand": "Air Wick",
    "price": 5.5,
    "orgPrice": 11,
    "categoryId": "household",
    "imagePath": "https://shop.coles.com.au/wcsstore/Coles-CAS/images/3/4/1/3414655.jpg",
    "cupPrice": "$2.62 per 10ml",
    "unit": "ea",
    "packageSize": "21ml",
    "barcode": [
      "9300701781033"
    ],
    "isAvailable": true
  },
  {
    "id": "c7790921p-9313366860203",
    "store": "coles",
    "name": "Womens Low Cut Logo Socks Assorted Size 3-8",
    "brand": "Bonds",
    "price": 7,
    "orgPrice": 14,
    "categoryId": "household",
    "imagePath": "https://shop.coles.com.au/wcsstore/Coles-CAS/images/7/7/9/7790921.jpg",
    "cupPrice": "",
    "unit": "ea",
    "packageSize": "3 pack",
    "barcode": [
      "9313366860203",
      "9351257047517",
      "9351257047531",
      "9351257382748",
      "9312997389541",
      "9352762788360",
      "9354009319269",
      "9350461645861",
      "9312997170620",
      "9354779877648",
      "9310308972307",
      "9354009349617",
      "9352762076528",
      "9313366860227",
      "9313366859863",
      "9310259442430",
      "9354009194835",
      "9351257608732",
      "9350461704377",
      "9351950685856",
      "9351257824200",
      "9312997584335",
      "9354009319283",
      "9351257254793",
      "9351257608756",
      "9354009768463",
      "9312997074119",
      "9351257608794",
      "9350461645885",
      "9354009875024",
      "9312997835345",
      "9350461335953",
      "9354779517681",
      "9310259603602",
      "9312997330789",
      "9352762253066",
      "9351950053815",
      "9351950599368",
      "9312997179562",
      "9310308933353"
    ],
    "isAvailable": true
  },
  {
    "id": "c3203933p",
    "store": "coles",
    "name": "Platinum Dishwashing Liquid Original",
    "brand": "Fairy",
    "price": 3.5,
    "orgPrice": 7,
    "categoryId": "household",
    "imagePath": "https://shop.coles.com.au/wcsstore/Coles-CAS/images/3/2/0/3203933.jpg",
    "cupPrice": "$0.56 per 100ml",
    "unit": "ea",
    "packageSize": "625ml",
    "barcode": null,
    "isAvailable": true
  },
  {
    "id": "c5215343p-9326489556229",
    "store": "coles",
    "name": "Mens Guyfront Trunks Large",
    "brand": "Bonds",
    "price": 11,
    "orgPrice": 20,
    "categoryId": "household",
    "imagePath": "https://shop.coles.com.au/wcsstore/Coles-CAS/images/5/2/1/5215343.jpg",
    "cupPrice": "",
    "unit": "ea",
    "packageSize": "1 pack",
    "barcode": [
      "9326489556229",
      "9326489675883",
      "9311497965361",
      "9351257056052",
      "9352762787134",
      "9351950494397",
      "9352762000738",
      "9354779510248",
      "9354779873015",
      "9312997342089",
      "9351257800419",
      "9351950072496",
      "9342830294336",
      "9354009329350",
      "9352762780432",
      "9312997339966",
      "9312997027917",
      "9311497965354",
      "9311497460712",
      "9352762787066",
      "9313022343729",
      "9354779530703",
      "9337367016261",
      "9352762767976",
      "9310259861927",
      "9312997186577",
      "9312997020123",
      "9312997581532",
      "9354779510217",
      "9313366909582",
      "9352762780104",
      "9354779877488",
      "9354779556574",
      "9312688848708",
      "9354779556376",
      "9310308801362",
      "9352762554163",
      "9354009767343",
      "9337367229357",
      "9354009814153",
      "9352762253882",
      "9351950017596",
      "9352762216719",
      "9354009034759",
      "9350461836771",
      "9313022343736",
      "9312993757221",
      "9351257431408",
      "9351257277938",
      "9312758955152",
      "9351257800402",
      "9354779877518",
      "9354009433774",
      "9351950664387",
      "9313366988037",
      "9354009814184",
      "9354779556543",
      "9354779872988",
      "9354779556406",
      "9351257518420",
      "9311497460811",
      "9311497460668",
      "9352762780319"
    ],
    "isAvailable": true
  },
  {
    "id": "c2458837p-9300632086078",
    "store": "coles",
    "name": "Japanese Cherry Blossom Fabric Conditioner",
    "brand": "Cuddly",
    "price": 4.5,
    "orgPrice": 9,
    "categoryId": "household",
    "imagePath": "https://shop.coles.com.au/wcsstore/Coles-CAS/images/2/4/5/2458837.jpg",
    "cupPrice": "$5.00 per 1l",
    "unit": "ea",
    "packageSize": "900ml",
    "barcode": [
      "9300632086078"
    ],
    "isAvailable": true
  },
  {
    "id": "c3774537p-9350376003978",
    "store": "coles",
    "name": "Advanced Clean & Smooth Laundry Liquid",
    "brand": "Cold Power",
    "price": 8.75,
    "orgPrice": 17.5,
    "categoryId": "household",
    "imagePath": "https://shop.coles.com.au/wcsstore/Coles-CAS/images/3/7/7/3774537.jpg",
    "cupPrice": "$4.86 per 1l",
    "unit": "ea",
    "packageSize": "1.8l",
    "barcode": [
      "9350376003978"
    ],
    "isAvailable": true
  },
  {
    "id": "c3629797p-9354779513607",
    "store": "coles",
    "name": "1089s Ladies Bikini Briefs Size 12",
    "brand": "Bonds",
    "price": 9,
    "orgPrice": 18,
    "categoryId": "household",
    "imagePath": "https://shop.coles.com.au/wcsstore/Coles-CAS/images/3/6/2/3629797.jpg",
    "cupPrice": "$4.50 per 1ea",
    "unit": "ea",
    "packageSize": "2 pack",
    "barcode": [
      "9354779513607",
      "9354779882147",
      "9312997180100",
      "9354779528274",
      "400003549146",
      "9312997180155",
      "9312997314758",
      "9312997034052",
      "9352762620226",
      "9312997314703",
      "9354779527949",
      "9352762620172"
    ],
    "isAvailable": true
  },
  {
    "id": "c3629786p-400003549139",
    "store": "coles",
    "name": "1089s Ladies Bikini Briefs Size 10",
    "brand": "Bonds",
    "price": 9,
    "orgPrice": 18,
    "categoryId": "household",
    "imagePath": "https://shop.coles.com.au/wcsstore/Coles-CAS/images/3/6/2/3629786.jpg",
    "cupPrice": "$4.50 per 1ea",
    "unit": "ea",
    "packageSize": "2 pack",
    "barcode": [
      "400003549139",
      "9354779882130",
      "9312997180094",
      "9312997180148",
      "9354779513591",
      "9354779528267",
      "9352762620219",
      "9312997034045",
      "9312997314697",
      "9352762620165",
      "9354779527932",
      "9312997314741"
    ],
    "isAvailable": true
  },
  {
    "id": "c3764817p-9351950017626",
    "store": "coles",
    "name": "Men's Guyfront Trunk Size XL",
    "brand": "Bonds",
    "price": 11,
    "orgPrice": 22,
    "categoryId": "household",
    "imagePath": "https://shop.coles.com.au/wcsstore/Coles-CAS/images/3/7/6/3764817.jpg",
    "cupPrice": "$11.00 per 1ea",
    "unit": "ea",
    "packageSize": "1 pack",
    "barcode": [
      "9351950017626",
      "9352762787097",
      "9312997314000",
      "9342830294343",
      "9312997186614",
      "9312997581563",
      "9311497966863",
      "9312997342119",
      "9312997339997"
    ],
    "isAvailable": true
  },
  {
    "id": "c3565388p-8850006930687",
    "store": "coles",
    "name": "Charcoal & Lime Fabric Conditioner",
    "brand": "Cuddly",
    "price": 4.5,
    "orgPrice": 9,
    "categoryId": "household",
    "imagePath": "https://shop.coles.com.au/wcsstore/Coles-CAS/images/3/5/6/3565388.jpg",
    "cupPrice": "$5.00 per 1l",
    "unit": "ea",
    "packageSize": "900ml",
    "barcode": [
      "8850006930687"
    ],
    "isAvailable": true
  },
  {
    "id": "c3432410p-9300701799328",
    "store": "coles",
    "name": "Vanilla & Cashmere Essential Oil Fragmatic Spray",
    "brand": "Air Wick",
    "price": 7.5,
    "orgPrice": 15,
    "categoryId": "household",
    "imagePath": "https://shop.coles.com.au/wcsstore/Coles-CAS/images/3/4/3/3432410.jpg",
    "cupPrice": "$4.31 per 100g",
    "unit": "ea",
    "packageSize": "174g",
    "barcode": [
      "9300701799328"
    ],
    "isAvailable": true
  },
  {
    "id": "c3738792p-8850006934272",
    "store": "coles",
    "name": "Wild Rose Fabric Conditioner",
    "brand": "Cuddly",
    "price": 5,
    "orgPrice": 10,
    "categoryId": "household",
    "imagePath": "https://shop.coles.com.au/wcsstore/Coles-CAS/images/3/7/3/3738792.jpg",
    "cupPrice": "$5.88 per 1l",
    "unit": "ea",
    "packageSize": "850ml",
    "barcode": [
      "8850006934272"
    ],
    "isAvailable": true
  },
  {
    "id": "c3738806p-8850006934289",
    "store": "coles",
    "name": "Ocean Wave Fabric Conditioner",
    "brand": "Cuddly",
    "price": 5,
    "orgPrice": 10,
    "categoryId": "household",
    "imagePath": "https://shop.coles.com.au/wcsstore/Coles-CAS/images/3/7/3/3738806.jpg",
    "cupPrice": "$5.88 per 1l",
    "unit": "ea",
    "packageSize": "850ml",
    "barcode": [
      "8850006934289"
    ],
    "isAvailable": true
  },
  {
    "id": "c3738817p-8850006934296",
    "store": "coles",
    "name": "Morning Sun Fabric Conditioner",
    "brand": "Cuddly",
    "price": 5,
    "orgPrice": 10,
    "categoryId": "household",
    "imagePath": "https://shop.coles.com.au/wcsstore/Coles-CAS/images/3/7/3/3738817.jpg",
    "cupPrice": "$5.88 per 1l",
    "unit": "ea",
    "packageSize": "850ml",
    "barcode": [
      "8850006934296"
    ],
    "isAvailable": true
  },
  {
    "id": "c3058969p-4902430571906",
    "store": "coles",
    "name": "Premium Clip Aqua Car Air Freshener Refill",
    "brand": "Ambi Pur",
    "price": 5,
    "orgPrice": 10,
    "categoryId": "household",
    "imagePath": "https://shop.coles.com.au/wcsstore/Coles-CAS/images/3/0/5/3058969.jpg",
    "cupPrice": "$6.67 per 10ml",
    "unit": "ea",
    "packageSize": "7.5ml",
    "barcode": [
      "4902430571906"
    ],
    "isAvailable": true
  },
  {
    "id": "c3505932p-810005410953",
    "store": "coles",
    "name": "Sensitive 80 Wipes",
    "brand": "Rascal And Friends",
    "price": 2.5,
    "orgPrice": 5,
    "categoryId": "baby",
    "imagePath": "https://shop.coles.com.au/wcsstore/Coles-CAS/images/3/5/0/3505932.jpg",
    "cupPrice": "$2.50 per 1ea",
    "unit": "ea",
    "packageSize": "1 pack",
    "barcode": [
      "810005410953"
    ],
    "isAvailable": true
  }
]